4554 6414
853 399 1083 457 HEINRICH
1106 402 1129 456 Ι.
1155 397 1226 456 930.
1819 393 1861 458 59

215 576 354 664 qualiter
376 577 508 664 quidam
530 577 644 643 fideles
667 581 780 661 nostri,
803 579 990 645 Haclrarius
1012 581 1166 646 videlicet
1188 581 1394 647 venerandus
1417 583 1592 667 episcopus
1614 605 1675 647 nec
1698 606 1763 648 non
1778 581 1863 646 Ebe-

214 682 337 747 hardus
360 691 393 746 et
414 675 627 746 Gisalbertus¹
645 683 767 766 egregii
794 685 946 767 comites,
981 695 1091 750 nostre
1121 687 1305 751 screnitatis
1334 685 1561 786 celsitudinem
1590 685 1784 750 accedentes
1807 709 1863 752 no·

215 797 316 851 stram
344 788 506 871 petierunt
534 785 743 850 clementiam
772 795 808 850 ut
836 797 1079 853 antecessorum
1108 799 1293 855 nostrorum
1318 813 1432 875 regum
1455 791 1553 854 etiam
1576 800 1609 854 et
1630 791 1863 876 imperatorum

214 899 379 976 precepta,
405 890 553 955 Lotharii
577 890 710 972 scilicet,
733 889 849 955 Karoli
872 900 971 977 atque
994 891 1171 978 Arnulphi,
1194 894 1238 959 ad
1261 894 1435 978 ecclesiam
1458 895 1491 958 in
1513 893 1715 979 Aquisgrani
1739 893 1863 980 palatio

180 993 275 1059 osub
299 994 422 1060 honore
446 1003 558 1059 sancte
582 993 634 1059 dei
657 996 824 1079 genitricis
848 1017 1038 1081 semperque
1061 998 1197 1081 virginis
1222 997 1326 1074 llarie
1355 1006 1576 1063 constructam
1605 1007 1703 1084 atque
1733 996 1863 1063 dedica·

214 1107 281 1163 tam
310 1120 469 1163 concessa
497 1107 610 1164 nostro
640 1101 869 1164 innovaremus
898 1109 1064 1185 precepto.
1103 1101 1172 1164 Nos
1194 1124 1272 1166 vero
1296 1125 1408 1167 eorum
1438 1100 1623 1167 salubribus
1646 1099 1864 1188 peticionibus

213 1202 326 1268 libenti
355 1205 464 1267 animo
494 1204 740 1268 consencientes
769 1205 922 1268 iussimus
951 1203 1013 1268 hoc
1043 1214 1153 1268 nostre
1182 1204 1438 1271 confirmationis
1466 1215 1657 1291 preceptum
1685 1205 1763 1270 inde
1788 1226 1864 1270 con·

215 1305 312 1371 scribi
335 1307 469 1371 firmiter
491 1307 722 1392 precipientes,
753 1317 914 1392 quatenus
937 1309 1105 1372 canonicis
1128 1309 1163 1372 in
1184 1309 1298 1374 eadem
1322 1307 1451 1394 capella
1474 1309 1605 1375 domino
1630 1309 1865 1374 famulantibus

213 1433 297 1477 none
319 1421 430 1497 partes
453 1419 644 1477 cunctarum
666 1434 773 1476 rerum
797 1433 859 1497 que
881 1409 1025 1475 laborari
1048 1419 1146 1496 atque
1171 1412 1306 1497 singulis
1329 1415 1424 1478 annis
1447 1414 1535 1498 exigi
1550 1413 1703 1478 videntur
1724 1415 1757 1478 in
1782 1412 1865 1478 locis

165 1525 197 1574 10
214 1513 423 1600 Aquisgrani,
448 1513 605 1598 Geminis,
634 1515 779 1597 Marsua,
802 1514 1001 1596 Vuaracbte,
1032 1514 1181 1597 Linnica,
1210 1515 1384 1600 Nuimaga,
1407 1515 1532 1600 Hasna,
1555 1514 1712 1600 Ascloha,
1740 1517 1864 1600 Bailus‚

213 1617 369 1701 Ricbcim,
392 1619 513 1701 Tectis,
538 1618 763 1705 Spirismonte,
787 1618 997 1702 Harisstalio,
1020 1618 1161 1706 Ioppila,
1184 1617 1335 1702 Astanid,
1360 1619 1532 1702 Glaniaco,
1556 1618 1742 1707 Charango,
1766 1621 1865 1686 Wac-

213 1722 362 1806 tarmala,
384 1723 570 1805 Nouauilla,
593 1723 732 1806 Tumba,
756 1720 887 1805 Coruia,
909 1721 1084 1806 Amblaua,
1101 1723 1325 1806 Wactennias,
1348 1723 1512 1808 Bullinga,
1535 1723 1752 1806 Manderuelt,
1769 1721 1865 1789 Com-

213 1827 343 1912 pendio,
366 1827 494 1911 Dura⁸,
517 1827 654 1910 Villara,
682 1825 853 1908 Ascwilra,
883 1825 1050 1910 Flattima,
1080 1828 1188 1910 Hoim,
1217 1825 1442 1910 Mofondurfl,
1472 1827 1570 1909 Bura,
1601 1827 1699 1910 Lens,
1729 1827 1864 1908 Linsan,

213 1930 358 2014 Basiolo,
381 1932 471 2014 Vrio,
495 1929 706 2018 Casapctrea,
730 1929 954 2012 Caluinciaco,
979 1929 1205 2012 Gammunias,
1235 1930 1432 2015 Longolare,
1462 1928 1652 2014 Cauiniaco,
1679 1930 1864 2014 Marslario,

164 2044 195 2092 15
214 2032 373 2117 Cloduna,
396 2033 586 2118 Ambarlao,
609 2035 767 2100 Bastonio
792 2045 825 2100 ct
850 2033 952 2100 Ortao
976 2037 1182 2119 nuncupatis,
1206 2055 1280 2098 curn
1303 2034 1382 2099 villa
1405 2035 1585 2101 Bastonica
1608 2057 1706 2121 quam
1721 2034 1865 2100 Karolus

212 2139 389 2223 imperator
411 2149 569 2224 augustus
593 2139 698 2204 cidem
720 2139 859 2204 ecclesie
881 2161 939 2224 per
962 2161 1054 2203 suam
1078 2139 1215 2223 largitus
1234 2147 1284 2204 cst
1299 2140 1539 2222 auctoritatem,
1564 2141 1716 2224 omnique
1734 2140 1865 2224 integri-

212 2250 279 2306 tate
302 2242 346 2306 ad
368 2243 505 2308 eandem
528 2242 641 2308 uillam
664 2253 697 2307 ct
719 2243 880 2329 prefatam
902 2251 1023 2308 nonam
1046 2252 1173 2327 partem
1196 2244 1258 2308 rite
1280 2245 1472 2329 pertinente,
1495 2245 1529 2308 in
1552 2266 1683 2309 annona
1704 2245 1739 2309 in
1761 2244 1864 2308 censi-

212 2345 274 2411 bus
297 2346 471 2432 pecoribus
494 2357 526 2411 et
549 2348 675 2411 cunctis
699 2347 920 2412 animantibus
944 2356 976 2410 ct
1000 2346 1150 2411 omnibus
1174 2370 1236 2432 que
1260 2346 1323 2411 dici
1347 2356 1404 2410 aut
1427 2348 1587 2412 nominari
1617 2355 1756 2432 possunt
1778 2368 1865 2412 com·

212 2448 350 2535 pendiis,
374 2451 469 2515 sicuti
492 2451 526 2515 in
548 2450 768 2536 predictorum
791 2474 904 2537 regum
929 2452 1059 2535 scriptis
1082 2459 1219 2532 tenetur,
1243 2473 1263 2514 a
1285 2449 1373 2514 nullo
1397 2472 1541 2536 unquam
1563 2450 1782 2536 inpedientur,
1806 2449 1864 2515 sed

162 2561 195 2611 2⁰
213 2555 379 2639 perpetuis
408 2554 608 2639 temporibus
631 2555 770 2640 pleniter
793 2557 839 2620 eis
862 2554 1094 2620 concedantur.
1132 2555 1177 2620 Et
1198 2564 1234 2619 ut
1257 2555 1350 2618 istius
1374 2553 1631 2618 confirmationis
1653 2563 1764 2619 nostre
1788 2575 1864 2618 auc-

212 2659 328 2722 toritas
350 2657 525 2724 firmiorem
549 2657 696 2724 obtineat
713 2661 869 2745 vigorem,
892 2683 992 2725 manu
1007 2669 1120 2725 nostra
1137 2658 1252 2724 subtus
1267 2679 1340 2724 eam
1355 2657 1557 2722 firmavimus
1573 2657 1737 2744 anuloque
1751 2667 1863 2722 nostro

213 2764 361 2848 insigniri
383 2765 547 2829 iussimus.

316 2901 452 2988 Signum
475 2901 586 2968 domni
609 2902 756 2967 Heinrici
781 2903 847 2984 (M.)
872 2902 1070 2968 serenissimi
1091 2902 1189 2987 regis.

316 3005 439 3092 Symon
461 3009 608 3072 notarius
632 3006 782 3072 advicem
804 3006 972 3072 Hiltiberti
996 3006 1251 3094 archicapellani
1273 3006 1460 3091 recognovi.

162 3147 195 3197 ²5
315 3145 405 3210 Data
427 3170 502 3210 non.
527 3147 630 3210 iunii⁶
652 3169 737 3212 anno
761 3146 995 3212 incarnationis
1015 3145 1136 3211 domini
1160 3159 1355 3226 Dccccxxx,
1379 3142 1593 3208 indictionum
1608 3159 1659 3224 111,
1682 3163 1862 3206 annovera

213 3250 350 3334 piissimi
373 3249 518 3314 Heinrici
541 3251 628 3335 regis
651 3267 690 3332 x3
717 3259 825 3314 actum
849 3250 1049 3336 Aquisgrani
1073 3249 1204 3334 palatii3
1227 3249 1260 3314 in
1283 3247 1336 3312 dei
1359 3247 1489 3313 nomine
1511 3246 1649 3313 feliciter
1671 3268 1776 3311 amen.

1007 3507 1068 3584 24.

212 3665 386 3743 Heinrich
402 3664 542 3743 scltculct
559 3665 639 3740 dein
656 3665 798 3740 Klostct·
816 3661 853 3742 S.
874 3665 1056 3740 Macimin
1075 3665 1131 3738 bei
1153 3663 1257 3738 fluor
1275 3665 1354 3738 cine
1370 3663 1522 3762 Kapellc
1539 3663 1620 3737 aad
1635 3663 1722 3738 zwci
1738 3661 1865 3762 Hufca

213 3790 253 3862 in
271 3789 534 3888 Diadeutoseo.
1460 3823 1557 3883 araon
1579 3826 1642 3884 oso
1666 3821 1747 3884 aaut
1769 3824 1820 3882 30.

163 4031 196 4078 30
314 4017 437 4076 Browcr
458 4014 530 4074 Atat.
550 4015 662 4075 Treuir.
686 4015 730 4074 cd.
750 4021 774 4086 1,
799 4017 862 4076 553
884 4015 958 4089 neq.
981 4031 1022 4072 aa
1044 4016 1106 4074 934
1131 4037 1170 4066 =
1195 4015 1238 4072 cd.
1260 4022 1301 4085 ll,
1326 4015 1398 4072 451.
1425 4044 1462 4056 —
1488 4011 1792 4084 miraeus-mapsa
1810 4009 1864 4083 op.

313 4119 601 4192 assenseris.
627 4117 690 4198 (A).
717 4152 754 4162 -
785 4119 916 4178 Bblzmcr
936 4118 1010 4191 Rea.
1035 4119 1085 4178 54.
1112 4149 1149 4161 -
1180 4117 1309 4191 Stauuif
1327 4119 1398 4189 nea
1422 4121 1474 4176 27.
1501 4149 1539 4158 -
1567 4115 1647 4175 θῦνε
1670 4113 1863 4173 Mittelrlieia.

314 4225 386 4300 Req.
410 4229 482 4284 880.

314 4363 488 4434 Mehrsaclaec
502 4362 681 4436 Dcatauqcu
703 4361 752 4422 des
772 4361 964 4422 Onusam-eas
987 4358 1064 4419 Alite·
1086 4359 1262 4418 acraeirlmet
1286 4359 1384 4418 Waltz
1406 4357 1511 4418 Jahrb.
1530 4357 1569 4416 H.
1590 4362 1614 4415 1.
1632 4361 1705 4416 141.
1741 4355 1869 4429 Stampf

313 4469 419 4524 airramt
442 4485 483 4525 aa
504 4465 612 4537 Alista,
636 4465 664 4524 d.
681 4467 709 4525 b.
733 4466 787 4525 das
809 4464 1018 4524 adriaticurm
1034 4465 1204 4536 Nimiucpcu
1224 4462 1359 4536 petraeae
1373 4460 1452 4519 Elst.
1487 4460 1592 4518 Iudam
1614 4461 1674 4518 sich
1698 4461 1740 4516 itu
1754 4459 1866 4517 Besirl·

181 4585 192 4598 ·
314 4588 369 4628 coos
391 4569 459 4629 Elst
481 4570 557 4629 auch
578 4570 627 4628 cia
645 4568 697 4629 Ort
721 4568 794 4640 Eut,
811 4570 886 4642 jetat
909 4567 1016 4639 Eidem,
1040 4566 1219 4625 urkuudlirlt
1241 4566 1423 4624 mrclrrrciscn
1445 4565 1531 4635 litsst,
1564 4565 1657 4622 leuben
1679 4564 1734 4621 wir
1755 4562 1865 4620 diescat

316 4674 372 4733 cleu
392 4675 507 4748 Voraup
528 4677 662 4749 yepebcn.

418 4861 464 4926 In-
480 4863 610 4928 nomine
634 4871 768 4928 sanctae
791 4869 824 4925 et
846 4858 1036 4924 individuae
1046 4858 1222 4936 ‚trinitatis
1260 4855 1436 4921 Heinricus
1460 4855 1571 4920 divina
1597 4854 1729 4919 favente
1758 4852 1865 4938 gratia

212 4985 281 5028 rex.
368 4966 528 5031 Noverint
551 4987 664 5032 omnes
686 4964 801 5029 fideles
823 4963 926 5028 nostri
949 4971 1139 5048 praesentes
1163 4959 1289 5026 scilicet
1311 4968 1343 5024 et
1366 4959 1482 5041 fiituri,
1506 4959 1583 5045 quia
1605 4980 1665 5022 nos
1687 4979 1747 5043 per
1768 4957 1865 5020 inter·

212 5077 345 5133 ventum
360 5068 563 5134 Mahthildac
587 5069 726 5134 dilectae
749 5068 897 5153 coniugis
915 5075 1048 5132 nostrae
1063 5066 1107 5130 ad
1123 5064 1316 5130 coenobium
1333 5063 1437 5126 sancti
1453 5062 1626 5126 Maximini
1644 5069 1865 5126 extramuros

161 5188 195 5236 40
213 5173 364 5238 Treveris
393 5175 536 5239 civitatis
565 5182 788 5240 constructum
818 5171 983 5259 quandam
1012 5173 1114 5236 nostri
1138 5171 1261 5257 proprii
1285 5168 1363 5232 iuris
1386 5165 1548 5251 capellam
1571 5175 1605 5230 ct
1626 5165 1710 5230 duos
1731 5184 1865 5229 mansos

213 5300 295 5363 quos
309 5277 429 5343 Mertin
445 5287 478 5342 et
493 5276 653 5342 Scazciho
669 5276 839 5363 possident
854 5299 894 5341 ac
910 5275 1115 5362 persolvunt,
1138 5296 1204 5339 una
1226 5294 1302 5336 cum
1325 5271 1508 5355 semetipsis
1531 5268 1746 5354 omnibusque
1768 5266 1865 5332 rebus

212 5381 256 5446 ad
278 5380 417 5446 eandem
439 5381 601 5468 capellam
624 5391 657 5446 et
680 5381 847 5468 praefatos
869 5403 1004 5446 mansos
1026 5382 1087 5445 rite
1110 5389 1142 5445 et
1164 5374 1401 5443 rationabiliter
1423 5371 1671 5459 pertinentibus,
1694 5370 1864 5437 curtilibus
1929 5463 1938 5480 ·

313 5569 355 5623 23.
383 5570 491 5639 [Siclrel]
596 5573 621 5633 a)
642 5572 726 5622 Duira
744 5572 771 5622 B
872 5571 900 5634 b)
919 5571 1077 5637 Molendurp
1095 5568 1122 5619 B
1231 5571 1254 5629 c)
1274 5569 1303 5617 in
1326 5564 1349 5616 A
1371 5566 1404 5614 ut
1428 5564 1476 5613 dua
1498 5567 1579 5612 zucra!
1600 5562 1778 5625 peaclrrbbcuc
1802 5559 1864 5610 lUL

383 5641 464 5705 aosort
481 5640 617 5691 ocrbcracrt
634 5642 663 5689 iu
681 5641 785 5706 lUN113
803 5639 925 5692 trutzdeut
942 5641 987 5692 bat
1004 5641 1052 5691 der
1071 5637 1206 5690 Sabi-ciba·
1223 5653 1272 5688 oon
1290 5635 1324 5695 B,
1343 5634 1390 5685 aar
1408 5630 1620 5682 wahrscltcialich
1638 5649 1689 5682 aar
1705 5631 1729 5683 A
1746 5630 1787 5680 ala
1803 5627 1864 5680 Vor-

162 5710 194 5757 tu
383 5709 440 5774 iope
457 5710 554 5760 deuicta!
573 5709 626 5770 bat,
644 5711 701 5761 iulii
717 5709 888 5775 peacbrfcbeu.

1622 5791 1659 5846 8*
