4538 6436
416 419 480 484 540
1014 423 1464 483 KAISERURKUNDEN.

523 611 586 670 aad
601 611 722 668 Madaro
736 559 844 668 dadon
866 610 926 667 wilt
950 607 993 688 (so
1015 608 1092 666 auct
1113 608 1221 666 Menke
1237 608 1320 667 Vorr.
1338 605 1402 685 41),
1427 595 1618 678 enticheidaa,
1643 607 1683 665 do
1704 607 1853 666 bocbsteas
1877 607 1951 666 Baut
1974 606 2073 666 hond-

521 713 686 784 schriftttch
715 711 887 782 abortisset
915 714 955 770 ist
982 711 1046 769 arad
1074 710 1114 768 da
1142 711 1190 768 die
1211 710 1319 769 Lesart
1342 710 1394 770 der
1414 711 1487 768 awai
1509 709 1623 768 eadm
1647 707 1757 781 Goploa
1786 709 1871 769 Bonii
1900 709 1985 767 teicbt
2013 726 2074 768 aus

522 815 629 874 Buuini
658 815 805 872 cntstetea
834 815 949 883 tonate,
968 813 1099 874 sociates
1128 814 1194 872 dem
1220 815 1357 887 beatipcn
1380 813 1493 872 Bootno
1518 811 1552 890 (s.
1576 811 1735 871 Datotmlcr
1756 813 1863 872 Jatro.
1889 811 1921 872 0.
1943 822 1967 872 l.
1992 813 2072 889 473)

522 918 689 992 eratspricht.
755 957 770 974 ,

623 1139 662 1202 ln
691 1140 822 1203 nomine
852 1149 963 1204 sancte
995 1147 1027 1202 et
1056 1136 1223 1202 individue
1254 1139 1419 1203 trinitatis.
1471 1137 1549 1202 Otto
1582 1137 1694 1202 divina
1726 1138 1857 1201 favente
1886 1137 2107 1202 clemenciae

420 1241 679 1325 (Romanorum)
696 1243 883 1330 imperator.
971 1241 1094 1306 Notum
1117 1237 1364 1322 essevolumus,
1389 1240 1478 1327 quod
1500 1263 1560 1326 pro
1584 1242 1691 1306 anime
1715 1263 1772 1304 sue
1795 1240 1938 1306 remedio
1954 1239 2071 1306 Wich·

416 1367 555 1408 mannus
579 1366 689 1408 comes
712 1346 745 1408 in
769 1344 901 1410 domino
926 1343 1032 1408 fidelis
1061 1354 1172 1409 nostre
1200 1343 1361 1429 imperiali
1392 1347 1556 1409 maiestati
1587 1343 1798 1429 supplicavit,
1832 1343 1878 1426 [ut
1906 1343 2072 1429 quasdam

418 1469 475 1511 sue
503 1446 692 1512 hereditatis
720 1446 809 1530 res]⁵
836 1469 894 1532 per
916 1449 1019 1512 nostri
1041 1450 1187 1533 precepti
1211 1450 1366 1532 paginam
1389 1447 1433 1513 ad
1455 1447 1627 1513 ecclesiam
1650 1447 1862 1512 inhonorem
1884 1446 2071 1512 Salvatoris

418 1561 451 1616 et
473 1554 578 1616 sancti
601 1551 669 1616 Viti
692 1554 833 1616 martiris
857 1560 1084 1616 consecratam
1106 1552 1140 1615 in
1162 1561 1271 1616 monte
1295 1553 1349 1636 qui
1373 1551 1492 1616 dicitu'r
1514 1550 1627 1616 Altina
1649 1561 1871 1617 constructam
1894 1559 1925 1615 et
1949 1552 2072 1615 sancti·

418 1655 616 1722 monialibus
639 1657 672 1720 in
695 1655 810 1719 eodem
832 1655 906 1720 loco
930 1655 1019 1720 deo⁸
1047 1654 1165 1720 devote
1190 1655 1426 1720 famulantibus
1449 1655 1630 1720 concedere
1653 1665 1750 1742 atque
1774 1654 1896 1719 donare
1920 1654 2125 1739 dignare-10

418 1783 500 1824 mur.
546 1759 647 1825 Cuius
678 1760 830 1845 peticioni
860 1769 994 1844 propter
1024 1758 1171 1823 divinum
1205 1781 1350 1824 amorem
1383 1781 1554 1824 assensum
1589 1756 1788 1844 prebentesb
1818 1758 1861 1823 ad
1895 1757 2072 1822 ecclesiam

420 1861 602 1927 Salvatoris
631 1871 664 1925 et
693 1867 797 1926 sancti
820 1863 888 1928 Viti
917 1863 1059 1926 martiris
1086 1861 1120 1924 in
1148 1860 1296 1946 predicto
1327 1871 1437 1925 monte
1460 1861 1622 1927 Altinensi
1650 1872 1871 1927 constructam
1894 1871 1927 1926 et
1949 1863 2071 1925 sancti-

420 1965 617 2030 monialibus
647 1967 681 2029 in
711 1964 826 2030 eodem
855 1964 928 2030 loco
959 1963 1020 2029 deo
1050 1963 1283 2029 famulantibus
1317 1965 1423 2049 ipsam
1456 1965 1671 2031 hereditatem
1702 1989 1801 2052 quam
1829 1964 2071 2030 Wichmannus

420 2091 530 2133 comes
554 2070 633 2154 ipsis
664 2068 814 2150 donavit,
845 2090 902 2153 per
925 2070 1080 2154 paginam
1102 2071 1206 2132 nostri
1229 2070 1373 2153 precepti
1398 2069 1608 2134 concedimus
1631 2081 1728 2156 atque
1753 2071 1927 2151 donamus,
1962 2068 2071 2132 idest

420 2181 544 2237 curtem
567 2171 713 2236 Hcltnon
736 2181 768 2234 et
789 2172 947 2236 Fornon⁰
970 2183 1002 2236 et
1019 2170 1244 2238 Voirthusen‘¹
1266 2183 1298 2238 et
1321 2173 1480 2238 Embrick
1503 2185 1535 2239 et
1558 2176 1700 2240 Hamma
1723 2184 1755 2238 et
1778 2173 2013 2240 Liemerschae
2038 2183 2071 2238 et
2091 2193 2122 2238 15

420 2275 597 2360 Rynharen
628 2285 660 2338 et
689 2273 935 2360 Redincghem¹
962 2285 994 2339 et
1022 2277 1186 2361 Bingartg
1215 2287 1247 2341 et
1276 2275 1404 2342 (ireseh
1433 2286 1466 2342 et
1493 2275 1631 2362 Hostai,
1666 2275 1852 2354 Thuuinak,
1887 2276 2040 2342 Liendna
2052 2275 2070 2358 ¹,

420 2378 535 2464 Leyla,
559 2380 686 2444 Ternas
699 2389 728 2462 ¹¹¹,
751 2379 859 2459 Thuli,
882 2378 1080 2443 Nasnacheli
1093 2389 1106 2416 ¹²
1129 2389 1161 2444 et
1179 2401 1381 2464 quecumque
1403 2383 1437 2445 in
1458 2380 1521 2445 biis
1543 2392 1682 2466 quatuor
1701 2380 1919 2462 comitatibus,
1943 2378 2072 2444 scilicet

421 2485 577 2550 Hunesca
588 2494 609 2566 ⁰,
633 2483 770 2568 Fivelga
782 2495 805 2568 Ρ,
830 2484 965 2548 Merime
977 2494 999 2565 (¹,
1023 2484 1165 2569 Midage,
1189 2485 1354 2570 predictus
1372 2507 1481 2550 comes
1498 2483 1736 2550 Wichmannus
1758 2482 1880 2548 habere
1897 2482 2072 2547 videbatur

422 2589 490 2652 sive
513 2610 532 2651 a
555 2588 650 2653 nobis
673 2588 719 2652 illi
744 2587 854 2652 datum
877 2588 1001 2670 fuisset,
1026 2596 1057 2652 et
1081 2591 1190 2653 omnia
1213 2611 1276 2674 que
1299 2588 1454 2674 predictis
1471 2588 1622 2653 videntur
1637 2591 1797 2673 pertinere
1813 2587 1970 2669 curtibus,
1994 2609 2071 2650 cum

422 2693 569 2757 ecclesiis
597 2690 733 2756 edificiis
762 2692 933 2776 mancipiis
961 2694 1055 2756 terris
1086 2691 1182 2756 cultis
1211 2701 1243 2755 et
1270 2692 1400 2756 incultis
1430 2693 1517 2775 agris
1546 2691 1672 2777 campis
1695 2694 1827 2778 pascuis
1850 2693 1952 2778 pratis
1977 2689 2070 2755 silvis
2089 2709 2122 2755 20

421 2797 515 2882 aquis
544 2805 789 2882 aquarumquer
817 2794 1008 2861 decursibus
1036 2794 1229 2860 molendinis
1253 2794 1579 2882 molendinorumque
1601 2795 1683 2859 locis
1706 2795 1948 2880 piscacionibus
1971 2817 2070 2858 vena-

421 2899 571 2964 cionibus
594 2901 727 2984 quesitis
750 2909 782 2964 et
803 2898 1005 2985 inquirendis
1028 2900 1090 2963 viis
1113 2907 1145 2963 et
1167 2899 1264 2962 inviis
1288 2898 1431 2962 exitibus
1454 2908 1486 2962 et
1508 2897 1688 2963 redditibus
1712 2896 1886 2962 mobilibus
1906 2907 1938 2961 ct
1956 2898 2071 2961 immo—

422 3003 543 3068 bilibus
567 3001 664 3068 rebus
688 3003 903 3089 omnibusque
926 3004 1135 3088 pertinenciis
1157 3010 1190 3066 et
1212 3000 1410 3066 adiacenciis
1434 3024 1497 3087 que
1520 3001 1584 3066 dici
1600 3002 1651 3066 vel
1670 3003 1832 3066 nominari
1848 3012 1987 3086 possunt
2001 3002 2071 3064 iure

421 3107 629 3191 legitimeque
652 3106 898 3191 pertinentibus,
923 3115 958 3170 ut
973 3107 1040 3170 iam
1055 3105 1268 3190 prediximus,
1291 3104 1335 3169 ad
1352 3103 1516 3189 prefatam
1531 3104 1705 3169 ecclesiam
1718 3103 1900 3169 Salvatoris
1916 3113 1949 3168 et
1965 3105 2072 3168 sancti

421 3211 489 3275 Viti
512 3211 656 3274 martiris
679 3211 712 3273 in
735 3208 881 3293 predicto
901 3217 1011 3272 monte
1026 3207 1189 3273 Altinensi
1212 3207 1397 3274 edificatam
1420 3219 1452 3272 et
1475 3207 1777 3274 sanctimonialibus
1800 3211 1833 3273 in
1857 3207 1973 3273 eodem
1995 3207 2071 3273 loco
2090 3225 2121 3272 25

423 3313 483 3378 deo
508 3311 717 3378 devotissime
741 3311 991 3394 famulantibus,
1026 3303 1186 3396 quatenus
1209 3310 1325 3376 melius
1353 3311 1426 3375 illas
1451 3311 1589 3377 delectet
1613 3314 1699 3377 omni
1724 3324 1868 3398 tempore
1892 3335 1950 3398 pro
1974 3312 2071 3376 nobis

423 3427 520 3504 atque
543 3416 722 3482 stabilitate
744 3417 836 3498 regni
858 3415 961 3480 nostri
984 3414 1242 3480 misericordiam
1265 3413 1388 3479 domini
1412 3417 1572 3480 attencius
1596 3439 1744 3481 exorare.
1789 3417 1833 3480 Et
1853 3425 1889 3481 ut
1910 3416 1971 3480 hec
1995 3438 2071 3481 aue-

424 3524 539 3586 toritas
562 3523 783 3585 concessionis
805 3529 918 3585 nostre
941 3528 1040 3606 atque
1064 3519 1257 3590 donacionis
1279 3519 1402 3584 firmior
1423 3518 1583 3584 habeatur
1605 3529 1638 3582 et
1661 3542 1719 3603 per
1741 3520 1849 3584 futura
1873 3527 2022 3602 tempora
2051 3539 2073 3580 a

424 3625 550 3687 cunctis
579 3622 730 3688 fidelibus
761 3631 874 3686 sancte
904 3621 956 3685 dei
985 3622 1122 3686 ecclesie
1150 3624 1336 3708 nostrisque
1368 3622 1572 3708 presentibus
1596 3633 1628 3686 et
1650 3623 1766 3687 futuris
1788 3623 1896 3686 verius
1919 3620 2073 3686 credatur

424 3737 522 3813 atque
545 3726 736 3810 diligencius
760 3735 980 3807 conservetur,
1005 3748 1102 3791 manu
1125 3728 1258 3811 propria
1281 3726 1466 3811 subscripta
1484 3747 1557 3790 eam
1575 3727 1777 3791 firmavimus
1793 3737 1825 3790 et
1840 3724 1950 3790 annuli
1966 3727 2074 3790 nostri
2090 3743 2122 3790 so

424 3832 637 3915 impressione
661 3829 783 3913 signari
806 3830 969 3895 iussimus.

528 3985 663 4070 Signum
687 3984 797 4049 domni
821 3981 954 4049 Ottonis
977 3985 1087 4068 magni
1110 3995 1142 4048 et
1164 3985 1370 4052 invictissimi
1392 3987 1599 4072 imperatoris
1623 3987 1762 4070 augusti.

527 4107 712 4192 Lutgerus⁸
741 4105 954 4172 cancellarius
983 4105 1134 4172 advicem
1155 4107 1290 4192 Ropcrti
1313 4108 1552 4194 archiepiscopi
1575 4119 1608 4174 et
1630 4107 1813 4194 capellanit
1839 4109 2017 4192 recognovi
2040 4118 2073 4172 et

425 4211 614 4299 subscripsi.

527 4367 616 4432 Data
645 4368 744 4432 tercio
774 4388 879 4432 nonas
909 4367 1036 4451 augusti
1065 4389 1151 4432 anno
1182 4365 1343 4431 dominice
1372 4367 1613 4431 incarnacionis
1635 4368 1916 4452 noningentesimo
1941 4375 2070 4453 septua-
2089 4393 2119 4441 35

424 4475 558 4556 gesim0,
582 4470 758 4536 indictione
781 4474 882 4535 tercia
905 4471 1043 4552 decima,
1068 4493 1153 4535 anno
1177 4471 1268 4554 regni
1292 4472 1490 4535 serenissimi
1512 4472 1597 4555 regis
1614 4468 1744 4536 Ottonis
1762 4471 1926 4536 tricesimo
1947 4471 2070 4556 quinto,

424 4577 551 4663 imperii
573 4599 651 4642 vero
676 4578 725 4640 sui
748 4598 853 4658 nono;
876 4585 986 4640 actum
1008 4577 1042 4638 in
1057 4573 1186 4660 Apulea
1197 4585 1211 4612 ¹¹
1234 4574 1277 4639 ad
1300 4577 1548 4660 civitatemque
1572 4574 1691 4640 dicitur
1705 4575 1824 4640 Buuini
1837 4584 1866 4659 ’ς
1890 4577 1924 4639 in
1940 4577 2071 4640 nomine

424 4681 548 4746 domini
570 4683 672 4746 nostri
695 4680 771 4745 Iesu
794 4677 914 4744 Christi
938 4701 1043 4743 amen.

511 4886 569 4940 m
597 4884 727 5019 illidii&
746 4884 951 5020 Vollhbglildnndl
962 4883 1060 5020 ABOe)
1074 4885 1333 5019 Lyeppepsrcqppqpus
1352 4885 1817 5022 {fssediugcgnlhqlthepdiqthgffloe
1838 4886 1861 4938 O
1866 4957 1893 5022 g)
1904 4889 2015 5023 Rbrglarkt
2022 4895 2075 5007 οὲῐθ
2088 4959 2121 5006 40

597 5023 625 5088 h)
645 5025 723 5074 Grest
747 5023 773 5073 B
876 5023 895 5088 i)
915 5023 1000 5073 Hosla
1021 5022 1058 5086 A,
1090 5025 1169 5074 Hofla
1193 5024 1229 5087 Β,
1260 5025 1351 5075 Hoffia
1373 5023 1396 5078 0
1497 5025 1525 5084 k)
1545 5026 1666 5098 Thumna
1691 5023 1768 5075 Alio
1868 5025 1886 5088 l)
1907 5026 2020 5076 Liendla
2036 5026 2071 5084 Β,

597 5093 709 5144 Liendle
725 5095 747 5143 0
824 5094 859 5157 m)
879 5093 979 5142 Torvcs
992 5091 1054 5142 oder
1066 5092 1199 5144 TorresO
1277 5093 1304 5160 n)
1321 5093 1467 5159 Nasnageli
1479 5094 1513 5156 Β,
1532 5093 1741 5144 NestnacheltO
1825 5095 1851 5158 o]
1870 5095 2000 5145 Hernesta
2013 5095 2070 5155 AB,

596 5159 768 5212 HernessaO
851 5163 878 5226 p)
897 5161 1026 5226 Famelga
1043 5161 1101 5224 AB,
1120 5161 1286 5228 FomelgaO
1368 5164 1396 5228 q)
1415 5163 1616 5214 Merimemirme
1634 5163 1693 5224 ΑΒ,
1711 5164 1913 5214 Mermotveriue
1926 5163 1953 5225 0,
1972 5165 2071 5214 Merme

596 5231 651 5282 aad
668 5233 768 5281 Marma
787 5231 836 5281 AB
854 5233 883 5279 fn
900 5229 950 5279 dara
970 5229 1180 5282 Nucbarkundcn
1199 5230 1562 5296 ScampsRcy.1100,3aaa,
1582 5230 1691 5281 wcabulb
1709 5234 1758 5280 wir
1776 5232 1838 5282 oben
1856 5233 1965 5282 Merime
1980 5238 2071 5298 perata

597 5299 692 5360 babos,
716 5300 752 5351 da
774 5317 823 5349 una
840 5300 883 5350 dia
900 5297 986 5348 diadar
1002 5315 1052 5349 coa
1069 5299 1215 5351 momblct
1232 5318 1257 5350 a.
1276 5319 1301 5350 o.
1318 5301 1547 5366 arymathyam
1565 5301 1770 5352 Emendationan
1786 5301 1857 5351 nieht
1874 5301 2015 5367 subaffend
2032 5317 2070 5352 ar·
2087 5301 2119 5350 to

595 5368 715 5418 scidam
818 5373 840 5432 r]
860 5369 893 5429 B,
917 5383 1045 5433 aquarum
1064 5368 1114 5421 Ao
1212 5371 1235 5432 s)
1257 5368 1284 5434 0,
1308 5371 1428 5436 Lugerus
1445 5370 1497 5421 ΑΒ
1599 5369 1619 5435 t)
1639 5373 1757 5436 episcopi
1775 5369 1981 5436 archicapellani
1999 5369 2076 5422 Aac

596 5441 624 5498 u)
643 5439 741 5503 Apulia
762 5435 785 5488 0
883 5439 910 5502 v)
927 5438 1007 5487 Bunii
1026 5436 1083 5502 AB,
1102 5438 1171 5488 Beut
1188 5441 1234 5488 mit
1250 5437 1462 5504 nocbsolpcndam
1482 5437 1624 5491 Sclab'rloal
1642 5439 1704 5490 oder
1722 5439 1989 5505 Abkdnanpneicbaa
2010 5439 2036 5491 0.
