4560 6426
877 415 1072 474 KONRAD
1095 418 1119 473 1.
1144 413 1216 472 915.

1019 598 1090 674 as.

223 753 382 826 Koarad
405 752 545 827 scheal't
570 753 649 826 dem
677 753 819 828 Kloster
845 753 1025 853 Weilbaap
1050 755 1172 828 sclarea
1200 754 1285 853 Hos
1304 756 1464 828 Nassaa.

1394 879 1546 957 Weilbara
1569 883 1631 940 915
1654 881 1775 956 Aapast
1798 884 1828 942 9.

324 1065 464 1127 Olrartal.
486 1066 626 1126 Worarat.
650 1084 709 1126 aas
733 1066 787 1124 der
809 1067 897 1126 Mitte
919 1066 972 1126 des
995 1068 1047 1127 12.
1070 1067 1125 1128 Jb.
1152 1069 1174 1139 s.
1199 1069 1241 1126 18
1262 1068 1297 1126 ia
1320 1067 1375 1127 der
1397 1070 1425 1128 k.
1449 1068 1528 1128 Bibl.
1551 1087 1593 1128 aa
1615 1071 1782 1129 Haaaaacr
1805 1069 1870 1149 (C).

325 1207 409 1282 ora.
429 1204 530 1278 euers.
555 1167 589 1277 ιζ
610 1208 673 1265 275
696 1222 755 1265 aas
780 1204 805 1266 c
826 1228 866 1258 =
889 1206 1019 1265 aromo·
1036 1206 1120 1280 aaa.
1136 1205 1229 1265 aaa.
1254 1209 1284 1277 2,
1310 1208 1351 1267 aa
1373 1214 1408 1266 a
1430 1210 1481 1279 35,
1506 1231 1546 1262 =
1571 1208 1701 1267 aalma
1724 1209 1760 1269 Α.
1778 1207 1870 1271 coar.

323 1313 365 1372 28
387 1315 422 1368 a⁰
445 1312 497 1370 26.
520 1343 562 1353 -
585 1309 715 1368 Bdhmcr
737 1311 812 1386 Rep.
836 1310 913 1383 Imp.
937 1312 978 1371 25
1016 1311 1092 1385 Rea.
1116 1310 1193 1368 Kar.
1218 1313 1312 1371 1257.

322 1450 437 1510 Dictr'rt
458 1465 517 1507 roa
539 1448 598 1510 SA.

425 1636 463 1699 In
485 1636 615 1700 nomine
640 1645 751 1720 sancta
775 1647 807 1700 et
830 1635 995 1720 individue
1019 1637 1182 1700 trinitatis,
1214 1634 1409 1703 Chunradus
1425 1637 1536 1703 divina
1553 1639 1683 1703 favente
1699 1640 1872 1704 clementia

218 1764 286 1806 rex.
373 1741 510 1806 Noverit
533 1741 675 1805 omnium
697 1740 841 1805 fidelium
865 1749 1049 1805 nostrorum
1072 1742 1270 1824 presentium
1294 1740 1419 1805 scilicet
1441 1751 1473 1805 et
1495 1742 1677 1807 futurorum
1700 1742 1871 1824 industria,

170 1845 358 1930 loqualiter
380 1867 440 1910 nos
465 1843 506 1908 ob
530 1866 675 1908 amorem
699 1843 820 1908 domini
843 1847 946 1909 nostri
975 1845 1050 1909 Iesu
1078 1843 1198 1909 Christi
1227 1868 1266 1909 ac
1295 1868 1354 1930 pro
1385 1847 1528 1910 remedio
1555 1848 1662 1931 animq
1690 1857 1800 1931 nostre
1828 1847 1872 1911 ad

218 1948 483 2014 monasteriolum
507 1948 595 2034 quod
618 1948 702 2012 infra
723 1971 834 2013 muros
863 1950 1006 2012 civitatis
1029 1948 1238 2035 Wilinaburg
1265 1959 1487 2015 constructrmr
1517 1961 1615 2036 atquc
1643 1963 1871 2015 consecratum

217 2061 268 2115 cst
295 2053 329 2116 in
356 2051 511 2116 honorem
542 2062 654 2136 saneto
683 2052 734 2116 dei
764 2054 930 2136 genitricis
958 2061 990 2116 et
1019 2062 1130 2136 sancte
1158 2053 1352 2139 Waltburge
1381 2057 1533 2139 virginis,
1568 2066 1691 2120 curtem
1724 2067 1871 2122 nostram

217 2156 377 2220 Nassowa
399 2157 600 2220 nominatam
624 2179 698 2220 cum
722 2156 872 2220 omnibus
895 2155 992 2220 rebus
1016 2158 1143 2241 magnis
1166 2167 1198 2220 et
1221 2160 1332 2242 parvis
1356 2161 1389 2223 in
1415 2169 1553 2245 utroquo
1582 2161 1700 2234 litore*
1729 2161 1870 2225 fluminis

217 2260 351 2344 Legenc
379 2261 412 2322 in
442 2259 570 2324 dnobus
600 2258 664 2323 illis
692 2259 901 2324 comitatibus
933 2259 1143 2345 sconenberg
1166 2269 1198 2324 ot
1221 2260 1364 2326 Maruels
1393 2265 1476 2326 iuste
1499 2262 1706 2349 legitimeque
1730 2264 1773 2328 ad
1796 2287 1870 2329 ean-

168 2383 200 2429 15
219 2362 294 2427 dem
316 2370 439 2426 curtem
461 2362 707 2447 pertinentibus,
731 2385 805 2426 cum
828 2362 998 2427 curtilibus
1021 2362 1158 2446 edificiis
1174 2366 1347 2450 mancipiis
1363 2368 1531 2453 utriusque
1548 2391 1647 2432 sexus
1663 2369 1757 2432 terris
1773 2368 1870 2432 cultis

217 2475 250 2530 et
272 2465 403 2530 incultis
426 2468 514 2550 agris
537 2468 640 2551 pratis
664 2467 789 2550 campis
813 2466 904 2529 silvis
927 2468 1059 2551 pascuis
1082 2463 1177 2552 aquis
1199 2490 1423 2554 aquarumque
1440 2469 1631 2534 decursibus
1647 2472 1710 2535 viis
1726 2483 1758 2536 et
1774 2474 1870 2536 inviis

216 2569 359 2633 exitibus
383 2579 415 2634 ct
438 2570 595 2634 reditibus
619 2571 753 2655 quesitis
777 2579 808 2633 ct
831 2570 1032 2654 inquirendis
1054 2569 1250 2635 molendinis
1273 2574 1453 2658 ceterisque
1477 2572 1627 2637 omnibus
1651 2596 1712 2659 qne
1737 2575 1800 2639 dici
1816 2575 1870 2639 vel

217 2673 314 2736 scribi
339 2683 485 2758 possunt,
509 2675 541 2737 in
565 2675 798 2758 proprietatem
821 2672 1025 2737 donavimus.
1064 2673 1203 2738 Proinde
1226 2698 1303 2760 crgo
1327 2677 1479 2739 iussimus
1502 2674 1564 2739 hoc
1587 2677 1657 2740 fieri
1680 2689 1868 2763 preceptum

215 2799 274 2861 per
297 2777 385 2863 quod
406 2777 557 2843 volumus
580 2779 777 2862 firmiterque
801 2777 959 2858 iubemus,
984 2787 1144 2862 quatenus
1168 2777 1213 2842 illi
1236 2780 1345 2843 clerici
1369 2789 1401 2843 ct
1425 2781 1606 2844 confratres
1629 2783 1683 2865 qui
1703 2783 1735 2845 in
1754 2781 1869 2846 eodem

164 2892 198 2938 20
216 2883 414 2946 monasterio
439 2881 500 2946 deo
526 2884 712 2967 sanctisque
736 2884 805 2945 eius
829 2881 881 2945 die
900 2891 1062 2967 noctuque
1080 2883 1233 2964 servium,
1257 2883 1299 2948 ab
1323 2883 1480 2948 hodierna
1503 2884 1556 2948 die
1580 2894 1611 2948 ct
1633 2885 1787 2968 deinceps
1807 2886 1868 2949 sibi

215 2985 258 3049 ad
281 2987 434 3050 vestitum
457 2997 490 3050 et
511 2988 635 3052 victum
657 2987 745 3051 nullo
768 2986 1012 3051 contradicente
1036 2995 1159 3051 curtem
1183 2987 1273 3052 illam
1295 2989 1492 3072 potestative
1516 2996 1658 3050 teneant.
1683 2988 1726 3051 Et
1748 2998 1784 3051 ut
1806 2988 1868 3052 hoc

216 3098 404 3174 preceptum
436 3091 563 3156 tinnum
593 3089 773 3175 stabileque
805 3099 1010 3174 permaneat,
1045 3113 1142 3155 mann
1177 3101 1290 3155 nostra
1321 3090 1435 3155 subtus
1468 3092 1670 3155 firmavimus
1704 3102 1736 3154 et
1769 3092 1868 3155 anrrlo

215 3203 327 3258 nostro
353 3194 496 3278 sigillare
519 3196 734 3280 precepimus.
1475 3185 1480 3198 ¹

319 3332 475 3398 Salomon
497 3332 713 3397 cancellarius
736 3334 885 3398 advicem
909 3332 1067 3418 Piligrimi
1089 3331 1367 3417 archicappellani
1391 3337 1577 3421 recognovi.

163 3487 196 3533 aa
316 3471 406 3535 Data
430 3489 461 3535 v.
486 3471 558 3535 idus
581 3476 712 3557 angusti
735 3497 820 3538 anno
844 3473 1079 3537 incarnationis
1102 3470 1225 3534 domini
1247 3487 1417 3553 nuceum,
1441 3470 1681 3537 indictionumb
1704 3490 1752 3554 111,
1780 3495 1867 3537 anno

213 3597 291 3639 vero
307 3573 534 3659 gloriosissimi
551 3578 637 3660 regis
654 3575 820 3641 Chimradi
837 3594 907 3658 11113
923 3585 1032 3640 actum
1050 3575 1083 3638 in
1098 3573 1323 3658 Wilinaburg3
1346 3577 1379 3639 in
1395 3575 1447 3640 dei
1462 3578 1593 3641 nomine
1610 3576 1747 3640 feliciter
1762 3599 1867 3641 amen.

1015 3838 1077 3913 27.

213 3993 373 4066 Koarad
392 3993 533 4067 scaea-kt
554 3993 633 4066 clear
656 3993 816 4083 Albania,
849 3993 1014 4066 Vaesallca
1037 3993 1096 4065 des·
1120 3992 1282 4090 Biscbofs
1310 3992 1434 4064 Tlriato
1458 4019 1529 4064 aaa
1559 3993 1769 4092 Wc‘trzbarp,
1799 3993 1869 4066 dea.

208 4112 286 4188 ’ΘΝ
306 4113 476 4212 rS'zthseld.
1334 4150 1503 4224 Wt'trrbarp
1525 4155 1586 4210 915
1612 4152 1773 4210 November
1795 4157 1823 4210 6.

163 4365 195 4411 30
316 4344 406 4401 Liber
433 4343 518 4400 (albara
547 4342 712 4414 Wirrbarp.
746 4359 795 4397 arra*
824 4344 908 4399 1278
937 4340 1123 4413 aeschriebea
1156 4339 1179 4411 s.
1211 4343 1252 4398 14
1289 4341 1330 4397 ira
1358 4339 1385 4397 lc.
1416 4340 1606 4398 Krer‘sarrla'a
1634 4361 1675 4399 aa
1700 4343 1868 4415 Wr'trabury

251 4497 259 4514 ,
317 4446 378 4523 (Β).
406 4480 442 4488 -
469 4447 559 4504 Liber
581 4447 733 4518 copiarum
758 4442 804 4520 (πθ
819 4441 850 4520 5)
875 4443 925 4502 des
947 4447 998 4502 14.
1016 4443 1069 4503 Jb.
1090 4461 1122 4515 p.
1145 4447 1211 4503 228
1232 4443 1356 4512 ebeada,
1379 4460 1435 4501 aas
1459 4444 1489 4502 B
1505 4441 1566 4520 (O).
1593 4477 1630 4487 -
1655 4445 1747 4503 Liber
1763 4445 1865 4517 pri-eil.

316 4551 475 4608 Laurentii
498 4569 552 4608 roa
574 4551 659 4610 1513
682 4549 705 4620 f.
728 4545 802 4608 212
826 4547 938 4606 cbcada
962 4545 1026 4624 (D).

316 4690 444 4748 &blac-rt
467 4689 600 4747 Francia
621 4689 725 4746 cavent
748 4692 780 4755 2,
807 4690 867 4745 901
892 4692 926 4742 a⁰
940 4691 982 4746 29
1005 4702 1061 4743 aas
1078 4686 1115 4744 B.
1142 4719 1178 4728 —
1205 4687 1288 4744 Mon.
1307 4687 1400 4746 Barca
1416 4659 1486 4756 ¹31⁰,
1510 4691 1573 4747 181
1592 4691 1683 4746 a⁰113
1706 4683 1805 4745 oasa
1826 4709 1865 4738 =

317 4794 445 4852 Bdlrarer
467 4792 504 4851 Α.
531 4791 616 4853 Cana.
640 4797 682 4852 28
705 4796 811 4851 1127.
839 4823 876 4832 -
902 4790 1030 4848 Babmer
1051 4790 1122 4864 Rea.
1148 4791 1224 4864 Imp.
1247 4793 1299 4860 26,
1325 4791 1396 4863 Rea.
1422 4790 1496 4848 Kar.
1521 4793 1614 4851 1258.

316 4933 418 4991 Dictat
433 4933 483 4990 des
500 4931 570 5001 SA„
595 4931 734 4991 rcrtbreral
749 4930 802 4988 das
819 4931 860 4987 im
877 4927 1056 5003 Copialbacb
1072 4930 1100 4988 B
1121 4930 1373 5003 actclrpezce'rlraete
1396 4929 1457 4989 SR.
1482 4931 1543 5000 aad
1562 4930 1621 4989 SB.
1646 4929 1691 4988 als
1718 4928 1869 4988 Sclacr'ber

317 5036 471 5094 sclalicsaen
494 5036 574 5094 lrtsst.

419 5223 458 5286 ln
480 5223 611 5286 nominc
635 5231 748 5286 sancte
771 5230 804 5285 ct
825 5219 992 5285 individue
1015 5221 1178 5286 trinitatis.
1210 5219 1382 5285 Ovnradvs
1406 5220 1518 5285 divina
1542 5222 1672 5285 favente
1695 5219 1868 5286 clementia

214 5350 283 5391 rex.
363 5327 499 5391 Noverit
516 5328 659 5392 omnium
674 5325 818 5392 fidelium
834 5333 1020 5389 nostrorum
1043 5325 1241 5408 presentium
1265 5324 1390 5388 scilicet
1413 5334 1469 5390 et·
1491 5324 1673 5391 futurorum
1696 5324 1866 5402 industria,

215 5433 291 5516 quia
313 5454 372 5496 nos
396 5441 530 5516 propter
551 5433 741 5517 petitionem
763 5428 885 5515 atqucl
903 5430 1121 5494 interventum
1138 5426 1374 5494 venerabilium
1397 5430 1626 5514 episcoporum
1647 5437 1866 5510 nostrorum,

163 5603 197 5650 ⁴0
317 5602 358 5657 aa.
387 5603 480 5672 [sora]
601 5605 629 5671 a)
648 5607 677 5656 a
696 5604 720 5656 e
739 5606 792 5657 aa
810 5605 930 5671 esaya
948 5606 977 5653 a
999 5603 1046 5655 na
1171 5601 1199 5667 a)
1218 5587 1301 5652 surra
1325 5601 1353 5652 c.

318 5706 359 5762 27.
387 5707 481 5775 [Foltz]
585 5711 612 5772 a)
631 5709 667 5772 D,
685 5725 718 5760 ac
736 5710 763 5761 B
866 5709 895 5771 b)
913 5708 950 5771 D,
968 5725 1000 5759 ac
1018 5707 1045 5758 B
1159 5705 1185 5774 c)
1204 5713 1285 5759 nostr.
1303 5708 1384 5773 episc.
1402 5706 1438 5757 D.

268 5818 454 5860 Kulserurknndcn
467 5819 485 5860 1.
