4560 6420
455 374 520 440 224
1051 378 1508 436 KAISERURKUNDEN.

557 567 677 626 dacica
693 563 790 638 Copia.
833 565 899 624 Wir
919 565 1013 623 turben
1028 563 1133 636 jodoci
1155 563 1245 620 dorca
1265 562 1427 620 Daseusa
1449 563 1491 618 im
1512 561 1584 620 Text
1606 579 1668 620 aar
1688 580 1759 620 zum
1783 561 1872 621 ΤΙιείῐ
1896 561 2081 630 maadirt,
2109 560 2153 619 do

552 673 675 743 pcwmsc
695 670 842 728 Verstdsse
864 669 938 727 auch
962 669 1027 726 clem
1049 667 1298 740 ursprunytaaea
1320 665 1472 725 Schrcibcr
1492 667 1678 738 racemathct
1701 666 1815 725 wadan
1840 665 1982 737 dorsera.

658 839 695 903 In
719 841 850 904 nomine
873 838 995 904 domini
1017 838 1119 902 nostri
1143 836 1218 900 Iesu
1241 834 1371 901 Christi.
1410 836 1489 901 Otto
1513 835 1565 900 dei
1588 838 1694 920 gratia
1716 859 1784 900 rex.
1883 836 2047 900 Noverit
2074 857 2148 899 om-

452 946 542 1009 nium
570 943 714 1008 fidelium
743 953 875 1008 sanctae
904 942 1062 1007 ecclesiae
1090 951 1341 1027 nostrorumque
1363 942 1583 1026 praesentium
1607 939 1730 1004 scilicet
1752 951 1783 1004 et
1805 941 2016 1005 futurorum
2043 937 2148 1003 indu-

452 1049 549 1130 stria,
585 1046 744 1134 quosdam
778 1045 964 1111 sacerdotes
994 1044 1220 1109 Paduanensis
1254 1045 1413 1110 ecclesiae
1443 1068 1486 1108 ex
1516 1046 1712 1110 auctoritate
1745 1053 1960 1126 ceterorum,
2002 1042 2183 1108 scilicet5

451 1151 664 1215 Laurentium
682 1149 1009 1235 archipresbyterum,
1032 1149 1241 1214 Reunardum
1260 1149 1538 1231 archidiaconum,
1561 1149 1737 1233 Rogerium
1755 1149 2019 1234 presbyterum,
2047 1149 2146 1212 Mar·

450 1257 553 1320 tinum
575 1255 791 1341 presbiterum
803 1264 825 1336 ⁸,
849 1265 994 1318 nostram
1017 1252 1137 1317 adiisse
1161 1253 1375 1335 clementiam,
1400 1252 1590 1338 suppliciter
1608 1262 1781 1318 exorantes
1797 1263 1833 1317 ut
1850 1275 1915 1337 per
1934 1253 2144 1317 remedium

449 1360 556 1442 anime
585 1366 716 1422 nostrae
743 1354 882 1421 nostrab
911 1355 1111 1441 praeceptali
1134 1357 1329 1420 auctoritate
1351 1355 1618 1420 confirmaremus
1642 1378 1753 1419 omnes
1775 1378 1827 1420 res
1853 1377 1947 1440 quas
1976 1357 2143 1441 antiquis

449 1471 481 1526 et
508 1463 647 1548 priscisc
679 1459 879 1547 temporibus
910 1459 1039 1524 illorum
1069 1467 1292 1524 antecessores
1321 1468 1493 1524 tenuerunt
1522 1458 1566 1523 ad
1596 1469 1723 1544 partem
1755 1459 1948 1523 canonicae
1988 1469 2142 1522 sanctae

447 1565 673 1630 Paduanensis
697 1565 855 1630 ecclesiae
878 1563 976 1649 legali
1000 1566 1148 1650 iustaque
1170 1565 1306 1645 ratione,
1331 1562 1455 1627 scilicet
1471 1561 1512 1626 de
1527 1571 1636 1626 castro
1652 1562 1794 1644 Doiono,
1818 1565 1927 1628 etiam
1948 1563 1995 1627 de
2015 1574 2139 1628 castro
2162 1570 2193 1618 1⁰

446 1668 586 1733 Padensi
615 1678 648 1732 et
676 1670 715 1732 dc
745 1678 853 1733 castro
882 1664 962 1752 qui‘l
991 1666 1108 1731 dicitur
1135 1666 1407 1748 Runcholauteri,
1440 1667 1475 1729 in
1499 1663 1686 1749 Galginano
1709 1667 1900 1731 mansiones
1934 1677 2032 1750 tres,
2075 1691 2139 1732 seu

446 1773 544 1835 etiam
567 1774 697 1835 tertiam
720 1773 903 1856 portionem
926 1770 967 1834 de
994 1771 1132 1855 ripatico
1162 1768 1307 1834 eiusdem
1335 1770 1421 1854 ripe,
1456 1769 1553 1832 etiam
1583 1769 1622 1833 de
1649 1769 1775 1834 teloneo
1806 1780 1839 1834 et
1868 1781 2017 1855 caetere
2051 1781 2139 1836 res⁸

446 1896 508 1958 que
531 1876 755 1958 pertinuerunt
777 1884 810 1938 et
831 1874 979 1958 legaliter
1001 1875 1162 1959 pertinere
1181 1872 1301 1937 debent
1324 1872 1368 1936 ad
1389 1881 1516 1957 partem
1532 1874 1597 1936 iam
1613 1871 1721 1937 dictae
1736 1875 1935 1938 canonicae.
1966 1875 2135 1955 Quorum

444 1976 656 2060 petitionibus
685 1987 865 2042 annuentes
893 1976 1087 2063 illorumque
1114 1975 1305 2040 fidelitatem
1334 1985 1431 2060 atquc
1456 1975 1623 2039 assiduam
1646 1979 1825 2040 orationem
1851 1977 2134 2043 considerantes

444 2080 508 2144 hoc
538 2090 684 2146 nostrum
714 2091 926 2166 praeceptum
955 2082 1024 2146 fieri
1055 2081 1226 2162 iussimus,
1260 2101 1319 2164 per
1348 2078 1437 2164 quod
1464 2079 1530 2145 iam
1559 2078 1655 2142 dictis
1679 2101 1718 2142 ac
1740 2078 1894 2144 fidelibus
1927 2103 2132 2169 eorumque
2152 2089 2184 2134 ¹⁵

445 2185 688 2250 successoribus
713 2187 821 2249 omnia
845 2207 906 2270 que
929 2187 1013 2249 iuste
1036 2193 1068 2248 et
1091 2183 1239 2268 legaliter
1260 2192 1485 2248 antecessores
1512 2191 1544 2246 et
1573 2183 1636 2268 ipsi
1666 2182 1709 2247 ad
1737 2191 1865 2269 partem
1894 2185 1972 2249 iam
2008 2186 2131 2250 dictae

443 2289 623 2351 canonicae
645 2296 832 2371 tenuerunt,
865 2290 988 2352 tamin
1010 2286 1144 2352 decimis
1167 2309 1266 2371 quam
1289 2289 1386 2351 etiarn
1409 2288 1443 2350 in
1465 2287 1611 2371 ripaticis
1634 2287 1687 2350 vel
1710 2286 1862 2369 teloneis,
1896 2299 2009 2373 prout
2034 2292 2128 2354 iuste

444 2397 476 2452 et
491 2388 638 2474 legaliter
653 2412 837 2475 possumus,
860 2399 973 2455 nostra
988 2390 1237 2476 praeceptuaria
1253 2390 1447 2454 auctoritate
1463 2389 1693 2454 confirmamus
1712 2399 1744 2454 et
1762 2390 2036 2456 corroboramus
2059 2393 2127 2459 sub

443 2493 531 2556 omni
552 2495 748 2578 integritate,
771 2504 808 2559 ut
829 2494 973 2559 habeant
995 2501 1127 2558 teneant
1147 2492 1345 2577 firmiterque
1368 2494 1430 2577 ipsi
1454 2515 1723 2579 successoresque
1746 2491 1885 2557 eorum‘
1905 2496 2126 2580 possideant

440 2594 646 2683 habeantque
679 2606 876 2683 potestatem
909 2597 1041 2661 tenendi
1073 2595 1200 2659 fruendi
1233 2594 1533 2681 rationabiliterque
1555 2598 1638 2660 inter
1668 2620 1702 2661 se
1725 2596 1911 2682 dividendi,
1956 2603 2122 2667 omnium
2142 2608 2175 2656 ²⁰

440 2697 608 2765 hominum
641 2702 769 2765 iniusta
802 2701 1061 2766 contradictione
1094 2710 1230 2766 remota.
1276 2699 1463 2792 Statuentes
1492 2703 1603 2786 itaque
1633 2701 1780 2766 iubemus
1810 2713 1846 2767 ut
1877 2705 1979 2769 nulla
2015 2711 2119 2792 regni

439 2804 542 2867 nostri
571 2825 691 2888 magna
719 2827 886 2891 parvaque
916 2813 1063 2889 potestas
1094 2803 1227 2869 eosdem
1257 2803 1443 2869 sacerdotes
1473 2826 1743 2890 successoresque
1772 2805 1903 2871 illorum
1938 2808 1985 2873 de
2020 2821 2121 2875 ante-

440 2906 536 2971 dictis
558 2907 656 2973 rebus
678 2910 859 2995 inquietare
882 2918 968 2973 necg
988 2908 1163 2974 molestare
1186 2933 1290 2995 neque
1309 2909 1352 2974 ad
1368 2909 1524 2996 placitum
1542 2909 1660 2974 ducere
1675 2909 1802 2975 tentet¹¹
1823 2935 1935 2998 neque
1953 2915 2119 2981 homines

439 3031 537 3095 super
558 3009 688 3076 illorum
711 3022 830 3076 terram
852 3012 1030 3077 residentes
1053 3013 1106 3076 vel
1130 3013 1173 3078 ad
1195 3011 1305 3098 ipsosi
1328 3015 1517 3102 confugium
1539 3023 1572 3078 et
1595 3015 1914 3080 commendationem
1941 3017 2118 3084 facientes

437 3113 604 3199 flagellare
627 3138 687 3180 nec
710 3117 885 3202 pignorare
908 3127 1103 3202 praesumat,
1131 3117 1189 3183 sed
1212 3118 1308 3183 liceat
1331 3119 1463 3183 eosdem
1487 3116 1673 3182 sacerdotes
1696 3140 1770 3183 cum
1794 3118 1952 3184 omnibus
1980 3120 2029 3186 ad
2054 3147 2117 3189 eos
2136 3137 2167 3184 25

438 3219 628 3303 confugium
662 3218 885 3285 facientibusl
920 3243 995 3284 cum
1030 3222 1180 3286 omnibus
1215 3223 1295 3308 ipsis
1329 3225 1414 3286 iuste
1443 3234 1475 3287 et
1507 3223 1654 3307 legaliter
1685 3222 1925 3308 pertinentibus
1962 3227 2115 3312 pacifice

438 3325 557 3406 vivere,
580 3346 773 3409 magnarum
796 3322 1032 3409 parvarumve¹
1054 3347 1267 3410 personarum
1285 3337 1409 3392 remota
1428 3326 1695 3392 contradictione.
1727 3327 1761 3392 Si
1777 3329 1849 3411 quis
1874 3329 1983 3411 igitur
2008 3330 2114 3395 huius

436 3429 538 3493 nostri
571 3431 737 3514 praecepti
771 3431 1000 3493 concessiones
1033 3430 1222 3513 violaverit,
1258 3432 1340 3494 sciat
1374 3454 1409 3496 se
1442 3434 1699 3518 compositurum
1732 3433 1802 3495 auri
1839 3434 1962 3516 optimi
2002 3434 2113 3500 libras

436 3540 576 3615 centum,
600 3532 808 3598 medietatem
831 3555 980 3597 camerae
1002 3544 1134 3598 nostrae
1158 3545 1189 3598 et
1211 3533 1419 3600 medietatem
1442 3537 1642 3622 praefataem
1665 3538 1855 3600 canonicae.
1903 3537 1952 3600 Et
1977 3549 2017 3603 ut
2043 3540 2112 3605 hoc

435 3636 542 3699 verius
566 3636 718 3702 credatur
739 3647 772 3702 et
793 3639 948 3703 attentius
972 3639 1178 3722 observetur,
1212 3662 1311 3704 manu
1338 3649 1452 3704 nostra
1481 3641 1645 3725 signatum
1667 3651 1699 3704 et
1721 3639 1832 3704 annuli
1863 3645 1977 3706 nostri
2008 3647 2110 3708 iussi·
2129 3657 2162 3704 30

435 3758 507 3801 mus
531 3737 708 3803 adfirmari.
739 3757 743 3766 ’

537 3867 674 3953 Signum
697 3869 835 3934 domni¹¹
859 3869 990 3935 Ottonis
1014 3873 1210 3937 serenissimi
1233 3874 1353 3958 regis(
1386 3874 1406 3955 .)

536 3970 752 4055 Uuigfridus⁰
775 3972 991 4038 cancellarius
1014 3974 1164 4039 advicem
1185 3976 1350 4040 Brunonis
1374 3976 1677 4062 archicappellani?
1699 3978 1889 4062 recognovi.

534 4099 625 4164 Data
653 4119 685 4166 v.
710 4102 783 4166 idus
812 4103 968 4168 februarii
999 4126 1084 4168 anno
1114 4106 1348 4170 incarnationis
1378 4106 1501 4171 domini
1529 4109 1632 4172 nostri
1662 4108 1737 4171 Iesu
1763 4105 1883 4170 Christi
1916 4125 2106 4196 Decccnn,

433 4223 519 4264 anno
541 4224 619 4268 vero
643 4203 780 4270 domni¹¹
804 4205 933 4273 Ottonis
957 4209 992 4271 in
1013 4207 1109 4272 Italia
1134 4207 1173 4292 [1,
1202 4211 1236 4273 in
1258 4209 1434 4293 li'ralntiaq
1457 4229 1553 4293 2111113
1583 4221 1694 4276 actum
1715 4211 1857 4296 Papia03
1892 4212 2046 4297 feliciter
2069 4221 2105 4282 in
2124 4233 2158 4282 ³5

432 4304 485 4370 dei
506 4309 648 4374 nomine.

1214 4469 1301 4544 lit.

439 4597 519 4677 Otto
543 4616 704 4703 qestottet
727 4606 808 4679 dem
833 4607 978 4682 Issoster
1004 4605 1043 4684 S.
1071 4606 1259 4684 Giovornn¹
1284 4610 1516 4684 Democram
1548 4637 1593 4684 za
1619 4612 1741 4685 Pooa'u
1767 4610 1834 4685 alle
1861 4613 2105 4719 Mstzunycn

429 4724 553 4798 welche
582 4752 616 4799 es
646 4754 712 4799 aas
742 4729 841 4801 einer·
871 4729 1240 4830 Ueberschwemmunp
1267 4732 1384 4804 seiner
1414 4731 1527 4808 Gaas
1555 4733 1668 4808 durch
1699 4734 1769 4807 dea
1805 4733 1936 4810 liciam
1968 4743 2103 4816 ziehen

431 4842 542 4936 hona,
566 4846 647 4919 aad
667 4847 795 4945 besreit
815 4875 850 4922 ca
871 4875 944 4922 von
966 4851 1190 4950 offeatlichen
1212 4853 1440 4952 Leistaapen.
1617 4893 1714 4951 Pam
1735 4892 1800 4952 952
1820 4892 1971 4954 pomp
1995 4904 2053 4960 11.
2119 4908 2154 4956 40

531 5056 661 5116 Ballodo
684 5058 728 5116 Le
746 5060 841 5132 yloric
862 5060 939 5119 della
955 5062 1041 5134 pictai
1063 5061 1111 5120 dci
1133 5062 1309 5134 bcaefattori
1331 5064 1408 5124 (tello
1430 5084 1455 5124 r.
1479 5066 1602 5125 basilica
1625 5067 1657 5124 di
1679 5067 1708 5127 S.
1726 5065 1875 5126 dinami
1890 5068 2100 5134 Borestorum

530 5157 556 5228 s.
579 5165 653 5231 113,
675 5161 743 5221 MS.
767 5163 817 5222 des
839 5168 890 5222 17.
915 5163 968 5224 Jh.
992 5167 1026 5223 ia
1048 5167 1101 5224 der
1123 5165 1418 5228 Seminorbibliothek
1438 5187 1479 5228 aa
1499 5171 1596 5228 Paria
1619 5169 1680 5249 (A).

517 5306 573 5361 lli.
601 5310 755 5394 [Ottcnthal]
860 5317 886 5376 a)
905 5316 939 5378 B,
963 5319 1121 5369 Laurentius
1145 5319 1355 5386 archipresbyter
1378 5323 1535 5372 Reunardns
1560 5323 1761 5374 archidiaconus
1785 5323 1920 5389 Rogerius
1946 5331 2099 5398 presbyter

599 5383 727 5432 Martinus
745 5385 874 5448 presbiter
894 5385 918 5436 0
1025 5388 1053 5449 b)
1072 5394 1189 5439 nostrum
1207 5389 1261 5440 Bc
1359 5389 1385 5456 c)
1403 5394 1476 5456 prius
1494 5391 1547 5442 ΒΟ
1647 5391 1745 5454 (1)Βο
1850 5393 1876 5458 e)
1897 5396 2013 5449 teloneo
2035 5417 2097 5452 esse

599 5456 702 5516 caetere
723 5451 750 5514 0,
769 5456 880 5518 ripatico
900 5455 1019 5506 eiusdem
1037 5459 1151 5507 civitatis
1171 5474 1228 5509 esse
1247 5475 1288 5510 res
1305 5458 1333 5509 B
1419 5461 1440 5524 s)
1462 5460 1612 5524 fitillarum
1629 5461 1657 5512 B
1742 5461 1770 5528 g)
1786 5460 1813 5522 0,
1832 5479 1867 5512 ne
1885 5462 1915 5514 B
2010 5469 2041 5532 h>
2066 5470 2095 5530 0,
2115 5482 2151 5529 45

598 5520 633 5570 ad
650 5519 777 5584 placitum
795 5529 896 5574 tentent
914 5524 940 5573 B
1043 5528 1062 5587 i)
1083 5525 1110 5590 0,
1129 5529 1246 5592 ipsorum
1264 5528 1290 5577 Β
1393 5528 1421 5592 h)
1441 5531 1602 5581 habentibus
1622 5530 1646 5581 0
1745 5533 1765 5593 l)
1786 5530 1812 5594 0,
1837 5547 2049 5603 parvarumque
2069 5541 2097 5590 B

598 5590 635 5650 m)
653 5590 805 5654 praelectae
826 5591 849 5643 0
948 5593 976 5654 n)
995 5593 1095 5644 domini
1112 5595 1165 5646 Bc
1265 5600 1290 5658 ο)
1309 5597 1436 5649 Auiridus
1455 5600 1494 5663 B,
1520 5600 1657 5651 Aullridus
1678 5598 1702 5651 0
1799 5601 1828 5666 p)
1849 5600 1878 5664 O,
1896 5605 2096 5661 archicancel-

597 5658 656 5709 larii
674 5658 701 5709 Β
803 5659 832 5728 q)
851 5660 930 5712 Italia
998 5665 1084 5714 centia
1105 5664 1137 5731 0,
1166 5666 1245 5718 Italia
1263 5679 1332 5718 xlm
1349 5667 1384 5720 B.
