4500 6428
402 412 464 478 288
999 415 1450 474 KAISERURKUNDEN.

502 604 552 662 des
580 605 647 664 sehr
680 602 883 677 bmclddr'qten
910 601 940 661 A
972 603 1079 662 konrde
1108 603 1163 660 mit
1193 599 1291 672 Halfe
1319 600 1370 659 cles
1394 597 1572 660 Chartalors
1602 595 1628 657 O
1653 597 1718 656 aad
1747 597 1797 654 der
1827 594 1890 668 fest
1924 594 2071 654 wertlich

499 707 751 781 pletehloatcadea
775 705 987 777 Oonfimsation
1008 723 1073 764 eom
1096 705 1129 765 J.
1154 707 1216 765 976
1243 705 1327 763 leiebt
1350 702 1513 776 auspefrtllt
1536 702 1660 761 werden
1705 701 1776 760 me
1797 718 1838 759 aa
1859 702 1947 758 einer
1973 698 2072 758 Stella¹

502 811 555 870 salv
577 812 623 870 ich
644 811 722 870 micis
742 810 905 869 oererdasst
927 810 976 868 die
998 810 1105 869 Lesart
1127 826 1182 868 oen
1204 807 1229 867 G
1249 826 1289 866 aa
1308 806 1478 878 oerwerfen.
1513 807 1553 865 In
1568 807 1668 879 Beraq
1691 804 1753 875 aas
1771 803 1818 861 die
1837 802 2072 877 Ortlreqraplrie

502 915 556 974 der
576 914 798 987 Eromwmteea
820 914 892 972 habe
914 914 961 972 ioh
982 915 1059 972 micis
1080 915 1135 972 mit
1159 917 1261 987 entem
1287 912 1411 972 &unde
1439 929 1480 970 oa
1508 912 1563 970 das
1584 911 1624 971 D.
1650 910 1716 970 Otto
1735 918 1776 969 ΙΙ.
1800 909 1951 983 retollere.
1999 908 2072 968 Wie

502 1017 688 1078 Graadidier
708 1018 771 1076 sict
792 1017 907 1076 elcan
928 1017 979 1076 aar
1001 1017 1050 1075 die
1074 1017 1229 1077 Titaletar
1248 1035 1289 1076 aa
1312 1016 1489 1084 ammireo,
1511 1031 1544 1074 so
1566 1015 1617 1073 leat
1641 1033 1672 1072 cr
1692 1017 1768 1074 acels
1785 1015 1838 1073 das
1854 1011 2069 1080 Rehetolcolt,
2091 1022 2107 1066 n

501 1121 617 1180 welches
639 1121 727 1181 seleon
749 1123 792 1178 im
813 1123 864 1180 15.
890 1120 942 1180 Jb.
970 1139 1041 1179 eam
1066 1120 1151 1181 Theil
1172 1124 1296 1182 rosim
1319 1138 1382 1179 war
1404 1119 1468 1178 aad
1490 1119 1580 1178 daber
1602 1119 1678 1177 each
1706 1120 1740 1176 to
1762 1116 1787 1178 0
1811 1136 1874 1176 aar
1901 1116 2071 1189 fragmen·

504 1225 614 1284 torisels
635 1224 863 1298 wiederyeyebea
885 1224 1001 1282 werden
1023 1224 1138 1294 ammte,
1160 1225 1237 1282 noch
1258 1226 1368 1282 seinem
1387 1222 1571 1282 Gatdrtvulcea
1593 1227 1723 1296 credam
1756 1223 1849 1282 Weaa
1864 1221 1963 1280 Mohr
1979 1220 2072 1278 dean

502 1329 579 1387 dicae
600 1329 824 1402 aromaca
845 1327 890 1386 als
912 1329 946 1384 in
970 1325 994 1386 0
1015 1327 1168 1400 befiadlicls
1191 1328 1366 1397 beeciehoet,
1400 1343 1433 1385 so
1463 1329 1503 1386 tet
1531 1327 1585 1385 des
1614 1326 1732 1399 adaloch
1760 1329 1824 1385 ane
1851 1325 2070 1386 Unwabrlreit.

502 1432 554 1491 Ich
576 1433 647 1492 liobe
669 1431 817 1490 dieselbea
837 1432 917 1490 nield
940 1434 974 1489 ln
995 1431 1053 1489 dee
1077 1432 1150 1490 cht
1171 1429 1353 1502 ausaehmeo
1374 1436 1492 1502 merea,
1525 1429 1591 1487 weil
1613 1447 1642 1488 es
1667 1431 1701 1487 io
1722 1428 1951 1502 mascelinae
1974 1425 2073 1499 jeder

504 1536 744 1610 Ueterla'cferemq
766 1535 893 1610 freultcb
915 1538 964 1608 ist,
988 1537 1022 1595 ob
1046 1534 1100 1594 dos
1122 1534 1161 1592 D.
1186 1534 1318 1593 toirloliels
1340 1535 1374 1592 io
1396 1533 1449 1592 der
1468 1534 1661 1606 Recopailieo
1683 1533 1740 1591 dea
1761 1533 1879 1592 Nemea
1901 1529 2071 1590 Willrelms
2092 1539 2124 1586 ιο

504 1640 630 1699 eattielt.

507 1822 578 1906 [(O.)
601 1827 616 1910 ξ
636 1825 676 1890 In
698 1825 842 1908 no]mine
867 1833 999 1888 sanctae
1022 1833 1054 1888 et
1075 1822 1263 1889 individuae
1289 1822 1464 1905 [trinitatis.
1500 1822 1578 1888 Otto
1596 1822 1707 1887 divina
1720 1821 1862 1906 favente]
1881 1820 2071 1886 clementia

399 1929 577 2013 imperator
602 1926 782 2012 [augustus.
880 1928 1040 1993 Noverint
1068 1949 1180 1993 omnes
1209 1925 1322 1992 fideles
1351 1927 1467 2011 n]0stri
1498 1925 1678 2012 prcs[entes
1708 1925 1833 1990 scilicet
1859 1947 1900 1989 ac
1931 1922 2069 2016 futrrriL

400 2030 538 2116 qualiter
560 2031 756 2096 venerabilis
782 2030 980 2117 [episcopuls
993 2041 1006 2068 ²
1027 2027 1041 2112 ,ἒξ
1063 2028 1228 2095 Ouriensis
1250 2029 1448 2116 Hartpertus
1469 2039 1581 2095 nester
1602 2029 1708 2094 fidelis
1730 2038 1876 2094 nostram
1900 2037 2069 2114 precatus

403 2133 464 2218 [est
485 2134 701 2218 clementiam,
725 2145 761 2202 ut
783 2136 948 2223 quandam
971 2135 1217 2222 proprie]tatem
1241 2135 1285 2200 ad
1308 2134 1445 2199 eandem
1468 2135 1644 2200 aeclesiam
1665 2133 1853 2200 Cisriensem
1877 2131 2121 2218 pe[rtineu-15

399 2246 466 2303 tem
487 2241 620 2303 nomine
642 2236 837 2305 Chiricheim
861 2263 936 2306 cum
958 2239 1097 2305 basilica
1120 2238 1283 2323 decimali]
1312 2248 1345 2302 et
1368 2240 1454 2303 omni
1478 2241 1671 2324 pertinentia
1693 2238 1838 2323 legitima
1860 2240 1894 2303 in
1919 2234 2067 2320 d[ucatu

398 2342 593 2430 Alamannia
616 2347 651 2410 in
674 2347 830 2410 comitatu
852 2345 1109 2430 Nechergeuuel,
1132 2366 1231 2430 quam
1253 2341 1314 2409 nos
1337 2346 1400 2428 ipsi
1424 2365 1498 2408 cum
1521 2365 1620 2406 manu
1643 2339 1816 2427 praelibati
1838 2338 2010 2425 praesulis
2029 2341 2066 2402 in

398 2447 472 2513 loco
497 2446 679 2533 Olofheim,
713 2450 940 2536 praesentibus
968 2451 1070 2515 nostri
1099 2448 1254 2535 colloquii
1283 2446 1566 2534 quamplurimis,
1603 2469 1623 2510 a
1644 2469 1721 2532 rege
1744 2443 1946 2510 Ohnonrado
1973 2443 2066 2508 datis

399 2552 432 2636 in
454 2549 584 2617 Alsatia
614 2552 758 2618 eiusdem
786 2553 944 2619 ecclcsiae
973 2553 1115 2639 praediis
1147 2550 1192 2635 [in
1220 2553 1400 2636 legitimum
1429 2550 1658 2616 concambium
1686 2551 1868 2634 recepimus
1892 2557 1927 2612 et
1951 2547 2065 2612 eidem

400 2657 521 2743 scripto
545 2657 670 2744 nostro]
694 2658 905 2743 firmavimus,
933 2659 976 2724 ob
999 2656 1207 2725 commodam
1231 2659 1291 2724 sibi
1315 2658 1487 2724 utilitatem
1509 2666 1640 2722 nostrae
1662 2657 1871 2742 proprietatis
1898 2653 2065 2738 [commu-
2085 2669 2118 2716 20

396 2764 521 2828 tatione
542 2765 629 2828 iusta
650 2765 685 2828 in
706 2765 757 2829 ius
780 2766 904 2849 regium
927 2773 1058 2829 nostrae
1081 2763 1245 2846 dictionis]
1269 2765 1497 2848 reciperemus.
1530 2762 1600 2826 Nos
1624 2783 1754 2847 quoque
1771 2769 1944 2845 precatum
1964 2780 2063 2844 prae

396 2868 556 2932 nominati
586 2865 750 2952 pontificis
777 2891 958 2954 congruum
986 2867 1208 2953 approbantes
1237 2867 1389 2932 consultu
1416 2866 1561 2931 fidelium
1583 2875 1770 2930 nostrorum
1792 2863 1933 2928 eandem
1956 2885 2065 2949 quam

397 2969 493 3035 nobis
522 2971 556 3034 in
584 2971 814 3036 concambium
847 2971 996 3036 exhibuit
1029 2972 1197 3057 praefatae
1228 2969 1397 3054 [aecclesiq
1426 2973 1658 3056 proprietatem
1687 2970 1728 3034 ab
1758 2969 1829 3054 ipso
1853 2969 2025 3054 recipiens
2037 2965 2063 3050 b,

397 3083 531 3139 econtra
554 3076 587 3138 in
609 3075 780 3158 comiltatu
802 3074 944 3140 Rehciae
966 3077 1000 3138 in
1022 3077 1095 3139 vico
1120 3073 1219 3139 Curia
1242 3084 1366 3140 curtem
1388 3082 1535 3139 nostram
1557 3072 1700 3158 regalem
1722 3074 1928 3138 nominatam
1956 3094 2061 3158 quam

398 3199 508 3243 comes
537 3187 649 3243 noster
676 3181 778 3264 ipsius
806 3179 873 3243 loci
895 3176 1094 3243 Adalbertus
1123 3179 1156 3242 in
1184 3177 1378 3242 beneficium
1400 3178 1558 3243 hactenus
1581 3201 1602 3243 a
1623 3177 1718 3242 nobis
1743 3175 1898 3257 obtinuit,
1934 3174 2061 3239 vallem
2080 3187 2113 3234 25

399 3303 527 3368 quoque
549 3281 730 3367 Pergalliae
759 3305 834 3348 oum
863 3284 951 3347 omni
981 3281 1182 3348 districtione
1208 3281 1319 3367 placiti
1343 3291 1375 3346 et
1397 3285 1497 3369 panni
1520 3283 1678 3347 hactenus
1701 3280 1745 3346 ad
1767 3281 1961 3346 comitatum
1986 3301 2063 3365 per·

399 3385 548 3468 tinentis,
583 3384 642 3450 sed
671 3396 704 3451 et
730 3389 830 3452 totius
853 3387 1072 3472 inquisitionis
1095 3408 1212 3451 census
1237 3388 1362 3451 sivein
1384 3386 1550 3451 montibus
1572 3395 1605 3450 et
1627 3385 1734 3473 planis
1757 3386 1883 3469 campis
1907 3394 1942 3449 et
1966 3383 2061 3448 silvis

397 3485 441 3551 ad
466 3489 574 3573 ipsam
602 3488 768 3553 marcham
801 3488 1037 3574 pertinentibus
1065 3489 1219 3554 necnon
1247 3501 1279 3554 et
1307 3490 1472 3556 teloneum
1499 3491 1533 3555 in
1562 3491 1635 3574 ipsa
1664 3488 1747 3554 valle
1781 3487 1822 3553 ab
1857 3487 2060 3553 iterantibus

398 3592 599 3677 emptoribus
622 3593 762 3678 persolvi
787 3603 992 3678 consuetum,
1021 3593 1118 3659 modo
1142 3616 1219 3659 vero
1243 3597 1276 3659 in
1300 3593 1415 3659 eodem
1437 3594 1511 3659 loco
1535 3593 1634 3659 Curia
1658 3594 1770 3658 datum
1777 3643 1785 3674 ,
1815 3615 1953 3657 censum
1978 3615 2060 3678 quo·

399 3716 461 3780 que
485 3717 613 3760 omnem
635 3696 678 3762 ab
701 3699 774 3783 ipsa
796 3706 935 3762 centena
957 3706 989 3761 et
1013 3698 1165 3763 scultatia
1188 3697 1337 3762 Ouriensi
1361 3698 1401 3763 de
1423 3707 1520 3783 pastu
1544 3699 1641 3762 ovino
1665 3706 1697 3762 et
1719 3696 1952 3782 procuratione
1975 3695 2060 3761 ban·
2078 3709 2111 3756 ee

397 3799 468 3861 nita
490 3797 678 3864 falchonum
701 3799 795 3865 etde
818 3800 989 3866 hostisana
1011 3823 1087 3865 cum
1108 3810 1178 3866 tota
1200 3787 1410 3888 inquisitione
1433 3803 1548 3886 integri
1572 3823 1689 3866 census
1712 3809 1744 3865 et
1765 3798 1866 3865 banni
1891 3799 1933 3864 de
1956 3809 2060 3886 ponte

398 3908 430 3963 et
453 3902 540 3966 omni
562 3901 748 3967 venditione
770 3904 873 3990 ipsius
895 3903 961 3968 loci
984 3913 1152 3992 totumque
1175 3914 1330 3970 exactum
1352 3929 1373 3968 a
1400 3905 1511 3969 liberis
1537 3904 1725 3969 homiuibus
1749 3904 1816 3967 sive
1839 3925 1859 3967 a
1884 3905 2060 3989 quartanis

397 4024 438 4067 ac
453 4007 547 4069 terris
566 4005 773 4072 censualibus
791 4008 827 4071 in
844 4009 1008 4073 montanis
1032 4017 1064 4071 et
1086 4007 1193 4094 planis
1216 4018 1249 4074 et
1271 4009 1395 4074 colonis
1418 4008 1663 4090 montanariois,
1687 4005 1884 4072 aecclesiam
1898 4005 2061 4070 videlieet

397 4107 430 4170 in
454 4108 589 4174 castello
612 4109 803 4177 Beneduces
826 4122 859 4177 et
880 4110 1083 4195 R[uzunne]s
1113 4134 1188 4176 cum
1218 4114 1285 4176 suis
1314 4111 1449 4176 decimis
1477 4133 1517 4176 ac
1545 4110 1694 4176 omnibus
1722 4109 1783 4174 sibi
1806 4108 2058 4174 aecclesiastice

397 4214 650 4299 pertinentibus,
674 4215 717 4280 ad
738 4214 826 4281 idem
848 4217 1053 4301 episcopium
1074 4217 1108 4278 in
1131 4217 1299 4300 proprium
1321 4213 1589 4298 contradidimus,
1613 4236 1652 4279 ea
1676 4213 1799 4278 scilicet
1820 4213 1951 4277 ratione
1977 4234 2057 4298 qua·
2076 4225 2108 4272 35

396 4325 491 4382 tenus
513 4316 699 4403 praedictus
727 4319 903 4404 episcopus
933 4340 1111 4404 omnesque
1140 4320 1173 4383 in
1201 4328 1367 4404 posterum
1402 4320 1503 4404 ipsius
1535 4319 1693 4404 episcopii
1722 4318 1910 4402 provisores
1943 4317 2058 4382 omnia

396 4421 645 4504 praenominata
677 4423 848 4508 ipsamque
882 4431 1007 4487 curtem
1037 4422 1181 4507 regalem
1216 4444 1290 4487 cum
1319 4420 1469 4487 omuibus
1500 4421 1544 4486 ad
1572 4420 1711 4486 eandem
1739 4422 1822 4485 iuste
1845 4429 1877 4483 et
1903 4418 2059 4503 legaliter

397 4524 648 4609 pertinentibus,
677 4526 823 4592 curtibus
846 4524 1015 4591 curtilibus
1039 4527 1197 4592 aedificiis
1219 4528 1392 4612 mancipiis
1414 4526 1581 4611 utriusque
1605 4548 1703 4590 sexus
1725 4524 1851 4588 colonis
1875 4533 1908 4587 et
1930 4523 2058 4588 vassel-

396 4626 486 4694 lariis
510 4632 636 4695 cunctis
660 4631 700 4696 de
723 4633 898 4713 montanis,
922 4633 1007 4694 sicut
1029 4653 1157 4717 semper
1180 4631 1223 4696 ad
1245 4631 1352 4715 ipsam
1374 4637 1522 4695 curtem⁰
1545 4628 1731 4693 serviebant
1754 4627 1813 4692 sub
1837 4628 1911 4712 ipso
1932 4628 2057 4692 comite

269 4745 272 4752 “
396 4743 428 4797 et
450 4743 542 4819 patre
565 4736 644 4816 eius,
670 4744 702 4799 et
725 4733 876 4799 omnibus
899 4735 1033 4818 mansis,
1058 4737 1126 4800 sive
1149 4738 1214 4799 sint
1235 4737 1269 4800 in
1291 4733 1485 4799 beneficium
1508 4731 1584 4816 date
1608 4735 1676 4796 sive
1699 4732 1844 4796 serviant
1864 4729 1909 4794 ad
1927 4742 2058 4796 curtem
2075 4743 2108 4790 40

396 4834 605 4922 dominicam,
629 4859 703 4902 oum
727 4837 855 4922 alpibus
878 4846 912 4901 et
933 4839 1037 4902 vineis
1061 4839 1221 4922 omnibus,
1253 4839 1401 4923 exceptis
1424 4835 1553 4902 duabus
1574 4837 1609 4899 in
1631 4835 1785 4900 Trimune
1807 4855 1884 4898 cum
1904 4835 2057 4898 vinitori·

395 4939 456 5005 bus
481 4940 624 5022 duobus,
656 4949 689 5005 et
710 4940 833 5005 accolis
857 4951 888 5004 et
911 4941 1057 5024 forestis,
1086 4943 1203 5007 cinctis
1234 4940 1361 5006 duabus
1391 4962 1466 5004 cum
1497 4947 1655 5002 consueta
1685 4937 1859 5002 cinctionis
1891 4935 2057 5018 districta,

397 5044 485 5126 agris
508 5046 611 5129 pratis
634 5044 766 5128 pascuis
790 5045 883 5130 aquis
907 5065 1129 5130 aquarumque
1159 5040 1373 5110 desursibusd
1402 5041 1596 5107 molendinis
1619 5050 1652 5106 et
1676 5040 1786 5106 fundis
1809 5039 2058 5125 piseationibus

396 5146 539 5212 exitibus
562 5155 594 5210 et
615 5145 774 5211 reditibus
796 5149 920 5212 emtis⁰
944 5157 976 5211 et
997 5147 1128 5212 incultis
1151 5148 1287 5235 quesitis
1310 5156 1343 5212 et
1363 5145 1575 5232 inquirendis.
1624 5143 1751 5227 [Eidem
1774 5141 2057 5227 con]donavimus

397 5248 440 5314 ad
463 5250 648 5335 praefatum
670 5250 896 5334 episcopatum
918 5252 953 5314 in
975 5252 1047 5337 ipso
1071 5253 1228 5317 comitatu
1250 5253 1283 5315 in
1305 5249 1389 5315 locis
1411 5251 1575 5314 montanis
1593 5257 1696 5313 totum
1713 5246 1911 5312 beneficium
1931 5247 2058 5312 Beren-
2076 5258 2109 5304 45

320 5365 321 5368 ’
396 5353 502 5438 hardi,
530 5355 669 5440 praelati
693 5354 821 5418 comitis
847 5352 1016 5439 [va]ssalli,
1040 5356 1127 5442 etin
1150 5355 1253 5418 Raine
1276 5355 1460 5419 etPictaso
1484 5349 1704 5418 eecclesiam‘1
1727 5373 1800 5416 oum
1824 5349 1963 5415 decimis
1989 5374 2058 5417 om-

395 5459 492 5525 nibus
515 5460 608 5524 terris
631 5458 728 5523 cultis
751 5466 784 5521 et
805 5459 937 5524 incultis
960 5458 1095 5546 quesitis
1117 5467 1150 5522 et
1172 5457 1373 5543 inquirendis
1396 5466 1428 5520 et
1449 5457 1575 5521 cunctis
1597 5455 1681 5520 iuste
1708 5453 1770 5517 sibi
1800 5454 2058 5538 pertinentibus,

481 5629 541 5686 2⁰⁰.
568 5627 677 5699 [Siokel]
765 5633 792 5692 a)
811 5633 950 5698 episcopus
969 5628 1123 5690 ecclesioO,
1142 5625 1666 5681 woraderRaaminAaiebtaaereicbt
1753 5623 1822 5688 b)0
1907 5627 1934 5688 c)
1954 5644 1970 5678 a
1989 5645 2059 5683 corr.

567 5716 615 5750 aaa
632 5716 649 5751 a
740 5700 810 5763 d)A
903 5703 928 5765 a)
945 5697 970 5750 A
986 5705 1047 5750 rtatt
1065 5699 1151 5750 cultis.
