4554 6414
910 395 1034 456 OT'PO
1057 397 1080 456 I.
1105 389 1177 454 941.
1812 389 1874 458 129

223 577 391 662 industria,
416 579 504 666 quod
526 602 587 644 nos
610 580 653 645 ad
676 579 848 665 ecclesiam
871 603 968 667 quam
991 582 1233 646 construximus
1256 582 1290 645 in
1312 581 1435 647 honore
1456 581 1545 648 beati
1567 583 1654 648 Petri
1677 583 1817 669 apostoli
1840 594 1874 648 et

224 695 410 747 sanctorum
434 685 603 748 martirum
630 684 780 747 Mauricii
803 695 835 747 et
862 684 1042 749 Innocentii
1072 687 1106 749 in
1128 684 1202 748 loco
1227 687 1280 770 qui
1304 686 1422 751 dicitur
1443 685 1682 772 Magdeburgl,
1715 688 1749 750 in
1778 710 1874 752 usum

223 785 457 851 monachorum
479 785 524 849 ibi
548 785 609 850 deo
634 788 842 851 servientium
857 785 1006 870 predium
1025 786 1119 852 nobis
1135 788 1177 852 ab
1193 789 1399 854 Everharto⁰
1421 789 1586 873 traditum,
1609 789 1763 854 videlicet
1785 793 1872 876 quic·

222 888 301 975 quid
323 890 393 973 ipse
415 898 448 952 et
469 898 574 954 mater
597 910 657 953 sua
679 887 862 973 Helmburg
889 891 922 954 in
948 890 1125 955 Rareshem
1153 901 1186 955 et
1215 890 1349 976 Uplingi
1379 913 1418 955 ac
1446 892 1585 977 Nettorp
1613 893 1647 955 in
1675 914 1762 977 pago
1791 892 1872 956 Der·
1917 901 1923 914 “

187 1009 204 1054 u
222 992 333 1076 lingon
356 994 389 1056 in
412 995 568 1058 comitatu
591 990 795 1058 Thietmari‘¹
817 1004 914 1057 antea
935 992 1133 1074 habuerunt,
1157 995 1226 1059 iure
1249 997 1382 1078 perenni
1404 997 1438 1060 in
1460 997 1629 1080 proprium
1651 996 1871 1060 concessimus

221 1118 295 1161 cum
326 1096 475 1162 omnibus
506 1096 708 1183 appendiciis
738 1096 887 1181 legaliter
915 1095 1019 1161 illuc⁰
1048 1096 1298 1180 aspicientibus,
1333 1097 1503 1162 curtilibus
1533 1100 1704 1184 mancipiis
1734 1097 1871 1163 edificiis

219 1201 312 1264 terris
329 1200 424 1265 cultis
441 1210 473 1264 et
487 1200 619 1265 incultis
638 1202 725 1284 agris
748 1201 850 1285 pratis
873 1202 1005 1285 pascuis
1028 1198 1118 1263 silvis
1141 1201 1235 1285 aquis
1258 1222 1457 1286 aquarumve
1480 1200 1727 1266 decursionibus
1750 1201 1871 1267 molen-

220 1302 304 1367 dinis
327 1303 565 1389 piscationibus
588 1306 650 1368 viis
674 1313 706 1368 et
734 1305 830 1367 inviis
859 1302 1000 1367 exitibus
1029 1324 1068 1366 ac
1097 1302 1255 1367 reditibus
1286 1306 1419 1389 quesitis
1449 1314 1482 1368 et
1509 1303 1719 1390 inquirendis.
1762 1305 1807 1368 Et
1836 1315 1873 1369 ut

218 1408 279 1492 bec
301 1419 415 1473 nostra
437 1408 568 1473 traditio
591 1407 714 1472 firmior
737 1408 769 1470 iu
792 1406 843 1471 dci
867 1407 997 1470 nomine
1020 1415 1225 1490 permaneat,
1259 1428 1358 1471 manu
1380 1408 1514 1492 propria
1536 1419 1647 1474 nostra
1669 1430 1742 1471 eam
1763 1408 1870 1472 firma-

171 1520 203 1566 10
220 1513 325 1575 vimus
348 1520 380 1574 et
402 1511 500 1576 anulo
523 1521 634 1576 nostro
659 1511 806 1594 insigniri
833 1510 995 1574 iussimus.

323 1664 459 1749 Signum
482 1665 593 1740 domni
617 1665 748 1731 Ottonis
771 1667 834 1746 (Μ.)
856 1666 1059 1730 invictissimi
1082 1665 1178 1748 regis.

322 1787 433 1852 Bruno
457 1787 670 1853 cancellarius
693 1787 843 1852 advicem
865 1785 1025 1852 Friderici
1047 1783 1325 1870 archicapellanif
1345 1789 1533 1870 recognovi.

320 1943 410 2006 Data
437 1965 542 2007 nonas
573 1921 745 2007 decembrs
765 1964 851 2007 anno
881 1941 1042 2025 dominice
1074 1942 1308 2006 incarnationis
1337 1957 1539 2023 Dccccxnn,
1573 1940 1750 2006 indictione
1779 1960 1868 2028 xlm,

217 2057 372 2129 regnante
396 2045 517 2111 Ottone
540 2048 744 2111 serenissimo
767 2069 844 2131 rege
867 2068 953 2112 anno
970 2063 1022 2128 vu
1045 2057 1155 2112 actum
1171 2043 1370 2127 Gruonaha3
1391 2047 1426 2109 in
1447 2042 1580 2110 domino
1602 2045 1740 2111 feliciter
1762 2069 1869 2112 amen.

167 2378 199 2426 1⁶
1013 2339 1075 2416 ll.

224 2510 305 2587 Otto
327 2512 473 2587 vacus
494 2513 573 2586 ἀετη
595 2513 719 2590 Clesus
741 2513 807 2587 der
828 2514 1069 2612 Wdrrlrurper
1089 2510 1222 2585 Kirclse
1245 2511 1311 2584 des
1332 2509 1546 2599 Waulrectu
1571 2509 1734 2608 bamuyt
1754 2510 1869 2586 dicer

214 2633 347 2708 Kirclze
374 2634 442 2707 alu
480 2633 709 2732 Gutustbririse
744 2637 861 2708 scinci·
891 2635 1101 2732 Vorpduyer
1126 2631 1207 2704 und
1229 2630 1380 2705 schliesst
1404 2631 1471 2702 ruit
1495 2630 1554 2702 tur
1580 2630 1639 2701 eiu
1670 2629 1866 2729 Tauscltye-

213 2754 330 2853 setosi
351 2756 407 2829 ab.
1412 2789 1483 2850 aaa
1504 2792 1565 2848 941
1590 2787 1750 2847 Demus
1770 2793 1822 2872 13,

318 2996 567 3071 Oripinoldiplom
589 3000 631 3056 im
653 2998 680 3056 lc.
704 2998 911 3058 Rcicltsarchio
932 3017 973 3057 aa
995 2995 1148 3056 Mainalion
1168 2992 1231 3072 (A).

316 3154 403 3213 Fries
425 3157 459 3212 ia
481 3155 624 3227 hadewio
646 3155 769 3214 Wirtzb.
790 3155 1015 3214 Gesclsiottsolrr.
1040 3152 1189 3225 4351209.
1213 3183 1255 3193 -
1278 3149 1380 3222 nau
1400 3147 1470 3209 ΒΑ.
1486 3151 1539 3216 20,
1564 3147 1648 3204 1016
1669 3150 1705 3202 πθ
1721 3149 1787 3206 328
1808 3165 1865 3207 aas

316 3258 478 3329 Abschrist.
501 3292 543 3301 —
566 3258 661 3331 quer
679 3257 780 3317 aesca
798 3257 1028 3316 Fruukeulauds
1043 3262 1073 3326 1,
1088 3259 1152 3315 324
1176 3251 1404 3325 mutuandis.
1428 3285 1469 3294 -—
1492 3251 1576 3311 Mon.
1593 3249 1687 3309 Boica
1709 3251 1778 3321 28⁰,
1802 3256 1866 3312 177

314 3367 349 3418 πθ
363 3364 427 3422 123
449 3379 505 3419 aus
527 3360 564 3420 A.
590 3395 632 3404 -
654 3360 785 3419 Bolsmer
805 3362 878 3434 Ray.
906 3364 975 3421 111.
1000 3393 1041 3402 -—
1064 3356 1194 3431 Stumpf
1210 3357 1281 3430 Ray.
1306 3359 1378 3414 101.

318 3516 381 3574 Vos
402 3515 470 3574 BB.
493 3517 568 3574 noch
590 3515 810 3591 Muqdcburqcr
830 3515 934 3574 Dictat
952 3514 1146 3588 oeschriebca.

314 3737 373 3816 (c.)
393 3737 408 3821 ξ
428 3736 468 3801 In
488 3739 620 3801 nomine
644 3747 777 3800 sanctae
801 3746 833 3799 et
854 3735 1042 3802 individuae
1071 3737 1234 3801 trinitatis.
1280 3731 1359 3798 Otto
1392 3731 1504 3798 divina
1531 3734 1661 3799 favente
1691 3733 1864 3801 clementia

162 3853 195 3902 25
212 3861 281 3902 rex.
369 3837 404 3904 Si
427 3839 638 3925 petitionibus
660 3839 804 3904 fidelium
832 3849 1017 3904 nostrorum
1046 3838 1222 3903 clementer
1251 3839 1474 3918 annuerimus,
1509 3859 1576 3902 nou
1605 3838 1711 3904 solum
1739 3841 1864 3923 regium

212 3963 335 4005 morem
358 3941 509 4006 decenter
531 3942 719 4027 implemus,
742 3965 856 4006 verum
878 3944 977 4006 etiam
999 3941 1131 4006 eosdem
1154 3941 1197 4006 ad
1220 3943 1316 4004 servi-
1338 3937 1353 4020 l
1374 3942 1455 4006 tium
1477 3950 1624 4005 nostrum
1646 3943 1864 4027 promptiores

212 4044 380 4109 efficimus.
419 4044 583 4126 Quocirca
604 4048 730 4110 noverit
753 4046 897 4110 omnium
919 4045 1064 4110 fidelium
1085 4055 1272 4110 nostrorum
1295 4054 1362 4110 tam
1385 4047 1582 4130 presentium
1605 4068 1704 4130 quam
1726 4055 1759 4110 et
1780 4046 1863 4111 futu·

211 4169 320 4212 rorum
342 4146 511 4230 industria,
535 4147 624 4235 quod
646 4169 707 4212 uos
729 4147 985 4231 flagitationibus
1010 4146 1118 4212 dilecti
1142 4169 1181 4212 ac
1196 4146 1393 4214 venerabilis
1416 4149 1562 4232 episcopi
1578 4150 1680 4212 nostri
1695 4148 1864 4234 Popponis

212 4249 472 4336 obtemperantes
495 4250 581 4315 clero
605 4253 639 4314 in
660 4250 733 4315 loco
757 4252 812 4336 qui
827 4249 1025 4334 Vuirciburg
1047 4251 1242 4333 nominatur,
1265 4249 1410 4315 eiusdem
1431 4249 1584 4315 videlicet
1605 4252 1752 4336 episcopi
1776 4251 1862 4332 sede,

162 4367 195 4414 ³0
213 4352 274 4418 deo
299 4353 488 4440 obsequenti
512 4353 678 4418 licentiam
701 4353 816 4418 damus
839 4352 981 4436 eligendi
1003 4356 1088 4417 inter
1110 4375 1144 4416 se
1166 4375 1402 4439 quemcumque
1427 4353 1589 4418 voluerint
1615 4352 1659 4416 ad
1687 4352 1862 4438 pastoralis

212 4457 312 4520 officii
335 4459 492 4541 regimen,
522 4479 597 4521 cum
620 4457 822 4520 necessitatis
846 4477 948 4520 causa
968 4455 1031 4519 hoc
1054 4459 1226 4541 expetierit
1247 4457 1333 4539 fieri,
1367 4467 1400 4520 et
1421 4456 1484 4520 hoc
1506 4466 1637 4520 nostrae
1660 4458 1863 4521 auctoritatis

211 4571 364 4646 precepto
389 4563 562 4643 sancimus,
585 4569 622 4624 ut
642 4559 751 4623 nullus
774 4580 1000 4623 successorum
1021 4569 1207 4624 nostrorum
1229 4559 1330 4624 alium
1351 4561 1398 4623 eis
1420 4561 1483 4622 nisi
1507 4581 1603 4644 quem
1624 4561 1686 4643 ipsi
1707 4557 1862 4641 elegerint

210 4665 387 4728 antistitem
415 4665 602 4728 constituat.
646 4663 798 4726 Preterea
827 4660 1011 4725 antedictae
1040 4659 1111 4725 sedi
1138 4660 1406 4747 Vuirciburgensi
1435 4664 1468 4726 in
1499 4661 1651 4726 omnibus
1678 4683 1738 4746 per
1766 4683 1861 4726 omne

210 4765 290 4830 illud
313 4767 515 4851 episcopium
537 4765 620 4830 tales
643 4765 838 4830 conferimus
862 4767 1091 4829 concessiones
1114 4765 1227 4850 quales
1250 4788 1271 4829 a
1293 4764 1578 4850 predecessoribus
1604 4767 1725 4830 nostn's
1753 4763 1860 4830 eidem

160 4880 192 4929 so
210 4890 269 4954 pro
293 4867 346 4933 dei
368 4892 479 4934 amore
502 4879 577 4934 sunt
599 4867 668 4932 sedi
692 4867 820 4954 collate.
855 4869 977 4934 Notum
1000 4871 1043 4934 sit
1064 4870 1163 4934 etiam
1186 4869 1347 4953 omnibus,
1370 4871 1447 4955 quia
1470 4868 1513 4932 ad
1535 4867 1715 4954 predictam
1734 4869 1861 4934 Vuirci-
1940 4859 1942 4866 ¹

210 4970 405 5057 burgensem
432 4973 542 5038 sedem
572 4972 686 5038 damus
717 4972 871 5059 quicquid
897 4975 932 5036 in
959 4971 1203 5037 Nordlreimono
1233 4995 1343 5038 marco
1378 4974 1587 5058 proprietatis
1620 4971 1793 5037 habuimus
1826 4974 1859 5035 in

210 5096 296 5160 pago
312 5075 476 5141 Craffclda
497 5079 532 5142 in
554 5079 712 5143 comitatu
728 5075 912 5160 Popponis,
936 5087 968 5140 et
990 5075 1086 5140 nobis
1108 5085 1243 5140 econtra
1265 5075 1336 5139 dari
1359 5074 1456 5140 debet
1477 5074 1552 5140 talis
1575 5077 1758 5160 proprietas
1781 5097 1860 5160 qua-

209 5178 273 5243 lem
288 5181 402 5266 Poppo
420 5203 529 5245 comes
544 5190 656 5245 noster
674 5178 718 5243 ad
733 5177 930 5243 Altendoref
940 5201 999 5264 pro
1022 5177 1138 5243 eadem
1160 5180 1414 5244 commutatione
1437 5179 1527 5264 prius
1550 5180 1703 5263 suscepit,
1727 5176 1858 5264 quando

209 5283 388 5350 Nordheim
409 5287 443 5350 in
465 5285 659 5350 beneficium
680 5283 807 5348 habuit.
852 5283 1010 5348 lussimus
1033 5305 1163 5369 quoque
1186 5281 1322 5348 eandem
1345 5279 1553 5346 traditionem
1575 5281 1638 5346 hoo
1666 5281 1767 5365 regali
1790 5302 1860 5365 pre·

159 5394 193 5442 ⁴0
210 5397 306 5472 cepto
329 5387 500 5453 certificari
523 5410 622 5454 manu
644 5397 758 5453 nostra
779 5389 906 5471 signato
930 5397 963 5451 et
984 5385 1073 5451 anuli
1095 5388 1196 5451 nostri
1220 5386 1432 5471 impressione
1455 5385 1679 5450 corroborato.

311 5577 353 5630 43.
379 5578 408 5643 b)
426 5577 652 5646 Msgdebmho
741 5578 767 5644 c)
785 5577 933 5629 Euarharto
951 5575 979 5626 Ε
1069 5577 1097 5642 d)
1115 5577 1235 5644 Dytmari
1252 5575 1280 5628 Ε
1365 5579 1389 5640 e)
1409 5576 1474 5626 illuc
1492 5575 1614 5641 legaliter
1632 5574 1660 5626 E
1744 5573 1765 5641 t')
1786 5574 1860 5624 Brun

382 5663 404 5700 c.
424 5663 447 5700 a.
467 5648 602 5715 Frydcrici
620 5647 845 5712 archicappellani
861 5646 897 5701 E.

264 5771 451 5818 Rammium
465 5774 482 5820 1.
1618 5768 1658 5828 17
