4560 6426
791 417 1018 473 uolumen
1037 395 1063 472 1.
1088 414 1278 471 ese-927.
1818 410 1861 474 49

316 603 377 660 Vou
404 605 498 660 etitem
528 601 557 660 S.
585 600 687 659 Goller
710 599 967 670 nostrorumst
991 600 1054 657 aad
1072 601 1272 672 ycscltricbco,
1301 618 1325 659 s.
1350 599 1446 660 Sichel
1468 601 1628 659 Sclnociacr
1649 603 1681 660 K
1685 603 1719 662 U.
1744 605 1793 663 15.
1821 635 1857 645 -

311 705 370 763 Dic
392 704 571 777 Aemlcruug
593 721 633 760 uu
656 702 709 760 (ἔον
734 703 809 760 chrl
831 703 887 774 fitr
908 704 956 761 die
978 705 1245 778 Regiorunqsy'ahrc
1269 707 1305 762 ist
1329 723 1380 762 uui
1402 723 1434 762 so
1463 707 1544 763 orror
1570 724 1610 762 au
1639 707 1787 776 hariolator,
1822 707 1862 764 cla

312 826 368 867 vrou
388 808 451 864 hier
473 825 513 864 (ιιι
535 809 568 864 in
591 809 672 864 einer
686 807 778 865 Rcilrc
800 825 854 864 rou
874 808 1034 866 Urhundovr
1058 807 1171 885 (DDH.
1190 813 1240 878 13,
1264 812 1315 877 14,
1341 812 1487 898 16-22,
1510 813 1562 878 24,
1586 827 1617 867 so
1640 810 1709 868 (loss
1731 829 1793 868 uuvr
1815 811 1862 868 die

310 910 547 981 ubsclrristliclreu
570 911 670 968 DDH.
688 913 739 981 15,
763 915 806 971 23
829 911 1022 969 Ausuuhmca
1045 911 1154 990 blldea)
1171 913 1219 970 die
1234 913 1502 985 Ilcyicrunysjuhre
1524 931 1574 970 ιιιι(
1598 915 1661 972 cius
1683 932 1721 971 au
1745 914 1861 987 niedrip

315 1017 461 1075 hcrcclrnct
485 1015 608 1074 urerdeu.

314 1170 372 1250 (C.)
395 1167 409 1249 l
431 1169 470 1232 In
493 1170 622 1233 nomine
646 1178 780 1232 sanctae
803 1177 835 1231 et
857 1167 1046 1232 individuae
1069 1169 1234 1233 trinitatis,
1262 1169 1437 1233 Heinricus
1460 1169 1571 1233 divina
1595 1170 1765 1234 ordinante
1787 1193 1860 1255 pro·

209 1273 354 1338 videntia
368 1296 438 1337 rex.
527 1271 680 1336 Omnium
704 1272 848 1336 fidelium
871 1280 1057 1338 nostrorum
1080 1275 1301 1357 praesentium
1324 1273 1477 1337 videlicet
1493 1283 1525 1337 et
1540 1274 1749 1338 absentiuml
1771 1275 1860 1358 agui-

209 1379 288 1441 tioni
318 1373 490 1462 patefiatb,
520 1377 608 1461 qnod
636 1375 855 1440 venerabilisc
877 1377 1067 1440 monasterii
1091 1379 1195 1440 sancti
1216 1375 1309 1444 Galli
1328 1376 1415 1440 abba
1438 1377 1549 1462 Engil-
1565 1375 1579 1456 ξζ
1593 1377 1706 1442 bertus
1729 1401 1787 1462 pcr
1814 1380 1859 1441 in-

209 1489 391 1544 terventum
424 1477 634 1544 honorandid
668 1481 770 1564 patris
804 1489 837 1542 et
870 1479 1109 1565 archiepiscopi
1143 1480 1293 1564 Herigeri
1328 1489 1596 1566 caeterorumque
1630 1483 1722 1566 regni
1757 1484 1860 1546 nostri

160 1602 192 1648 1o
210 1586 438 1668 primariorum
457 1582 653 1669 imploravit,
673 1593 833 1669 quatenus
849 1586 1129 1670 conscriptiones⁰
1149 1595 1181 1648 ct
1196 1594 1372 1669 praccepta
1388 1584 1431 1649 ab
1447 1587 1711 1650 antecessoribus
1726 1588 1857 1668 nostris,
1930 1641 1938 1656 ,

208 1687 340 1771 regibus
371 1688 496 1752 scilicet
526 1698 559 1751 et
588 1687 840 1773 imperatoribus
869 1687 1038 1753 monachis
1068 1697 1100 1751 et
1129 1691 1326 1752 monasterio
1359 1691 1463 1752 sancti
1488 1688 1577 1754 Gralli
1600 1689 1725 1754 exibita
1748 1700 1860 1754 nostra

209 1794 307 1857 etiam
330 1792 576 1856 confirmatione
598 1791 836 1856 roboraremus.
876 1789 937 1855 Cui
961 1794 1110 1877 petitioni
1133 1791 1341 1877 placabiliter
1362 1816 1533 1856 assensum
1556 1793 1729 1878 prebentes
1752 1794 1860 1858 simul·

209 1918 271 1982 que
302 1896 445 1980 priorum
474 1897 652 1959 constituta
682 1918 779 1980 super
812 1897 1049 1960 immunitatem
1079 1897 1184 1959 sancti
1214 1895 1276 1960 loci
1309 1897 1547 1982 perpendentes
1579 1899 1798 1982 praecipimus
1827 1907 1859 1961 ct

210 2001 397 2081 statuimus,
432 2009 468 2062 ut
495 2001 711 2084 prescriptum
741 2000 934 2063 coenobium
964 2023 1003 2063 ea
1031 2001 1234 2064 immunitate
1264 2001 1423 2064 subsistat
1452 2003 1535 2065 sieut
1561 2010 1726 2066 cartarum
1749 2011 1860 2065 textus

160 2121 191 2167 15
210 2104 314 2168 eidem
344 2103 416 2167 loco
445 2099 728 2187 conscriptarurus
754 2105 915 2185 enuntiat,
951 2113 986 2167 ut
1009 2103 1162 2167 videlicet
1188 2104 1339 2168 monaehi
1370 2106 1402 2167 in
1426 2105 1497 2189 ipso
1521 2107 1719 2169 monasterio
1743 2129 1860 2169 conve·

208 2210 333 2271 nientes
358 2208 536 2272 secundum
558 2207 704 2290 regulam
730 2209 834 2271 sancti
857 2207 1027 2271 Benedicti
1055 2207 1210 2271 abbatem
1238 2211 1347 2271 interg
1376 2231 1410 2272 se
1439 2208 1604 2272 licentiam
1633 2208 1777 2273 habeant
1805 2209 1860 2272 eli·

208 2312 315 2397 gendi,
339 2320 371 2375 et
395 2321 430 2374 ut
458 2307 570 2375 idem¹¹
600 2310 794 2374 coenobium
818 2332 892 2374 eum
919 2313 1068 2396 personis
1097 2311 1292 2375 intrinsecus
1316 2312 1368 2375 vel
1391 2313 1572 2376 forinsecus
1596 2313 1658 2376 sibi
1682 2313 1860 2378 coherenti-

207 2414 300 2499 busl,
335 2416 429 2480 terris
458 2437 586 2503 quoque
616 2415 712 2478 cultis
741 2423 774 2477 ot
801 2413 932 2478 incultis
963 2414 1007 2479 ad
1036 2437 1070 2477 sc
1098 2415 1181 2478 iuste
1212 2414 1366 2479 donativo
1388 2438 1427 2478 ac
1451 2415 1601 2500 legaliter
1624 2416 1860 2502 pertinentibus

208 2530 320 2585 nostro
348 2529 597 2605 nostrorumque
628 2521 854 2583 sircoessornm
885 2528 961 2603 post
989 2519 1086 2583 deum
1116 2529 1148 2583 et
1177 2527 1309 2584 sanctos
1339 2521 1408 2582 eins
1438 2521 1652 2605 municipatui
1678 2520 1860 2585 subiectum

159 2648 192 2694 so
210 2625 330 2688 nullius
354 2624 530 2710 superioris
553 2634 610 2688 aut
633 2625 794 2688 inferioris
821 2646 981 2708 personae
1004 2622 1198 2687 difficultate
1221 2623 1369 2687 turbetur
1391 2631 1449 2686 ant
1471 2625 1704 2708 cuiuscumque
1727 2646 1860 2709 precep-

210 2731 307 2793 tionis
332 2729 400 2792 sive
424 2728 636 2793 districtionis
660 2728 842 2792 molestiam
871 2728 1031 2810 patiatur,
1067 2727 1124 2791 sed
1153 2726 1251 2790 liccat
1281 2727 1342 2811 ipsi
1373 2725 1486 2790 abbati
1517 2729 1586 2790 sine
1612 2726 1709 2791 ullius
1733 2737 1860 2792 contra·

208 2832 360 2897 dictionis
383 2832 553 2896 obstaculo
575 2831 755 2896 monachos
779 2854 856 2896 suos
878 2829 1072 2912 regulariter
1093 2854 1216 2915 regere,
1239 2830 1384 2894 familiae
1399 2833 1577 2915 precipere,
1601 2854 1654 2894 res
1669 2834 1859 2896 monasterii

209 2937 369 3020 ordinare,
393 2939 479 3002 intus
503 2961 559 3000 seu
583 2937 662 3001 foris
687 2938 796 3001 omnia
818 2937 911 3000 irtxta
934 2934 1061 2998 consilii
1086 2938 1135 2999 sui
1159 2937 1381 3020 provisionem
1404 2935 1557 3000 decenter
1579 2958 1722 3020 congrue
1745 2945 1777 2999 et
1799 2937 1859 2999 uti-

207 3041 281 3105 liter
309 3041 508 3126 gubernare,
543 3043 675 3126 negotia
699 3042 797 3104 etiam
821 3062 984 3124 causeque
1007 3041 1213 3120 monasterii,
1248 3038 1379 3125 quondo
1403 3040 1609 3103 necessitatis
1634 3039 1713 3103 ordo
1737 3040 1783 3103 ita
1808 3062 1859 3104 oe-

158 3167 190 3213 25
209 3149 309 3210 currit
317 3198 326 3229 ,
356 3170 414 3231 per
436 3156 587 3211 coactum
610 3147 784 3230 exigantur
807 3146 1042 3226 iuramentum,
1074 3146 1177 3229 ipsius
1200 3145 1388 3208 monasterii
1413 3143 1610 3207 officialibus
1633 3152 1665 3206 ct
1688 3143 1860 3208 advocatis

208 3252 241 3314 in
270 3252 439 3336 exigendis
469 3251 681 3315 circumcirca
710 3248 855 3312 ciusdem
884 3247 948 3311 loci
977 3246 1075 3312 rebus
1104 3249 1154 3311 ius
1184 3247 1245 3311 sibi
1269 3271 1289 3311 a
1313 3246 1408 3312 nobis
1431 3270 1624 3312 concessum
1652 3247 1859 3313 habentibus.

208 3356 312 3439 lgitnr
334 3364 370 3418 ut
392 3355 597 3439 praedictum
620 3363 670 3417 cst
693 3351 753 3416 sub
776 3361 890 3416 nostra
913 3353 1059 3416 tuitionis
1088 3353 1292 3417 immunitate
1321 3351 1413 3415 locus
1442 3361 1654 3437 praenotatus
1679 3351 1860 3416 subsistens

208 3458 250 3522 ab
269 3461 360 3530 omni
385 3458 512 3522 alienae
535 3458 755 3543 inquisitionis
779 3480 836 3520 seu
855 3452 1084 3520 exsectionis*
1107 3455 1257 3520 molestia
1280 3478 1413 3520 securus
1437 3464 1637 3541 permaneat,
1661 3465 1697 3519 ut
1720 3455 1771 3519 dei
1796 3479 1860 3520 ser·
1930 3485 1935 3494 ·

207 3561 367 3627 vitoribus
395 3561 474 3626 inibi
505 3560 698 3646 degentibus
728 3583 787 3646 pro
817 3559 912 3624 nohis
941 3569 974 3623 et
1001 3562 1092 3646 regni
1121 3563 1224 3625 nostri
1256 3560 1435 3626 stabilitate
1466 3563 1535 3625 sine
1564 3559 1674 3646 aliqua
1698 3561 1860 3626 forinseca

157 3683 190 3732 30
208 3667 429 3754 inquietudine
453 3668 666 3753 omnipotenti
690 3666 752 3730 deo
775 3666 874 3730 liceat
896 3666 1015 3749 iugiter
1039 3665 1234 3750 supplicare.
1272 3664 1317 3728 Et
1339 3674 1375 3729 ut
1396 3663 1459 3730 hoc
1482 3675 1614 3730 nostrae
1637 3665 1860 3730 concessionis

207 3783 418 3858 praeceptum
447 3795 506 3857 per
534 3771 633 3835 futuri
664 3771 820 3856 temporis
849 3769 1010 3833 curricula
1039 3779 1147 3834 ratum
1176 3779 1380 3854 perseveret,
1412 3792 1512 3834 manu
1534 3779 1647 3835 nostra
1676 3769 1758 3834 illud
1780 3770 1860 3833 assi·

207 3886 345 3962 guantes
368 3877 568 3942 firmavimus
591 3884 624 3938 et
646 3873 735 3938 anuli
758 3876 861 3939 nostri
884 3872 1140 3959 impraessionol
1163 3876 1270 3938 notari
1293 3875 1559 3959 praecipimus.m

308 4011 322 4094 ξ
345 4015 482 4100 Signum
506 4013 615 4078 domni
641 4015 731 4095 (ΜΡ.)
757 4013 904 4078 Heinrici
927 4015 1125 4104 serenissimi
1147 4015 1245 4099 regis.
1259 4024 1273 4052 ¹¹
1295 4015 1309 4099 ξ

310 4116 324 4199 ἓ
346 4120 459 4184 Simon
481 4119 628 4182 notarius
651 4117 801 4182 advicem
824 4117 974 4201 Herigeri
997 4116 1251 4202 archicapellani
1275 4119 1452 4201 recognovi
1476 4127 1508 4182 ct
1529 4123 1543 4204 ξ
1567 4119 1650 4198 (SR.)
1682 4119 1740 4200 (SI.
1758 4118 1800 4196 2.)

158 4267 190 4316 35
310 4257 400 4321 Data
429 4274 465 4320 11.
494 4279 569 4320 non.
599 4278 674 4318 nov.
703 4277 789 4319 anno
819 4255 1003 4320 dominicae
1035 4256 1270 4319 incarnationis
1299 4272 1513 4338 cccccxxm,
1543 4257 1654 4321 indict.
1679 4274 1741 4338 xv,
1772 4280 1859 4322 anno

207 4384 285 4426 vero
307 4362 398 4445 regni
421 4360 648 4445 gloriosissimi
671 4361 758 4444 regis
781 4359 926 4423 Heinrici
952 4376 1001 4422 v11
1009 4368 1042 4440 3⁰
1071 4368 1179 4422 actum
1204 4358 1439 4441 Unormaeiae;
1474 4361 1507 4423 in
1531 4360 1582 4423 dci
1606 4362 1736 4424 nomine
1759 4360 1859 4424 solici-

208 4476 257 4530 ter
280 4488 385 4530 amen.

209 4733 380 4808 Heinrich
398 4734 524 4808 sichart
540 4732 619 4805 deur
633 4731 774 4805 Kloster
792 4731 957 4830 Herford
974 4730 1085 4805 derrch
1103 4731 1180 4802 eino
1200 4756 1287 4802 norm
1302 4729 1718 4828 Bestdtiqunpsurhu-vulo
1737 4729 1858 4803 (lusson

158 4885 191 4933 ιο
208 4856 442 4930 Basternae.
1448 4890 1542 4949 Basca
1564 4895 1628 4952 927
1650 4889 1742 4946 Merra
1764 4893 1814 4948 18.

314 5049 561 5123 Oripe'nolde'plom
585 5051 624 5105 im
647 5048 674 5105 lc.
699 5046 902 5106 Storasurclrio
923 5065 963 5104 au
985 5047 1090 5104 Berlin
1114 5045 1178 5125 (A).

312 5177 535 5258 (Fitrslenbery)
561 5179 643 5235 Mon.
667 5177 791 5236 Pudcrb.
822 5178 866 5236 erl.
892 5183 926 5234 11
931 5223 937 5246 ,
960 5181 1024 5237 224
1047 5197 1104 5238 aus
1126 5177 1155 5236 A
1179 5201 1219 5231 =
1243 5179 1372 5237 Meibom
1395 5176 1448 5236 SS.
1473 5182 1507 5246 1,
1531 5179 1611 5248 358,
1637 5199 1676 5229 =
1702 5177 1859 5256 (Fit-rsten-

315 5283 393 5362 bery)
418 5285 462 5342 M.
486 5284 520 5340 P.
545 5281 588 5343 ed.
613 5289 674 5353 111,
697 5287 771 5355 201,
796 5307 836 5336 =
858 5283 902 5341 cd.
927 5287 976 5350 lv,
998 5285 1071 5344 208.
1099 5315 1135 5324 -
1162 5283 1285 5343 Sclaeotcn
1306 5283 1385 5341 Aac.
1403 5279 1526 5339 Pculerb.
1552 5281 1595 5340 ed.
1615 5287 1640 5354 1,
1664 5288 1693 5352 1,
1716 5286 1777 5342 261
1803 5301 1860 5342 aas

316 5452 355 5507 12.
382 5454 489 5522 {Sickoll
593 5457 618 5518 a)
638 5473 655 5507 u
678 5456 731 5521 aas
748 5455 836 5506 amur
939 5454 966 5515 b)
986 5455 995 5502 i
1018 5452 1068 5516 αιι]
1087 5452 1175 5504 Burm-
1278 5455 1302 5514 e)
1322 5454 1330 5503 l
1354 5451 1407 5516 oras
1424 5450 1512 5502 Rarus·
1615 5451 1641 5512 d)
1661 5450 1711 5501 dcc
1733 5452 1818 5501 accde
1841 5468 1858 5501 n

160 5523 192 5570 46
381 5525 442 5574 tiber
459 5525 507 5575 der
523 5524 593 5575 Zeila
609 5526 796 5591 nochyetraqen
892 5523 916 5584 e)
935 5539 947 5572 r
964 5522 1026 5572 Iber
1043 5521 1090 5572 dar
1107 5521 1177 5572 &Ile
1193 5521 1380 5588 aachquroyen
1477 5520 1503 5581 ι’)
1522 5521 1642 5583 corripirt
1660 5537 1708 5571 aar
1726 5523 1859 5586 conscrip-

381 5601 497 5645 turarum
600 5599 627 5660 g)
652 5599 679 5645 in
705 5595 759 5657 aus
778 5593 867 5644 Raeto·
974 5592 1000 5653 h)
1025 5608 1071 5642 vor
1096 5594 1105 5641 i
1132 5591 1220 5642 Rasur
1327 5593 1346 5654 i)
1374 5589 1391 5638 h
1417 5588 1479 5637 uter
1504 5587 1551 5638 dar
1577 5588 1647 5638 aas
1672 5589 1860 5655 aoehpdraqeu

381 5664 408 5726 lr)
428 5679 493 5714 exue
508 5663 513 5728 Ι
528 5663 666 5715 ctionisA
770 5664 788 5724 l)
808 5661 857 5712 dar
878 5663 963 5712 swelle
986 5677 999 5711 s
1022 5677 1070 5710 oue
1092 5663 1101 5710 i
1124 5660 1261 5711 oabcssert
1364 5661 1399 5720 nr)
1419 5660 1427 5706 i
1447 5673 1509 5723 prae
1533 5657 1586 5719 oris·
1602 5657 1693 5710 liwir
1795 5661 1860 5725 ¹¹)ss

380 5731 433 5795 ores
445 5732 532 5784 Bam
636 5737 662 5796 o)
681 5735 801 5799 corripirl
819 5747 866 5780 atu
883 5743 948 5784 v111.

262 5822 447 5866 marturan
460 5825 478 5866 1.
1632 5818 1650 5874 7
