4576 6428
883 428 1008 488 ΟΤΤΟ
1030 431 1053 486 Ι.
1079 426 1151 486 963.
1777 425 1838 490 371

296 613 376 683 Ana.
393 617 551 691 Bolopaesi
573 613 616 689 1⁶,
641 621 681 677 44
703 624 738 676 a⁰
752 619 794 677 25
817 633 873 675 aus
888 614 926 674 A.
943 647 987 657 -
1003 616 1174 676 Tirubosohi
1196 617 1287 677 Mem.
1311 622 1381 678 stor.
1398 617 1553 678 Modenesi
1575 613 1618 690 1⁶,
1642 623 1705 679 129
1728 623 1762 676 κθ
1777 621 1841 678 106
1902 705 1903 708 ¹

295 735 352 777 aas
374 718 412 778 A.
436 753 479 762 --
501 721 638 802 Bruma,
653 723 726 795 Rea.
749 722 823 782 275.
847 752 891 761 —
913 719 1041 793 Stampf
1060 719 1132 794 Req.
1156 723 1229 780 332.
1832 733 1834 738 ’

298 856 432 928 Verfasst
453 858 519 917 aad
536 859 723 932 peschrimca
744 876 800 917 oon
822 859 863 917 It.
890 856 921 917 C.

296 1042 353 1123 (Ο.)
373 1046 388 1127 3
409 1043 447 1107 In
463 1045 594 1109 nomine
618 1050 752 1108 sanctae
774 1053 806 1108 et
822 1041 1011 1108 individuae
1033 1043 1198 1107 trinitatis.
1238 1040 1316 1107 Otto
1341 1041 1452 1107 divina
1476 1042 1645 1110 ordinante
1668 1045 1840 1110 clementia

160 1154 175 1202 5
194 1148 373 1230 imperator
395 1157 563 1230 augustus.
666 1145 702 1211 Si
716 1145 812 1211 nobis
836 1145 955 1210 devote
976 1143 1210 1210 famulantibus
1232 1145 1393 1211 beneficia
1414 1156 1546 1211 nostrae
1569 1146 1760 1213 clementiae
1777 1147 1839 1213 lar·

194 1252 313 1334 gimur,
344 1248 505 1315 fideliores
535 1273 591 1316 eos
614 1249 710 1314 nobis
733 1250 802 1314 iore
825 1270 891 1314 non
914 1246 1111 1313 dubitamus.
1139 1249 1153 1332 ᾖ
1183 1247 1348 1329 Quocirca
1372 1251 1514 1314 omnium
1536 1249 1681 1315 fidelium
1705 1259 1839 1316 sanctae

194 1352 246 1417 dei
275 1350 433 1417 ecclesiae
461 1361 711 1437 nostrorumque
737 1353 936 1438 presentium
959 1350 1084 1416 scilicet
1105 1370 1145 1414 ac
1168 1351 1349 1416 futurorum
1373 1355 1500 1417 noverit
1521 1354 1731 1436 universitas,
1761 1377 1838 1441 qua·

193 1456 265 1521 liter
287 1478 348 1521 nos
369 1454 520 1520 consultu
544 1477 583 1519 ac
605 1458 789 1520 interventu
805 1453 984 1538 Adelheidq
1007 1453 1125 1539 dilecte
1149 1456 1297 1539 coniugis
1319 1464 1430 1540 nostre
1452 1477 1691 1543 regnorumque
1713 1468 1839 1523 nostro·

193 1580 264 1624 rum
295 1559 456 1623 consortis
486 1579 545 1642 per
574 1556 670 1622 huius
701 1559 803 1622 nostri
834 1559 979 1642 precepti
1011 1559 1166 1641 paginam
1197 1559 1411 1643 proprietario
1444 1561 1513 1624 iure
1543 1560 1753 1628 concedimus
1782 1584 1839 1626 seu

146 1670 178 1718 10
196 1659 355 1726 donamus
382 1659 526 1726 Uuidoni
557 1660 734 1725 venerabili
766 1662 920 1746 episcopo
953 1659 1137 1746 dilectoque
1170 1670 1281 1725 nostro
1316 1660 1406 1726 fideli
1431 1685 1632 1748 ¹summoque
1664 1686 1838 1749 regnorum

192 1774 375 1830 nostrorum
405 1763 593 1829 consiliario
624 1786 735 1829 omnes
763 1765 978 1851 proprietates
1006 1762 1059 1826 vel
1085 1785 1137 1826 res
1168 1785 1229 1848 quq
1259 1784 1317 1847 per
1346 1761 1596 1851 qualiacumque
1624 1768 1839 1833 instrumenta

192 1877 356 1933 cartarum
390 1867 592 1933 obvenerunt
613 1866 758 1932 Uuidoni
789 1866 953 1952 quondam
983 1865 1165 1931 marchioni
1197 1889 1254 1932 seu
1278 1866 1429 1932 Conrado
1455 1870 1509 1955 qui
1532 1877 1564 1932 et
1587 1866 1678 1934 Oono
1710 1868 1837 1952 dicitur,

191 1970 266 2035 filiis
289 1971 480 2054 Berengarii
502 1993 559 2035 seu
580 1969 689 2054 Uuille
710 1971 813 2056 ipsius
835 1970 1026 2054 Berengarii
1048 1971 1162 2035 uxoris
1185 1990 1362 2054 eorumque
1382 1973 1512 2053 matris,
1535 1980 1603 2036 tam
1625 1973 1658 2035 in
1681 1975 1839 2038 comitatu
1877 2047 1879 2054 ,

154 2133 158 2138 ⁴
191 2074 374 2158 Motinense
403 2097 461 2138 seu
482 2074 695 2157 Boloniense,
729 2095 795 2138 una
822 2095 898 2138 cum
925 2075 1018 2138 terris
1049 2075 1136 2156 agris
1165 2072 1390 2138 mansionibus
1420 2076 1545 2160 campis
1574 2077 1685 2159 pratis
1706 2079 1838 2159 pascuis

142 2191 174 2240 15
193 2175 282 2240 silvis
310 2178 415 2242 vineis
444 2176 573 2242 salectis
596 2177 783 2242 sacionibus
807 2179 900 2262 aquis
924 2197 1146 2263 aquarumque
1169 2174 1359 2242 decursibus
1383 2176 1578 2243 molendinis
1602 2178 1838 2262 piscationibus

191 2281 419 2347 venationibus
447 2281 612 2348 montibus
641 2282 771 2368 alpibus
798 2280 940 2346 vallibus
968 2280 1171 2366 planiciebus
1201 2282 1303 2346 servis
1326 2290 1358 2345 et
1380 2279 1509 2346 ancillis
1539 2279 1715 2346 mobilibus
1738 2291 1770 2346 et
1791 2284 1838 2346 in-

192 2383 367 2449 mobilibus
389 2384 497 2468 rebus,
522 2387 630 2449 omnia
653 2394 685 2449 et
708 2407 750 2449 ex
774 2383 923 2450 omnibus
947 2387 980 2448 in
1002 2387 1166 2470 integrum
1189 2391 1362 2469 pretaxato
1385 2383 1563 2449 venerabili
1587 2387 1742 2470 episcopo
1759 2384 1838 2450 Uui-

193 2487 270 2552 doni
300 2487 484 2574 dilectoque
506 2496 619 2554 nostro
642 2488 731 2553 fideli
755 2489 914 2554 donamus
938 2498 1036 2575 atque
1058 2486 1214 2572 largimur
1237 2495 1333 2551 etex
1356 2496 1468 2552 nostro
1491 2489 1560 2552 iure
1584 2496 1615 2552 et
1638 2487 1781 2552 dominio
1805 2490 1839 2552 in

192 2592 261 2654 eius
282 2591 333 2655 ius
357 2599 388 2654 et
412 2590 590 2655 dominium
616 2593 745 2656 omnino
769 2591 1026 2656 transfundimus
1049 2612 1088 2654 ac
1112 2588 1308 2673 delegamus,
1332 2599 1367 2653 ut
1389 2591 1458 2654 iure
1481 2592 1695 2675 proprietario
1719 2589 1840 2657 habeat

141 2704 173 2752 20
191 2703 300 2757 teneat
332 2693 531 2779 firmiterque
565 2693 733 2777 possideat
766 2693 948 2780 habeatque
983 2702 1177 2779 potestatem
1209 2691 1342 2757 tenendi
1377 2690 1520 2757 donandi
1554 2692 1716 2758 vendendi
1751 2716 1837 2759 com·

190 2795 337 2862 mutandi
370 2819 429 2882 pro
465 2799 575 2861 anima
604 2796 770 2862 iudicandi
800 2796 852 2861 vel
883 2795 1039 2883 quicquid
1069 2797 1137 2861 eius
1169 2796 1296 2860 animus
1326 2794 1444 2860 exinde
1475 2794 1657 2861 decreverit
1687 2796 1837 2881 faciendi,

192 2901 335 2964 omnium
359 2899 617 2964 contradictione
639 2908 781 2982 remota3
804 2907 837 2964 et
858 2899 941 2964 side
962 2901 1043 2984 ipsis
1066 2896 1368 2985 adquisitio[ni]bus
1391 2898 1476 2962 infra
1498 2900 1688 2964 comitatum
1702 2900 1839 2984 Regien-

192 3013 283 3087 sqm⁸
312 3005 456 3068 invenire
486 3005 618 3088 poterit,
648 3005 683 3068 in
710 3001 772 3067 hac
802 3013 915 3068 nostra
938 3003 1113 3068 donatione
1143 3011 1342 3089 permaneat.
1380 2998 1598 3066 Concedimus
1626 3004 1723 3068 etiam
1746 3004 1837 3067 utin

191 3105 418 3193 qualicumque
441 3127 582 3191 persona
599 3106 638 3170 de
654 3108 734 3191 ipsis
748 3107 972 3171 instrumentis
995 3114 1161 3170 cartarum
1182 3106 1327 3169 invenire
1350 3105 1470 3188 poterit
1484 3112 1516 3166 et
1530 3102 1665 3169 reddere
1688 3104 1836 3188 noluerit,

139 3220 172 3268 25
191 3218 247 3273 aut
263 3207 493 3273 sacramentol
515 3209 622 3273 firmet
637 3207 725 3293 quod
740 3210 831 3294 ipsas
853 3208 1022 3273 firmitates
1044 3231 1112 3274 non
1134 3208 1314 3292 habuisset,
1337 3216 1394 3273 aut
1416 3216 1548 3272 eentum
1569 3230 1743 3273 mancosos
1766 3210 1837 3274 auri

191 3321 376 3397 componat.
411 3311 631 3396 Precipientes
654 3310 794 3397 denique
816 3310 964 3376 iubemus
987 3321 1033 3394 ut,
1059 3313 1085 3375 si
1108 3310 1155 3375 illi
1178 3333 1314 3376 necesse
1336 3311 1442 3392 fuerit,
1467 3334 1487 3374 a
1502 3312 1621 3376 comite
1645 3333 1701 3376 seu
1724 3321 1836 3377 nostro

191 3417 290 3479 misso
320 3415 372 3479 vel
395 3436 416 3478 a
437 3415 569 3501 reliquis
600 3413 810 3480 exactoribus
840 3416 886 3478 rei
916 3414 1046 3500 publice
1076 3415 1242 3501 inquisitio
1274 3415 1303 3478 ei
1334 3413 1534 3479 concedatur
1564 3435 1604 3477 ac
1628 3415 1655 3478 si
1678 3413 1718 3478 de
1740 3414 1836 3480 rebus

190 3519 268 3582 iuris
289 3520 380 3603 regni
403 3521 517 3602 nostri,
540 3540 711 3605 perquam
734 3519 976 3604 inquisitionem
999 3520 1069 3604 ipse
1093 3517 1257 3603 predictus
1280 3518 1456 3603 episcopus
1478 3519 1567 3602 ipsas
1590 3540 1642 3580 res
1665 3516 1836 3603 adquirere

190 3625 304 3707 possit.
339 3622 374 3687 Si
391 3623 463 3708 quis
485 3623 584 3706 igitur
605 3621 700 3687 huius
723 3631 832 3706 nostre
856 3623 1060 3688 auctoritatis
1084 3644 1141 3686 seu
1164 3621 1351 3686 donationis
1376 3629 1565 3706 preceptum
1588 3620 1762 3704 infringere
1784 3620 1836 3685 vel

140 3735 173 3782 30
190 3725 314 3790 violare
328 3727 544 3811 temptaverit,
570 3728 653 3789 sciat
668 3748 702 3790 se
718 3725 974 3810 compositurum
990 3725 1059 3790 auri
1077 3726 1189 3809 optimi
1205 3723 1305 3789 libras
1321 3725 1463 3807 triginta,
1479 3722 1687 3789 medietatem
1702 3724 1835 3810 kamere

189 3838 298 3912 nostre
322 3838 354 3893 et
375 3828 582 3892 medietatem
605 3828 730 3913 prefato
755 3829 910 3912 episcopo
933 3826 1108 3892 Uuidone⁰
1130 3827 1182 3891 vel
1205 3829 1257 3892 cui
1280 3830 1351 3914 ipse
1375 3825 1501 3891 dederit
1522 3836 1580 3892 aut
1601 3826 1745 3912 hab[ere]
1773 3837 1837 3893 sta·

189 3934 295 3997 tuerit.
334 3931 432 4012 Quod
450 3942 485 3996 ut
506 3933 614 3996 verius
638 3930 790 3995 credatur
813 3939 845 3994 et
867 3929 1054 4014 diligentius
1077 3931 1118 3996 ab
1145 3929 1322 4015 [omnlibus
1346 3929 1537 3995 observetur
1544 3981 1552 4013 ,
1584 3933 1737 3996 iussimus
1759 3930 1835 3995 inde

188 4035 251 4100 hoc
273 4057 407 4121 presens
431 4043 619 4119 preceptum
636 4032 808 4116 conscribi,
832 4056 931 4098 manu
946 4036 1078 4119 propria
1093 4034 1286 4100 roborantes
1302 4033 1399 4099 anulo
1415 4043 1528 4098 nostro
1544 4035 1578 4097 in
1594 4033 1684 4098 calce
1701 4034 1834 4119 sigillari

188 4161 352 4204 iussimus.

138 4284 172 4331 35
292 4276 305 4356 ἓ
328 4274 465 4360 Signum
488 4272 598 4338 domni
622 4271 753 4338 Ottonis
777 4275 887 4358 magni
911 4283 942 4338 et
964 4275 1168 4339 invictissimi
1194 4277 1259 4356 (Μ.)
1283 4277 1489 4360 imperatoris
1513 4277 1690 4362 augusti}

291 4378 305 4460 ξ
328 4378 515 4464 Liutgerius
538 4376 753 4443 cancellarius
776 4374 927 4440 advioem
946 4375 1107 4442 Uuidonis
1131 4380 1278 4463 episcopi
1301 4386 1333 4442 et
1355 4378 1635 4444 archicancellarii
1657 4381 1833 4464 recognovi

189 4490 221 4545 et
244 4481 433 4567 subscripsi.
456 4481 470 4565 ξ
1719 4483 1776 4563 (SI.
1793 4482 1835 4560 3.)

291 4620 381 4684 Data
402 4637 439 4684 11.
462 4619 535 4683 idus
560 4627 641 4704 sept.
666 4639 751 4682 anuo
775 4616 937 4701 dominice
960 4619 1194 4684 incarnationis
1218 4633 1434 4701 nccccnxul,
1457 4616 1634 4683 indictione
1657 4633 1722 4698 vu,
1747 4639 1833 4682 anno

189 4724 315 4807 imperii
338 4724 448 4807 magni
465 4721 596 4788 Ottonis
619 4721 824 4805 imperatoris
848 4722 978 4806 augusti
1001 4738 1044 4803 113
1067 4731 1177 4787 actum
1193 4725 1226 4787 in
1241 4729 1351 4786 monte
1366 4722 1492 4786 Feretri
1515 4719 1559 4784 ad
1580 4729 1707 4805 petram
1729 4721 1834 4784 sancti

138 4836 172 4883 40
190 4825 322 4890 Leonis.

274 5009 333 5066 200.
362 5011 532 5080 [Lasohitzer]
636 5016 662 5076 a)
680 5013 865 5080 ursprr'r'apliclt
887 5015 1014 5064 comitatu
1032 5014 1175 5080 Regiensq,
1202 5013 1274 5064 donn
1297 5013 1344 5063 mit
1366 5012 1477 5064 medear
1497 5011 1570 5063 licto
1586 5007 1833 5076 Atmmrqaasat

359 5083 421 5133 {tter
438 5099 456 5133 u
474 5083 528 5134 und
548 5100 562 5134 e
579 5082 767 5148 aocbpetrapcu
869 5083 898 5145 b)
918 5099 933 5132 o
952 5097 1017 5134 corr.
1037 5098 1117 5133 crue
1219 5084 1243 5146 c)
1263 5081 1295 5132 A.
