4538 6436
414 417 478 482 530
1011 425 1461 485 KAISERURKUNDEN.

518 611 606 675 Data
622 627 694 673 vm.
710 606 778 674 kal.
794 608 875 673 febr.
899 630 985 672 anno
1006 607 1189 671 dominicae
1208 608 1443 671 incarnationis
1465 621 1659 688 nccccnxx,
1683 604 1860 670 indictione
1876 623 1951 688 xm,
1976 629 2065 670 anno

415 752 491 796 vero
514 731 641 816 imperii
654 741 667 768 ¹
690 730 799 794 domni
824 727 957 794 Ottonis
973 709 1066 810 vuit,
1096 726 1154 792 filii
1177 735 1288 791 autem
1310 729 1380 791 eius
1403 711 1474 808 111⁰13
1504 735 1613 790 actum
1636 726 1670 788 in
1694 724 1745 790 dei
1768 727 1897 790 nomine
1925 726 2067 811 Papie.y

1192 982 1279 1057 389.

423 1140 503 1218 Otto
522 1142 662 1215 scienti
679 1141 743 1214 der
761 1139 1063 1236 cr·zbtscboflichcn
1082 1139 1217 1212 Kirche
1234 1165 1279 1212 zu
1297 1135 1475 1236 Solzbnrp
1496 1136 1713 1234 Nidrinbos,
1730 1136 1886 1236 fitnfzfp
1904 1137 2064 1235 Koraips-
2177 1109 2181 1116 Δ

411 1261 525 1359 boisce
547 1261 707 1352 dusclbst,
736 1260 807 1334 dea
829 1261 937 1332 Forat
957 1259 1101 1351 sanat,
1131 1260 1201 1334 den
1228 1259 1296 1334 Ort
1321 1259 1471 1332 Leibaiz
1498 1259 1578 1331 rand
1602 1260 1724 1331 scinco
1746 1259 1863 1332 Besftz
1890 1260 1931 1331 in
1954 1259 2100 1337 &sibe

1369 1423 1372 1432 ·
1667 1399 1764 1456 Pacta
1786 1402 1850 1458 970
1872 1399 1965 1456 Mdra
1988 1403 2017 1456 7.

516 1589 763 1664 Oriyinaldiptom
786 1592 827 1647 im
850 1589 877 1648 tc.
897 1589 924 1645 lc.
949 1589 988 1646 Π.
1013 1589 1052 1646 Η.
1076 1588 1141 1646 aad
1163 1587 1366 1647 Stantsurcbio
1386 1605 1426 1645 aa
1449 1587 1534 1646 Wim
1556 1585 1616 1664 (A).
1640 1622 1681 1630 —
1706 1587 1884 1660 Salaburper
1906 1587 2064 1645 Kunsmcr·

511 1696 618 1754 bacher
639 1693 698 1752 Bd.
725 1697 753 1763 1,
778 1692 801 1763 f.
827 1690 877 1751 66'
900 1709 957 1750 uus
979 1691 1045 1750 dem
1067 1691 1154 1750 Eado
1177 1690 1226 1749 des
1252 1693 1300 1750 13.
1318 1690 1371 1748 Jh.
1396 1689 1505 1748 abendo
1529 1688 1592 1767 (Β).

513 1829 714 1909 (Kleimuyra)
736 1830 878 1898 Jurrcoia,
907 1828 985 1887 Aah.
1010 1831 1073 1887 186
1094 1835 1129 1885 a⁰
1152 1831 1190 1888 71
1221 1845 1278 1886 uus
1300 1825 1338 1887 A.
1368 1860 1410 1872 —
1436 1829 1521 1886 Zaba
1543 1827 1732 1887 Steicrmttrk.
1755 1827 1819 1886 ΠΒ.
1843 1833 1873 1897 1,
1896 1830 1938 1886 29
1961 1831 1996 1884 πθ
2019 1829 2064 1886 25

513 1953 569 1993 uus
591 1933 621 1992 A
644 1957 684 1986 =
708 1933 843 1992 Felicettt
866 1935 898 1990 ia
921 1933 1016 1991 Bcitr.
1032 1951 1089 1990 aur
1103 1931 1214 1990 Kuade
1230 1932 1419 1992 Steiermdrlc.
1440 1931 1721 2006 Gescbichtsqacltea
1736 1935 1787 2002 10,
1813 1935 1855 1991 72
1877 1931 1999 2004 Fruqm.
2017 1964 2061 1972 —
2082 1941 2115 1988 10

511 2039 641 2098 Bdbmer
662 2037 734 2109 aeq.
758 2041 831 2096 371.
855 2070 897 2080 -
920 2035 1049 2109 Staoqaf
1066 2037 1139 2109 Ray.
1163 2039 1235 2095 483.

512 2175 623 2233 Dictirt
638 2191 695 2233 oon
712 2174 793 2244 Wc„
817 2175 937 2233 wctcber
959 2175 1035 2233 auch
1052 2174 1109 2232 den
1126 2171 1247 2234 Context
1270 2173 1432 2244 muadirte,
1455 2192 1496 2232 au
1510 2173 1644 2232 walchem
1659 2173 1742 2232 dana
1765 2173 1803 2231 It.
1821 2170 1852 2230 0.
1877 2172 1931 2230 das
1948 2172 2062 2230 Bactra

511 2279 600 2336 toltoll
621 2278 807 2352 binzafttqte.

512 2481 588 2564 {ln
610 2483 741 2546 nomine
766 2490 900 2546 sanctae
923 2491 955 2546 et
976 2481 1165 2546 individuae
1187 2483 1379 2546 trinitatis·
1416 2479 1493 2546 Otto
1519 2482 1630 2545 divina
1652 2482 1783 2546 favente
1807 2480 1979 2546 clementia
2001 2481 2061 2543 im-

408 2594 541 2672 perator
567 2595 735 2669 augustus.
834 2584 970 2649 Noverit
993 2587 1137 2650 omnium
1161 2582 1282 2650 Christi
1311 2585 1457 2650 fidelium
1487 2585 1712 2671 presentiumb
1735 2585 1860 2650 scilicet
1881 2596 1913 2649 et
1935 2586 2059 2648 futuro·
2080 2600 2112 2647 15

408 2712 481 2754 rum
507 2689 683 2772 industria,
715 2688 854 2775 qualiter
881 2711 942 2753 nos
972 2688 1037 2753 fide
1065 2688 1229 2753 catholica
1256 2688 1401 2754 roborati
1429 2687 1444 2767 ξ
1472 2699 1505 2754 et
1534 2689 1724 2774 evangelica
1753 2699 1852 2775 atque
1875 2688 2060 2774 apostolica

409 2792 583 2879 disciplina
613 2794 761 2857 instructi
791 2792 826 2856 id
855 2791 960 2857 solum
991 2815 1032 2874 ex
1061 2792 1195 2857 caducis
1226 2795 1486 2880 transitoriisque
1515 2795 1642 2880 imperii
1673 2797 1776 2857 nostri
1805 2794 1902 2858 rebus
1932 2791 2061 2856 salvum

408 2905 507 2981 atque
530 2895 781 2981 multiplicatum
803 2893 1056 2960 inmarcescibili
1080 2896 1203 2979 premio
1226 2895 1315 2980 apud
1340 2898 1594 2981 omnipotentem
1617 2896 1714 2961 deum
1736 2895 1832 2961 nobis
1855 2896 1968 2980 reponi
1988 2917 2060 2980 per-

409 2999 582 3085 petualiter
610 3000 787 3083 credimus,
818 2999 973 3085 quicquid
1001 2998 1120 3064 exinde
1148 2999 1399 3065 necessitatibus
1423 2997 1553 3064 Christo
1583 2999 1809 3074 famulantium
1841 3000 2059 3063 sucum-rimus

408 3103 461 3167 vel
476 3103 519 3168 ad
534 3103 662 3168 divinos
681 3103 788 3168 cultus
811 3105 867 3189 pia
889 3112 986 3189 atque
1008 3103 1163 3187 religiosa
1181 3106 1361 3170 intentione
1378 3104 1548 3170 donamus.
1583 3106 1657 3170 Hoc
1673 3107 1771 3189 igitur
1786 3105 1914 3169 fervore
1930 3113 2058 3168 sancta·
2077 3116 2111 3163 ao

354 3233 356 3238 ·
409 3229 471 3293 que
494 3206 667 3272 devotione
690 3209 838 3272 succensi
862 3207 1013 3293 precibus
1041 3208 1251 3294 dilectissime
1280 3211 1429 3294 coniugis
1458 3219 1606 3292 nostrae,
1636 3207 1818 3292 Adalheidq
1842 3208 1967 3272 scilicet
1990 3207 2059 3291 glo·

407 3312 493 3395 riosq
522 3313 753 3396 imperatricis,
786 3311 844 3376 sed
872 3321 904 3374 et
932 3313 999 3374 cari
1029 3312 1193 3378 fratruelis
1221 3316 1324 3380 nostri
1354 3314 1500 3379 Heinrici
1530 3335 1659 3399 quoque
1688 3314 1939 3378 Baiuuariorum
1966 3311 2059 3377 ducis

406 3415 536 3479 facilem
571 3415 758 3500 prebuimus
791 3437 978 3498 assensum,
1013 3419 1166 3500 quatinus
1195 3421 1457 3484 reverentissimo
1490 3428 1587 3504 atquc
1616 3417 1715 3482 valde
1745 3426 1854 3481 amato
1888 3415 2059 3480 Fridarico

409 3528 542 3583 sauctae
572 3518 842 3602 Salnpurcgensis
871 3519 1029 3602 qcclesiae
1058 3502 1307 3606 archiepiscopo
1335 3531 1448 3586 nostro
1478 3524 1512 3585 in
1543 3523 1710 3584 servitium
1734 3521 1839 3583 sancti
1861 3519 1949 3584 Petri
1971 3521 2059 3603 prin-

406 3621 489 3705 cipis
519 3620 742 3706 apostolorum
771 3623 940 3708 sanctique
970 3622 1150 3688 Ruodberti
1180 3625 1378 3689 confessoris
1408 3623 1528 3688 Christi
1559 3633 1657 3709 atquc
1686 3631 1883 3707 potestatem
1912 3620 2058 3685 eiusdem
2077 3631 2109 3678 26

405 3728 472 3789 iam
495 3726 581 3809 dicte
603 3727 656 3789 cui
679 3749 810 3810 preesse
834 3725 1015 3792 dinoscitur
1038 3727 1198 3810 aecclesie
1221 3750 1281 3812 pro
1301 3719 1413 3811 eterna
1428 3728 1687 3791 remuneratione
1705 3725 1900 3789 donaremus
1917 3724 2058 3809 quedam

406 3829 510 3890 nostri
532 3829 612 3891 iuris
635 3826 750 3912 predia
771 3830 806 3892 in
829 3831 984 3893 comitatu
1005 3829 1238 3894 Marchuuardi
1260 3829 1460 3895 marchionis
1483 3831 1586 3894 nostri
1608 3832 1641 3893 in
1665 3829 1763 3914 plaga
1788 3828 1958 3913 origentali
1981 3851 2058 3892 con-

408 3931 519 3994 stituta
542 3932 677 4016 istisque
699 3930 869 3996 vocabulis
892 3943 1090 4017 nuncupata,
1113 3933 1176 3998 hoc
1193 3943 1242 3998 est
1257 3943 1381 3998 curtem
1397 3933 1440 3997 ad
1455 3933 1691 4015 Vduleniduor,
1715 3932 1826 4016 lingua
1843 3931 2058 3996 Sclavanisca

408 4033 454 4095 sic
477 4043 647 4115 vocatam,
678 4034 851 4118 Theotiscq
874 4057 951 4098 vero
975 4035 1154 4102 Nidrinhof
1170 4040 1390 4118 nominatam,
1418 4044 1450 4099 et
1479 4045 1524 4098 12⁰
1554 4035 1681 4119 regales
1711 4033 1816 4099 hobas
1845 4033 1887 4098 ad
1919 4033 2057 4097 eandem

406 4147 530 4201 curtem
558 4139 755 4222 pertinentes
785 4138 981 4225 ubicumque
1012 4139 1073 4204 sibi
1103 4141 1263 4226 placuerit
1290 4138 1525 4204 mensurandae
1553 4140 1738 4223 pariterque
1767 4138 1867 4200 etiam
1893 4146 1929 4199 ut
1955 4139 2057 4201 conti·
2075 4152 2107 4199 30

406 4261 507 4324 guum
536 4249 634 4327 atque
664 4241 818 4306 adiacens
845 4242 950 4308 eidem
974 4246 1056 4308 curti
1079 4267 1193 4308 nemus
1217 4243 1304 4308 Svsil
1327 4252 1552 4327 nuncupatum
1574 4252 1607 4305 et
1630 4241 1673 4306 ad
1696 4242 1862 4304 civitatem
1886 4239 1971 4304 Zuib
1995 4263 2057 4327 que

405 4342 503 4408 modo
529 4344 595 4408 suis
618 4344 744 4409 colonis
768 4367 921 4431 possessa
944 4346 1154 4428 inhabitatur,
1179 4346 1336 4432 quicquid
1358 4347 1392 4410 in
1414 4369 1453 4411 ea
1475 4355 1607 4410 nostrae
1630 4346 1802 4430 potestatis
1819 4342 1872 4407 vel
1891 4345 2057 4428 regiminis

405 4469 478 4511 esse
501 4446 763 4532 deprehenditur,
787 4459 884 4534 atque
907 4451 1002 4514 iuxta
1025 4450 1123 4513 situm
1146 4449 1256 4514 locum
1279 4451 1421 4513 civitatis
1440 4450 1602 4533 Lipnizna
1624 4457 1787 4530 vocabum,
1811 4470 1851 4511 ea
1872 4449 2056 4531 integritate

406 4571 471 4634 qua
494 4549 651 4614 hactenus
673 4552 707 4614 in
731 4561 975 4616 antecessorum
997 4562 1199 4635 nostrorum,
1229 4575 1342 4637 regum
1367 4555 1436 4617 sive
1458 4555 1706 4637 imperatorum,
1738 4550 1933 4616 videbantur
1955 4553 2057 4616 teneri

405 4656 577 4736 vestitura,
611 4655 744 4739 insuper
774 4656 808 4718 in
840 4658 1009 4741 proprium
1040 4656 1304 4722 concederemus.
1351 4655 1450 4738 Quod
1479 4678 1555 4739 ergo
1587 4655 1711 4742 absque
1744 4655 1937 4740 fatigatione
1967 4655 2056 4740 apud
2074 4665 2106 4714 35

403 4767 551 4822 nostram
574 4760 781 4824 serenitatem
803 4762 1024 4845 impetrantes,
1048 4761 1139 4844 regia
1162 4781 1201 4824 ac
1224 4761 1436 4845 imperatoria
1457 4758 1653 4823 liberalitate
1676 4767 1708 4822 et
1730 4757 1966 4822 consuetudine
1984 4780 2056 4843 pre·

404 4862 590 4926 nominatas
612 4872 745 4926 nostrae
768 4865 977 4948 proprietatis
1000 4883 1118 4926 causas
1142 4885 1182 4926 ea
1207 4861 1279 4947 lege
1309 4886 1348 4928 ac
1377 4863 1565 4927 conditione
1594 4862 1746 4946 pleniter,
1781 4860 2056 4946 quemadmodum

404 4962 560 5048 postulati
590 4987 716 5047 sumus,
747 4967 831 5030 sicut
852 4966 1021 5052 hucusque
1046 4965 1233 5030 serviebant
1255 4967 1548 5053 detinebanturque
1571 4990 1592 5030 a
1616 4965 1902 5050 predecessoribus
1924 4967 2055 5034 nostris.

403 5066 523 5131 amodo
546 5068 580 5131 in
602 5078 798 5153 potestatem
820 5079 918 5156 atque
942 5072 1177 5153 proprietatem
1200 5074 1425 5156 prenominata
1457 5079 1591 5134 sanctae
1615 5069 1909 5154 Salzpurchgensis
1932 5069 2055 5133 aeccle-

405 5171 472 5233 siae
501 5170 709 5257 eiusdemque
741 5173 826 5238 sedis
856 5172 1033 5238 venerabili
1063 5172 1312 5259 archiepiscopo
1341 5173 1542 5239 infundimus
1574 5183 1606 5235 et
1634 5181 1791 5256 perpetuo
1820 5170 2055 5257 possidendum
2073 5182 2105 5229 40

403 5273 672 5358 perdonavimus,
706 5275 741 5340 id
769 5285 819 5340 est
849 5275 1016 5341 aecclesiis
1050 5277 1186 5362 piscinis
1215 5287 1248 5342 et
1277 5277 1515 5362 piscationibus
1549 5277 1721 5361 mancipiis
1756 5275 1922 5360 utriusque
1956 5298 2055 5341 sexus

490 5462 548 5516 ³88.
573 5465 600 5525 x)
618 5466 647 5514 ia
664 5463 691 5514 B
707 5466 891 5532 urrprttnptich
914 5483 983 5518 anno
1002 5468 1106 5531 domni,
1133 5467 1205 5520 ἅαππ
1222 5467 1348 5519 mahtheri
1364 5468 1434 5518 dieas
1451 5467 1551 5518 Wdrtsr
1567 5467 1621 5534 imp
1644 5464 1823 5530 &combutta
1922 5467 1949 5530 y)
1967 5473 2055 5517 actum

574 5534 671 5599 Papie;
690 5536 717 5583 in
736 5535 779 5584 dei
797 5537 903 5586 nomine
921 5552 999 5587 amen
1017 5536 1050 5586 B.

490 5633 549 5688 ³8⁹.
577 5636 686 5758 [[οῑὲΙΙίη]
792 5639 818 5700 a)
837 5655 854 5690 a
871 5641 924 5704 uus
935 5639 1023 5692 Bw
1127 5642 1155 5704 b)
1174 5659 1191 5708 p
1210 5658 1275 5693 corr.
1294 5659 1342 5692 aru
1364 5644 1373 5691 i
1478 5640 1882 5704 c)aach1,s'stsiapriirrcrcr
1899 5637 1986 5690 Buram
2004 5638 2055 5689 laer
2071 5715 2104 5763 ⁴5

572 5724 590 5773 9
644 5723 697 5758 cers.
