<?xml version="1.0" encoding="UTF-8"?>
<!DOCTYPE html PUBLIC "-//W3C//DTD XHTML 1.0 Transitional//EN"
    "http://www.w3.org/TR/xhtml1/DTD/xhtml1-transitional.dtd">
<html xmlns="http://www.w3.org/1999/xhtml" xml:lang="en" lang="en">
 <head>
  <title>
</title>
<meta http-equiv="Content-Type" content="text/html;charset=utf-8" />
  <meta name='ocr-system' content='tesseract 3.04.00' />
  <meta name='ocr-capabilities' content='ocr_page ocr_carea ocr_par ocr_line ocrx_word'/>
</head>
<body>
  <div class='ocr_page' id='page_1' title='image "./monumentagerman00gescgoog/monumentagerman00gescgoog_0401.png"; bbox 0 0 4508 6428; ppageno 0'>
   <div class='ocr_carea' id='block_1_1' title="bbox 1003 437 1453 497">
    <p class='ocr_par' dir='ltr' id='par_1_1' title="bbox 1003 437 1453 497">
     <span class='ocr_line' id='line_1_1' title="bbox 1003 437 1453 497; baseline -0.013 -1"><span class='ocrx_word' id='word_1_1' title='bbox 1003 437 1453 497; x_wconf 83' lang='lat' dir='ltr'><strong>KAISERURKUNDEN.</strong></span> 
     </span>
    </p>
   </div>
   <div class='ocr_carea' id='block_1_2' title="bbox 1187 619 1273 692">
    <p class='ocr_par' dir='ltr' id='par_1_2' title="bbox 1187 619 1273 692">
     <span class='ocr_line' id='line_1_2' title="bbox 1187 619 1273 692; baseline 0.023 -2"><span class='ocrx_word' id='word_1_2' title='bbox 1187 619 1273 692; x_wconf 76' lang='lat'><strong>261.</strong></span> 
     </span>
    </p>
   </div>
   <div class='ocr_carea' id='block_1_3' title="bbox 409 769 2083 996">
    <p class='ocr_par' dir='ltr' id='par_1_3' title="bbox 409 769 2083 996">
     <span class='ocr_line' id='line_1_3' title="bbox 416 769 2083 878; baseline -0.011 -21"><span class='ocrx_word' id='word_1_3' title='bbox 416 781 496 857; x_wconf 86' lang='lat' dir='ltr'><strong><em>Otto</em></strong></span> <span class='ocrx_word' id='word_1_4' title='bbox 525 781 684 878; x_wconf 69' lang='lat' dir='ltr'><strong><em>inscript</em></strong></span> <span class='ocrx_word' id='word_1_5' title='bbox 701 779 781 852; x_wconf 83' lang='lat' dir='ltr'><strong><em>dem</em></strong></span> <span class='ocrx_word' id='word_1_6' title='bbox 798 777 941 851; x_wconf 83' lang='lat' dir='ltr'><strong><em>Klostcr</em></strong></span> <span class='ocrx_word' id='word_1_7' title='bbox 959 775 1018 848; x_wconf 83' lang='lat' dir='ltr'><strong><em>des</em></strong></span> <span class='ocrx_word' id='word_1_8' title='bbox 1036 775 1069 850; x_wconf 87' lang='grc'><strong><em>6.</em></strong></span> <span class='ocrx_word' id='word_1_9' title='bbox 1089 773 1245 850; x_wconf 81' lang='grc' dir='ltr'><em>Μ666661</em></span> <span class='ocrx_word' id='word_1_10' title='bbox 1260 798 1306 846; x_wconf 84' lang='lat' dir='ltr'><strong><em>zo</em></strong></span> <span class='ocrx_word' id='word_1_11' title='bbox 1323 773 1469 846; x_wconf 75' lang='lat' dir='ltr'><strong><em>Borrae</em></strong></span> <span class='ocrx_word' id='word_1_12' title='bbox 1487 771 1546 846; x_wconf 85' lang='lat' dir='ltr'><strong><em>dle</em></strong></span> <span class='ocrx_word' id='word_1_13' title='bbox 1563 771 1813 870; x_wconf 76' lang='lat' dir='ltr'><strong><em>Besitzanpon,</em></strong></span> <span class='ocrx_word' id='word_1_14' title='bbox 1844 770 1912 843; x_wconf 86' lang='lat' dir='ltr'><strong><em>die</em></strong></span> <span class='ocrx_word' id='word_1_15' title='bbox 1930 769 2083 841; x_wconf 85' lang='lat' dir='ltr'><strong><em>Imma·</em></strong></span> 
     </span>
     <span class='ocr_line' id='line_1_4' title="bbox 409 896 2036 996; baseline -0.003 -22"><span class='ocrx_word' id='word_1_16' title='bbox 409 899 691 975; x_wconf 79' lang='grc'><em>6661666616</em></span> <span class='ocrx_word' id='word_1_17' title='bbox 717 900 869 996; x_wconf 70' lang='lat' dir='ltr'><strong><em>abripere</em></strong></span> <span class='ocrx_word' id='word_1_18' title='bbox 895 896 1031 970; x_wconf 83' lang='grc'><em>1166166.</em></span> <span class='ocrx_word' id='word_1_19' title='bbox 1571 915 1691 987; x_wconf 73' lang='lat' dir='ltr'><strong><em>eoam</em></strong></span> <span class='ocrx_word' id='word_1_20' title='bbox 1712 915 1774 974; x_wconf 74' lang='lat' dir='ltr'><strong><em>oss</em></strong></span> <span class='ocrx_word' id='word_1_21' title='bbox 1799 913 1954 971; x_wconf 68' lang='lat' dir='ltr'><strong><em>asamar</em></strong></span> <span class='ocrx_word' id='word_1_22' title='bbox 1978 912 2036 970; x_wconf 80' lang='lat' dir='ltr'><strong><em>ra.</em></strong></span> 
     </span>
    </p>
   </div>
   <div class='ocr_carea' id='block_1_4' title="bbox 512 1084 1451 1167">
    <p class='ocr_par' dir='ltr' id='par_1_4' title="bbox 512 1084 1451 1167">
     <span class='ocr_line' id='line_1_5' title="bbox 512 1084 1451 1167; baseline -0.012 -12"><span class='ocrx_word' id='word_1_23' title='bbox 512 1092 760 1167; x_wconf 72' lang='lat' dir='ltr'><strong><em>Oricinclctiplom</em></strong></span> <span class='ocrx_word' id='word_1_24' title='bbox 782 1092 824 1150; x_wconf 85' lang='lat' dir='ltr'><strong><em>im</em></strong></span> <span class='ocrx_word' id='word_1_25' title='bbox 846 1089 1065 1150; x_wconf 80' lang='lat' dir='ltr'><strong><em>Kloelcrorchio</em></strong></span> <span class='ocrx_word' id='word_1_26' title='bbox 1085 1106 1127 1148; x_wconf 80' lang='lat' dir='ltr'><strong><em>an</em></strong></span> <span class='ocrx_word' id='word_1_27' title='bbox 1147 1087 1366 1147; x_wconf 86' lang='lat' dir='ltr'><strong><em>Montccossino</em></strong></span> <span class='ocrx_word' id='word_1_28' title='bbox 1391 1084 1451 1166; x_wconf 73' lang='lat' dir='ltr'><em>(A).</em></span> 
     </span>
    </p>
   </div>
   <div class='ocr_carea' id='block_1_5' title="bbox 506 1223 2111 1402">
    <p class='ocr_par' dir='ltr' id='par_1_5' title="bbox 506 1223 2111 1402">
     <span class='ocr_line' id='line_1_6' title="bbox 506 1223 2111 1309; baseline -0.001 -20"><span class='ocrx_word' id='word_1_29' title='bbox 506 1230 703 1309; x_wconf 75' lang='lat' dir='ltr'><strong><em>(Laurentius</em></strong></span> <span class='ocrx_word' id='word_1_30' title='bbox 723 1226 904 1307; x_wconf 82' lang='lat' dir='ltr'><strong><em>Visentinas)</em></strong></span> <span class='ocrx_word' id='word_1_31' title='bbox 930 1224 1037 1288; x_wconf 77' lang='lat' dir='ltr'><strong><em>(ihren.</em></strong></span> <span class='ocrx_word' id='word_1_32' title='bbox 1055 1223 1154 1287; x_wconf 81' lang='grc'><em>06666.</em></span> <span class='ocrx_word' id='word_1_33' title='bbox 1179 1226 1307 1286; x_wconf 84' lang='lat' dir='ltr'><strong><em>coenobii</em></strong></span> <span class='ocrx_word' id='word_1_34' title='bbox 1329 1225 1353 1298; x_wconf 74' lang='grc'><strong><em>6.</em></strong></span> <span class='ocrx_word' id='word_1_35' title='bbox 1376 1229 1418 1287; x_wconf 87' lang='grc'><strong><em>36</em></strong></span> <span class='ocrx_word' id='word_1_36' title='bbox 1441 1227 1488 1284; x_wconf 86' lang='lat' dir='ltr'><strong><em>cit.</em></strong></span> <span class='ocrx_word' id='word_1_37' title='bbox 1515 1258 1553 1267; x_wconf 95' lang='lat'><em>-</em></span> <span class='ocrx_word' id='word_1_38' title='bbox 1577 1223 1697 1285; x_wconf 73' lang='grc'><em>6611616</em></span> <span class='ocrx_word' id='word_1_39' title='bbox 1711 1225 1904 1285; x_wconf 76' lang='lat' dir='ltr'><strong><em>Accessiones</em></strong></span> <span class='ocrx_word' id='word_1_40' title='bbox 1932 1224 1978 1284; x_wconf 83' lang='lat' dir='ltr'><strong><em>ad</em></strong></span> <span class='ocrx_word' id='word_1_41' title='bbox 2000 1224 2111 1288; x_wconf 81' lang='grc'><em>66615</em></span> 
     </span>
     <span class='ocr_line' id='line_1_7' title="bbox 508 1328 1766 1402; baseline -0.002 -10"><span class='ocrx_word' id='word_1_42' title='bbox 508 1335 571 1393; x_wconf 84' lang='grc'><em>666.</em></span> <span class='ocrx_word' id='word_1_43' title='bbox 591 1332 706 1391; x_wconf 79' lang='lat' dir='ltr'><strong><em>Cossio.</em></strong></span> <span class='ocrx_word' id='word_1_44' title='bbox 732 1334 760 1402; x_wconf 88' lang='lat'><strong><em>1,</em></strong></span> <span class='ocrx_word' id='word_1_45' title='bbox 785 1332 824 1391; x_wconf 81' lang='lat'><strong><em>75</em></strong></span> <span class='ocrx_word' id='word_1_46' title='bbox 848 1347 904 1390; x_wconf 89' lang='lat' dir='ltr'><strong><em>ons</em></strong></span> <span class='ocrx_word' id='word_1_47' title='bbox 922 1328 960 1388; x_wconf 81' lang='lat' dir='ltr'><strong><em>A.</em></strong></span> <span class='ocrx_word' id='word_1_48' title='bbox 984 1363 1027 1372; x_wconf 94' lang='lat'><em>-</em></span> <span class='ocrx_word' id='word_1_49' title='bbox 1043 1328 1174 1388; x_wconf 79' lang='lat' dir='ltr'><strong><em>Bilrmcr</em></strong></span> <span class='ocrx_word' id='word_1_50' title='bbox 1194 1329 1265 1402; x_wconf 74' lang='grc'><em>1166.</em></span> <span class='ocrx_word' id='word_1_51' title='bbox 1288 1331 1362 1392; x_wconf 75' lang='grc'><em>176.</em></span> <span class='ocrx_word' id='word_1_52' title='bbox 1385 1362 1428 1373; x_wconf 90' lang='grc'>-</span> <span class='ocrx_word' id='word_1_53' title='bbox 1451 1328 1580 1402; x_wconf 66' lang='lat' dir='ltr'><strong><em>&amp;omps</em></strong></span> <span class='ocrx_word' id='word_1_54' title='bbox 1596 1330 1670 1402; x_wconf 76' lang='grc'><em>1166.</em></span> <span class='ocrx_word' id='word_1_55' title='bbox 1693 1331 1766 1390; x_wconf 85' lang='grc'><strong><em>335.</em></strong></span> 
     </span>
    </p>
   </div>
   <div class='ocr_carea' id='block_1_6' title="bbox 409 1467 2120 2680">
    <p class='ocr_par' dir='ltr' id='par_1_6' title="bbox 508 1467 2120 2058">
     <span class='ocr_line' id='line_1_8' title="bbox 512 1467 2074 1542; baseline -0.001 -13"><span class='ocrx_word' id='word_1_56' title='bbox 512 1469 645 1541; x_wconf 81' lang='lat' dir='ltr'><strong><em>Verscsst</em></strong></span> <span class='ocrx_word' id='word_1_57' title='bbox 674 1469 737 1528; x_wconf 82' lang='lat' dir='ltr'><strong><em>ancl</em></strong></span> <span class='ocrx_word' id='word_1_58' title='bbox 764 1469 948 1542; x_wconf 69' lang='grc'><em>9666666666</em></span> <span class='ocrx_word' id='word_1_59' title='bbox 974 1486 1031 1527; x_wconf 86' lang='lat' dir='ltr'><strong><em>oon</em></strong></span> <span class='ocrx_word' id='word_1_60' title='bbox 1051 1469 1091 1528; x_wconf 74' lang='grc'><strong><em>6.</em></strong></span> <span class='ocrx_word' id='word_1_61' title='bbox 1117 1468 1149 1528; x_wconf 82' lang='lat'><strong><em>0.</em></strong></span> <span class='ocrx_word' id='word_1_62' title='bbox 1173 1501 1215 1513; x_wconf 89' lang='lat'>-</span> <span class='ocrx_word' id='word_1_63' title='bbox 1237 1468 1299 1527; x_wconf 83' lang='lat' dir='ltr'><strong><em>Von</em></strong></span> <span class='ocrx_word' id='word_1_64' title='bbox 1327 1467 1439 1528; x_wconf 76' lang='grc'><em>6116666</em></span> <span class='ocrx_word' id='word_1_65' title='bbox 1461 1468 1533 1527; x_wconf 88' lang='grc'><em>111).</em></span> <span class='ocrx_word' id='word_1_66' title='bbox 1560 1467 1828 1542; x_wconf 76' lang='grc'><em>616666661666116</em></span> <span class='ocrx_word' id='word_1_67' title='bbox 1860 1470 1901 1528; x_wconf 86' lang='lat' dir='ltr'><strong><em>ist</em></strong></span> <span class='ocrx_word' id='word_1_68' title='bbox 1926 1485 1994 1526; x_wconf 80' lang='lat' dir='ltr'><strong><em>nor</em></strong></span> <span class='ocrx_word' id='word_1_69' title='bbox 2017 1469 2074 1528; x_wconf 81' lang='lat' dir='ltr'><strong><em>dos</em></strong></span> 
     </span>
     <span class='ocr_line' id='line_1_9' title="bbox 510 1571 2072 1648; baseline -0.002 -15"><span class='ocrx_word' id='word_1_70' title='bbox 510 1575 549 1634; x_wconf 90' lang='lat' dir='ltr'><strong><em>D.</em></strong></span> <span class='ocrx_word' id='word_1_71' title='bbox 574 1574 742 1648; x_wconf 77' lang='lat' dir='ltr'><strong><em>Bcrenpors</em></strong></span> <span class='ocrx_word' id='word_1_72' title='bbox 764 1573 828 1632; x_wconf 81' lang='lat' dir='ltr'><strong><em>ancl</em></strong></span> <span class='ocrx_word' id='word_1_73' title='bbox 849 1571 1004 1632; x_wconf 79' lang='lat' dir='ltr'><strong><em>Adollcrls</em></strong></span> <span class='ocrx_word' id='word_1_74' title='bbox 1032 1589 1097 1631; x_wconf 80' lang='grc'><em>6666</em></span> <span class='ocrx_word' id='word_1_75' title='bbox 1120 1571 1152 1632; x_wconf 82' lang='lat' dir='ltr'><strong><em>J.</em></strong></span> <span class='ocrx_word' id='word_1_76' title='bbox 1177 1574 1240 1632; x_wconf 85' lang='lat'><strong><em>953</em></strong></span> <span class='ocrx_word' id='word_1_77' title='bbox 1263 1572 1392 1631; x_wconf 77' lang='grc'><em>11666666</em></span> <span class='ocrx_word' id='word_1_78' title='bbox 1413 1572 1586 1646; x_wconf 65' lang='grc'><em>11661166.</em></span> <span class='ocrx_word' id='word_1_79' title='bbox 1611 1575 1695 1632; x_wconf 82' lang='grc'><em>1435</em></span> <span class='ocrx_word' id='word_1_80' title='bbox 1717 1572 1777 1644; x_wconf 76' lang='lat' dir='ltr'><strong><em>aa(</em></strong></span> <span class='ocrx_word' id='word_1_81' title='bbox 1797 1589 1858 1632; x_wconf 74' lang='lat' dir='ltr'><strong><em>enos</em></strong></span> <span class='ocrx_word' id='word_1_82' title='bbox 1877 1573 2072 1646; x_wconf 75' lang='grc'><em>6616666166.</em></span> 
     </span>
     <span class='ocr_line' id='line_1_10' title="bbox 511 1674 2072 1749; baseline -0.002 -11"><span class='ocrx_word' id='word_1_83' title='bbox 511 1678 577 1738; x_wconf 85' lang='lat' dir='ltr'><strong><em>Wie</em></strong></span> <span class='ocrx_word' id='word_1_84' title='bbox 598 1679 631 1734; x_wconf 86' lang='lat' dir='ltr'><strong><em>in</em></strong></span> <span class='ocrx_word' id='word_1_85' title='bbox 653 1677 763 1736; x_wconf 80' lang='grc'><em>6666666</em></span> <span class='ocrx_word' id='word_1_86' title='bbox 783 1676 855 1735; x_wconf 84' lang='grc'><em>1111.</em></span> <span class='ocrx_word' id='word_1_87' title='bbox 879 1675 972 1735; x_wconf 87' lang='lat' dir='ltr'><strong><em>Kcrls</em></strong></span> <span class='ocrx_word' id='word_1_88' title='bbox 995 1675 1059 1735; x_wconf 81' lang='lat' dir='ltr'><strong><em>ancl</em></strong></span> <span class='ocrx_word' id='word_1_89' title='bbox 1080 1676 1210 1735; x_wconf 77' lang='lat' dir='ltr'><strong><em>Lotlors</em></strong></span> <span class='ocrx_word' id='word_1_90' title='bbox 1236 1674 1397 1749; x_wconf 75' lang='grc'><em>6666161661</em></span> <span class='ocrx_word' id='word_1_91' title='bbox 1420 1677 1550 1746; x_wconf 74' lang='lat' dir='ltr'><strong><em>woden,</em></strong></span> <span class='ocrx_word' id='word_1_92' title='bbox 1579 1691 1612 1734; x_wconf 91' lang='lat' dir='ltr'><strong><em>so</em></strong></span> <span class='ocrx_word' id='word_1_93' title='bbox 1635 1676 1668 1734; x_wconf 86' lang='lat' dir='ltr'><strong><em>in</em></strong></span> <span class='ocrx_word' id='word_1_94' title='bbox 1689 1675 1757 1736; x_wconf 91' lang='lat' dir='ltr'><strong><em>DO.</em></strong></span> <span class='ocrx_word' id='word_1_95' title='bbox 1781 1679 1844 1736; x_wconf 84' lang='lat'><strong><em>261</em></strong></span> <span class='ocrx_word' id='word_1_96' title='bbox 1869 1675 1947 1735; x_wconf 91' lang='lat' dir='ltr'><strong><em>DD.</em></strong></span> <span class='ocrx_word' id='word_1_97' title='bbox 1973 1675 2072 1735; x_wconf 79' lang='lat' dir='ltr'><strong><em>Karta</em></strong></span> 
     </span>
     <span class='ocr_line' id='line_1_11' title="bbox 510 1759 2120 1856; baseline 0 -16"><span class='ocrx_word' id='word_1_98' title='bbox 510 1781 574 1840; x_wconf 76' lang='lat' dir='ltr'><strong><em>conci</em></strong></span> <span class='ocrx_word' id='word_1_99' title='bbox 595 1781 748 1856; x_wconf 76' lang='grc'><em>16666666.</em></span> <span class='ocrx_word' id='word_1_100' title='bbox 786 1759 868 1840; x_wconf 82' lang='lat' dir='ltr'><strong><em>Dese</em></strong></span> <span class='ocrx_word' id='word_1_101' title='bbox 896 1784 986 1840; x_wconf 81' lang='lat' dir='ltr'><strong><em>anter</em></strong></span> <span class='ocrx_word' id='word_1_102' title='bbox 1014 1781 1160 1840; x_wconf 75' lang='lat' dir='ltr'><strong><em>lctetcrcm</em></strong></span> <span class='ocrx_word' id='word_1_103' title='bbox 1188 1781 1241 1838; x_wconf 79' lang='lat' dir='ltr'><strong><em>cler</em></strong></span> <span class='ocrx_word' id='word_1_104' title='bbox 1264 1780 1343 1840; x_wconf 77' lang='grc'><em>8666</em></span> <span class='ocrx_word' id='word_1_105' title='bbox 1364 1780 1494 1839; x_wconf 74' lang='grc'><em>6616666</em></span> <span class='ocrx_word' id='word_1_106' title='bbox 1519 1778 1646 1851; x_wconf 73' lang='grc'><em>66666661</em></span> <span class='ocrx_word' id='word_1_107' title='bbox 1674 1779 1726 1848; x_wconf 83' lang='grc'><em>661,</em></span> <span class='ocrx_word' id='word_1_108' title='bbox 1759 1777 1903 1849; x_wconf 76' lang='grc'><em>66166666</em></span> <span class='ocrx_word' id='word_1_109' title='bbox 1927 1780 1988 1836; x_wconf 80' lang='lat' dir='ltr'><strong><em>scir</em></strong></span> <span class='ocrx_word' id='word_1_110' title='bbox 2010 1795 2071 1836; x_wconf 82' lang='lat' dir='ltr'><strong><em>ons</em></strong></span> <span class='ocrx_word' id='word_1_111' title='bbox 2091 1794 2120 1840; x_wconf 89' lang='lat'><strong><em>10</em></strong></span> 
     </span>
     <span class='ocr_line' id='line_1_12' title="bbox 510 1881 2071 1955; baseline -0.001 -12"><span class='ocrx_word' id='word_1_112' title='bbox 510 1886 618 1944; x_wconf 78' lang='lat' dir='ltr'><strong><em>Leonis</em></strong></span> <span class='ocrx_word' id='word_1_113' title='bbox 636 1881 743 1943; x_wconf 78' lang='grc'><em>06666.</em></span> <span class='ocrx_word' id='word_1_114' title='bbox 765 1883 830 1942; x_wconf 86' lang='lat' dir='ltr'><strong><em>Cos.</em></strong></span> <span class='ocrx_word' id='word_1_115' title='bbox 855 1885 888 1941; x_wconf 88' lang='lat' dir='ltr'><strong><em>in</em></strong></span> <span class='ocrx_word' id='word_1_116' title='bbox 911 1882 965 1945; x_wconf 83' lang='lat' dir='ltr'><strong><em>SS.</em></strong></span> <span class='ocrx_word' id='word_1_117' title='bbox 990 1888 1018 1954; x_wconf 84' lang='lat'><strong><em>7,</em></strong></span> <span class='ocrx_word' id='word_1_118' title='bbox 1044 1887 1116 1955; x_wconf 87' lang='grc'><em>607,</em></span> <span class='ocrx_word' id='word_1_119' title='bbox 1140 1884 1256 1943; x_wconf 75' lang='lat' dir='ltr'><strong><em>welches</em></strong></span> <span class='ocrx_word' id='word_1_120' title='bbox 1279 1885 1317 1943; x_wconf 87' lang='grc'><strong><em>66.</em></strong></span> <span class='ocrx_word' id='word_1_121' title='bbox 1343 1886 1405 1944; x_wconf 82' lang='grc'><strong><em>631</em></strong></span> <span class='ocrx_word' id='word_1_122' title='bbox 1428 1883 1504 1941; x_wconf 81' lang='grc'><em>6666</em></span> <span class='ocrx_word' id='word_1_123' title='bbox 1526 1899 1582 1940; x_wconf 86' lang='lat' dir='ltr'><strong><em>oon</em></strong></span> <span class='ocrx_word' id='word_1_124' title='bbox 1603 1882 1660 1940; x_wconf 83' lang='grc'><strong><em>666</em></strong></span> <span class='ocrx_word' id='word_1_125' title='bbox 1674 1881 1872 1952; x_wconf 77' lang='grc'><em>11110261,</em></span> <span class='ocrx_word' id='word_1_126' title='bbox 1896 1885 1976 1952; x_wconf 79' lang='lat'><strong><em>262,</em></strong></span> <span class='ocrx_word' id='word_1_127' title='bbox 2002 1885 2071 1942; x_wconf 83' lang='lat'><strong><em>396</em></strong></span> 
     </span>
     <span class='ocr_line' id='line_1_13' title="bbox 508 1985 2069 2058; baseline -0.002 -11"><span class='ocrx_word' id='word_1_128' title='bbox 508 1988 626 2047; x_wconf 81' lang='grc'><em>6661611</em></span> <span class='ocrx_word' id='word_1_129' title='bbox 656 1987 720 2046; x_wconf 79' lang='lat' dir='ltr'><strong><em>ancl</em></strong></span> <span class='ocrx_word' id='word_1_130' title='bbox 749 1987 843 2046; x_wconf 80' lang='lat' dir='ltr'><strong><em>‹larcls</em></strong></span> <span class='ocrx_word' id='word_1_131' title='bbox 872 1987 975 2047; x_wconf 80' lang='lat' dir='ltr'><strong><em>dassen</em></strong></span> <span class='ocrx_word' id='word_1_132' title='bbox 996 1985 1118 2046; x_wconf 85' lang='lat' dir='ltr'><strong><em>Drnclcc</em></strong></span> <span class='ocrx_word' id='word_1_133' title='bbox 1148 1987 1195 2046; x_wconf 87' lang='grc'><strong><em>666</em></strong></span> <span class='ocrx_word' id='word_1_134' title='bbox 1224 1987 1420 2058; x_wconf 80' lang='lat' dir='ltr'><strong><em>belroffcnden</em></strong></span> <span class='ocrx_word' id='word_1_135' title='bbox 1447 1986 1609 2047; x_wconf 79' lang='lat' dir='ltr'><strong><em>Urlcanclcn</em></strong></span> <span class='ocrx_word' id='word_1_136' title='bbox 1637 1989 1736 2045; x_wconf 76' lang='grc'><em>666661</em></span> <span class='ocrx_word' id='word_1_137' title='bbox 1767 1985 1895 2044; x_wconf 77' lang='lat' dir='ltr'><strong><em>belmont</em></strong></span> <span class='ocrx_word' id='word_1_138' title='bbox 1927 1985 2069 2044; x_wconf 73' lang='lat' dir='ltr'><strong><em>mardos.</em></strong></span> 
     </span>
    </p>

    <p class='ocr_par' dir='ltr' id='par_1_7' title="bbox 409 2087 2120 2680">
     <span class='ocr_line' id='line_1_14' title="bbox 409 2087 2070 2164; baseline -0.003 -13"><span class='ocrx_word' id='word_1_139' title='bbox 409 2101 410 2104; x_wconf 76' lang='grc'>’</span> <span class='ocrx_word' id='word_1_140' title='bbox 511 2094 574 2151; x_wconf 85' lang='lat' dir='ltr'><strong><em>Hal</em></strong></span> <span class='ocrx_word' id='word_1_141' title='bbox 592 2109 657 2150; x_wconf 84' lang='lat' dir='ltr'><strong><em>nan</em></strong></span> <span class='ocrx_word' id='word_1_142' title='bbox 672 2091 711 2149; x_wconf 91' lang='lat' dir='ltr'><strong><em>It.</em></strong></span> <span class='ocrx_word' id='word_1_143' title='bbox 730 2089 760 2150; x_wconf 83' lang='lat'><strong><em>0.</em></strong></span> <span class='ocrx_word' id='word_1_144' title='bbox 777 2090 909 2161; x_wconf 71' lang='grc'><em>61166666</em></span> <span class='ocrx_word' id='word_1_145' title='bbox 926 2090 979 2149; x_wconf 81' lang='lat' dir='ltr'><strong><em>dos</em></strong></span> <span class='ocrx_word' id='word_1_146' title='bbox 994 2091 1034 2151; x_wconf 90' lang='lat' dir='ltr'><strong><em>D.</em></strong></span> <span class='ocrx_word' id='word_1_147' title='bbox 1051 2091 1180 2164; x_wconf 71' lang='grc'><em>16616666</em></span> <span class='ocrx_word' id='word_1_148' title='bbox 1197 2098 1237 2151; x_wconf 86' lang='grc'><strong><em>11.</em></strong></span> <span class='ocrx_word' id='word_1_149' title='bbox 1256 2108 1308 2149; x_wconf 86' lang='lat' dir='ltr'><strong><em>vor</em></strong></span> <span class='ocrx_word' id='word_1_150' title='bbox 1321 2091 1384 2149; x_wconf 82' lang='grc'><em>6666</em></span> <span class='ocrx_word' id='word_1_151' title='bbox 1395 2091 1500 2164; x_wconf 72' lang='grc'><em>966661</em></span> <span class='ocrx_word' id='word_1_152' title='bbox 1515 2089 1579 2147; x_wconf 83' lang='lat' dir='ltr'><strong><em>nnd</em></strong></span> <span class='ocrx_word' id='word_1_153' title='bbox 1594 2088 1831 2148; x_wconf 75' lang='lat' dir='ltr'><strong><em>roolrreclrcinliclt</em></strong></span> <span class='ocrx_word' id='word_1_154' title='bbox 1845 2087 1892 2147; x_wconf 86' lang='lat' dir='ltr'><strong><em>ols</em></strong></span> <span class='ocrx_word' id='word_1_155' title='bbox 1909 2089 2070 2147; x_wconf 84' lang='lat' dir='ltr'><strong><em>unmittcl-</em></strong></span> 
     </span>
     <span class='ocr_line' id='line_1_15' title="bbox 511 2190 2071 2268; baseline -0.002 -15"><span class='ocrx_word' id='word_1_156' title='bbox 511 2196 580 2253; x_wconf 86' lang='lat' dir='ltr'><strong><em>bore</em></strong></span> <span class='ocrx_word' id='word_1_157' title='bbox 607 2193 729 2268; x_wconf 75' lang='lat' dir='ltr'><strong><em>Vorloqc</em></strong></span> <span class='ocrx_word' id='word_1_158' title='bbox 758 2195 891 2265; x_wconf 80' lang='grc'><em>6666161,</em></span> <span class='ocrx_word' id='word_1_159' title='bbox 921 2194 1058 2253; x_wconf 76' lang='grc'><em>66666666</em></span> <span class='ocrx_word' id='word_1_160' title='bbox 1086 2195 1148 2254; x_wconf 80' lang='lat' dir='ltr'><strong><em>sicli</em></strong></span> <span class='ocrx_word' id='word_1_161' title='bbox 1169 2212 1219 2252; x_wconf 87' lang='lat' dir='ltr'><strong><em>om</em></strong></span> <span class='ocrx_word' id='word_1_162' title='bbox 1241 2193 1407 2252; x_wconf 75' lang='grc'><em>1616616666</em></span> <span class='ocrx_word' id='word_1_163' title='bbox 1429 2194 1477 2252; x_wconf 84' lang='grc'><strong><em>666</em></strong></span> <span class='ocrx_word' id='word_1_164' title='bbox 1498 2192 1724 2252; x_wconf 79' lang='lat' dir='ltr'><strong><em>sinnstttrenden</em></strong></span> <span class='ocrx_word' id='word_1_165' title='bbox 1745 2190 1980 2266; x_wconf 75' lang='lat' dir='ltr'><strong><em>Aaslrssnnocn</em></strong></span> <span class='ocrx_word' id='word_1_166' title='bbox 2003 2193 2071 2251; x_wconf 77' lang='lat' dir='ltr'><strong><em>cord</em></strong></span> 
     </span>
     <span class='ocr_line' id='line_1_16' title="bbox 510 2295 2120 2373; baseline -0.001 -17"><span class='ocrx_word' id='word_1_167' title='bbox 510 2301 604 2373; x_wconf 73' lang='lat' dir='ltr'><strong><em>einiqe</em></strong></span> <span class='ocrx_word' id='word_1_168' title='bbox 618 2299 725 2356; x_wconf 79' lang='lat' dir='ltr'><strong><em>Felilcr</em></strong></span> <span class='ocrx_word' id='word_1_169' title='bbox 744 2300 778 2355; x_wconf 85' lang='lat' dir='ltr'><strong><em>in</em></strong></span> <span class='ocrx_word' id='word_1_170' title='bbox 799 2298 856 2356; x_wconf 81' lang='lat' dir='ltr'><strong><em>den</em></strong></span> <span class='ocrx_word' id='word_1_171' title='bbox 871 2297 989 2358; x_wconf 84' lang='lat' dir='ltr'><strong><em>Nomen</em></strong></span> <span class='ocrx_word' id='word_1_172' title='bbox 1010 2297 1075 2356; x_wconf 81' lang='grc'><em>6661</em></span> <span class='ocrx_word' id='word_1_173' title='bbox 1097 2300 1130 2356; x_wconf 85' lang='lat' dir='ltr'><strong><em>in</em></strong></span> <span class='ocrx_word' id='word_1_174' title='bbox 1151 2297 1282 2356; x_wconf 73' lang='grc'><em>66616666</em></span> <span class='ocrx_word' id='word_1_175' title='bbox 1303 2297 1423 2358; x_wconf 86' lang='lat' dir='ltr'><strong><em>Wortcn</em></strong></span> <span class='ocrx_word' id='word_1_176' title='bbox 1446 2295 1580 2354; x_wconf 77' lang='grc'><em>66616666</em></span> <span class='ocrx_word' id='word_1_177' title='bbox 1602 2295 1733 2366; x_wconf 76' lang='grc'><em>6616666,</em></span> <span class='ocrx_word' id='word_1_178' title='bbox 1756 2313 1788 2354; x_wconf 86' lang='grc'><strong><em>66</em></strong></span> <span class='ocrx_word' id='word_1_179' title='bbox 1810 2295 1878 2354; x_wconf 87' lang='lat' dir='ltr'><strong><em>liess</em></strong></span> <span class='ocrx_word' id='word_1_180' title='bbox 1901 2296 1968 2354; x_wconf 78' lang='lat' dir='ltr'><strong><em>sicli</em></strong></span> <span class='ocrx_word' id='word_1_181' title='bbox 1992 2297 2069 2366; x_wconf 79' lang='lat' dir='ltr'><strong><em>hier,</em></strong></span> <span class='ocrx_word' id='word_1_182' title='bbox 2089 2318 2120 2366; x_wconf 77' lang='lat'><strong><em>15</em></strong></span> 
     </span>
     <span class='ocr_line' id='line_1_17' title="bbox 511 2389 2070 2475; baseline -0.002 -14"><span class='ocrx_word' id='word_1_183' title='bbox 511 2404 550 2461; x_wconf 84' lang='lat' dir='ltr'><strong><em>cio</em></strong></span> <span class='ocrx_word' id='word_1_184' title='bbox 578 2402 655 2462; x_wconf 86' lang='grc'><em>616666</em></span> <span class='ocrx_word' id='word_1_185' title='bbox 685 2401 852 2475; x_wconf 77' lang='grc'><em>6666616666</em></span> <span class='ocrx_word' id='word_1_186' title='bbox 874 2401 996 2475; x_wconf 71' lang='grc'><em>17661696</em></span> <span class='ocrx_word' id='word_1_187' title='bbox 1022 2403 1103 2461; x_wconf 76' lang='lat' dir='ltr'><strong><em>nictit</em></strong></span> <span class='ocrx_word' id='word_1_188' title='bbox 1131 2389 1261 2460; x_wconf 79' lang='lat' dir='ltr'><strong><em>erloltcn</em></strong></span> <span class='ocrx_word' id='word_1_189' title='bbox 1289 2403 1345 2472; x_wconf 88' lang='lat' dir='ltr'><strong><em>ist,</em></strong></span> <span class='ocrx_word' id='word_1_190' title='bbox 1378 2418 1440 2460; x_wconf 80' lang='lat' dir='ltr'><strong><em>nur</em></strong></span> <span class='ocrx_word' id='word_1_191' title='bbox 1468 2401 1515 2458; x_wconf 84' lang='grc'><strong><em>166</em></strong></span> <span class='ocrx_word' id='word_1_192' title='bbox 1535 2400 1742 2473; x_wconf 73' lang='grc'><em>166916666666</em></span> <span class='ocrx_word' id='word_1_193' title='bbox 1768 2401 1822 2458; x_wconf 72' lang='lat' dir='ltr'><strong><em>mi</em></strong></span> <span class='ocrx_word' id='word_1_194' title='bbox 1850 2399 1921 2457; x_wconf 83' lang='lat' dir='ltr'><strong><em>clem</em></strong></span> <span class='ocrx_word' id='word_1_195' title='bbox 1948 2399 2070 2459; x_wconf 74' lang='grc'><em>6161666-</em></span> 
     </span>
     <span class='ocr_line' id='line_1_18' title="bbox 510 2501 2071 2576; baseline 0 -12"><span class='ocrx_word' id='word_1_196' title='bbox 510 2505 645 2564; x_wconf 86' lang='lat' dir='ltr'><strong><em>wondlen</em></strong></span> <span class='ocrx_word' id='word_1_197' title='bbox 660 2505 699 2564; x_wconf 92' lang='lat' dir='ltr'><strong><em>D.</em></strong></span> <span class='ocrx_word' id='word_1_198' title='bbox 714 2522 779 2563; x_wconf 79' lang='grc'><em>6666</em></span> <span class='ocrx_word' id='word_1_199' title='bbox 794 2504 827 2564; x_wconf 88' lang='lat' dir='ltr'><strong><em>J.</em></strong></span> <span class='ocrx_word' id='word_1_200' title='bbox 844 2507 907 2565; x_wconf 84' lang='lat'><strong><em>953</em></strong></span> <span class='ocrx_word' id='word_1_201' title='bbox 930 2504 1144 2576; x_wconf 79' lang='lat' dir='ltr'><strong><em>dorclsilircn.</em></strong></span> <span class='ocrx_word' id='word_1_202' title='bbox 1179 2503 1327 2564; x_wconf 84' lang='lat' dir='ltr'><strong><em>Ncbcnbei</em></strong></span> <span class='ocrx_word' id='word_1_203' title='bbox 1349 2503 1456 2562; x_wconf 76' lang='grc'><em>1666616</em></span> <span class='ocrx_word' id='word_1_204' title='bbox 1472 2503 1545 2562; x_wconf 82' lang='grc'><em>6666</em></span> <span class='ocrx_word' id='word_1_205' title='bbox 1562 2502 1624 2574; x_wconf 76' lang='lat' dir='ltr'><strong><em>ons</em></strong></span> <span class='ocrx_word' id='word_1_206' title='bbox 1639 2503 1687 2562; x_wconf 85' lang='lat' dir='ltr'><strong><em>die</em></strong></span> <span class='ocrx_word' id='word_1_207' title='bbox 1701 2502 1845 2562; x_wconf 73' lang='grc'><em>66666166</em></span> <span class='ocrx_word' id='word_1_208' title='bbox 1860 2504 1895 2560; x_wconf 86' lang='lat' dir='ltr'><strong><em>in</em></strong></span> <span class='ocrx_word' id='word_1_209' title='bbox 1910 2501 1984 2563; x_wconf 89' lang='lat' dir='ltr'><strong><em>DO.</em></strong></span> <span class='ocrx_word' id='word_1_210' title='bbox 2005 2507 2071 2564; x_wconf 85' lang='grc'><strong><em>263</em></strong></span> 
     </span>
     <span class='ocr_line' id='line_1_19' title="bbox 512 2606 1583 2680; baseline -0.003 -13"><span class='ocrx_word' id='word_1_211' title='bbox 512 2609 576 2668; x_wconf 73' lang='lat' dir='ltr'><strong><em>wid</em></strong></span> <span class='ocrx_word' id='word_1_212' title='bbox 597 2610 630 2666; x_wconf 86' lang='lat' dir='ltr'><strong><em>in</em></strong></span> <span class='ocrx_word' id='word_1_213' title='bbox 652 2609 717 2667; x_wconf 79' lang='grc'><em>6666</em></span> <span class='ocrx_word' id='word_1_214' title='bbox 738 2608 778 2668; x_wconf 92' lang='lat' dir='ltr'><strong><em>D.</em></strong></span> <span class='ocrx_word' id='word_1_215' title='bbox 805 2607 870 2666; x_wconf 88' lang='lat' dir='ltr'><strong><em>Otto</em></strong></span> <span class='ocrx_word' id='word_1_216' title='bbox 894 2614 935 2667; x_wconf 91' lang='grc'><strong><em>11.</em></strong></span> <span class='ocrx_word' id='word_1_217' title='bbox 961 2606 1089 2680; x_wconf 60' lang='lat' dir='ltr'><strong><em>&amp;omps</em></strong></span> <span class='ocrx_word' id='word_1_218' title='bbox 1100 2608 1174 2680; x_wconf 74' lang='lat' dir='ltr'><strong><em>Rea.</em></strong></span> <span class='ocrx_word' id='word_1_219' title='bbox 1198 2610 1259 2667; x_wconf 85' lang='grc'><strong><em>801</em></strong></span> <span class='ocrx_word' id='word_1_220' title='bbox 1283 2609 1438 2666; x_wconf 74' lang='grc'><em>6666666666</em></span> <span class='ocrx_word' id='word_1_221' title='bbox 1459 2606 1583 2666; x_wconf 71' lang='lat' dir='ltr'><strong><em>woden.</em></strong></span> 
     </span>
    </p>
   </div>
   <div class='ocr_carea' id='block_1_7' title="bbox 407 2775 2123 5562">
    <p class='ocr_par' dir='ltr' id='par_1_8' title="bbox 407 2775 2123 5562">
     <span class='ocr_line' id='line_1_20' title="bbox 514 2775 2072 2862; baseline 0.001 -21"><span class='ocrx_word' id='word_1_222' title='bbox 514 2778 573 2858; x_wconf 83' lang='lat' dir='ltr'><strong><em>(c.)</em></strong></span> <span class='ocrx_word' id='word_1_223' title='bbox 597 2781 611 2862; x_wconf 68' lang='grc' dir='ltr'>ξ</span> <span class='ocrx_word' id='word_1_224' title='bbox 632 2777 671 2840; x_wconf 89' lang='grc'><strong><em>16</em></strong></span> <span class='ocrx_word' id='word_1_225' title='bbox 686 2777 816 2841; x_wconf 89' lang='lat' dir='ltr'><strong><em>nomine</em></strong></span> <span class='ocrx_word' id='word_1_226' title='bbox 840 2783 973 2840; x_wconf 85' lang='lat' dir='ltr'><strong><em>sanetae</em></strong></span> <span class='ocrx_word' id='word_1_227' title='bbox 995 2785 1028 2841; x_wconf 92' lang='lat' dir='ltr'><strong><em>et</em></strong></span> <span class='ocrx_word' id='word_1_228' title='bbox 1044 2775 1232 2841; x_wconf 84' lang='lat' dir='ltr'><strong><em>individuae</em></strong></span> <span class='ocrx_word' id='word_1_229' title='bbox 1255 2778 1420 2842; x_wconf 81' lang='lat' dir='ltr'><strong><em>trinitatis.</em></strong></span> <span class='ocrx_word' id='word_1_230' title='bbox 1455 2775 1533 2842; x_wconf 88' lang='lat' dir='ltr'><strong><em>Otto</em></strong></span> <span class='ocrx_word' id='word_1_231' title='bbox 1557 2775 1669 2840; x_wconf 85' lang='lat' dir='ltr'><strong><em>divina</em></strong></span> <span class='ocrx_word' id='word_1_232' title='bbox 1692 2775 1863 2841; x_wconf 76' lang='lat' dir='ltr'><strong><em>ordinante</em></strong></span> <span class='ocrx_word' id='word_1_233' title='bbox 1885 2775 2072 2842; x_wconf 85' lang='lat' dir='ltr'><strong><em>elementia</em></strong></span> 
     </span>
     <span class='ocr_line' id='line_1_21' title="bbox 407 2877 2121 2967; baseline 0.004 -21"><span class='ocrx_word' id='word_1_234' title='bbox 407 2883 583 2967; x_wconf 87' lang='lat' dir='ltr'><strong><em>imperator</em></strong></span> <span class='ocrx_word' id='word_1_235' title='bbox 606 2888 773 2965; x_wconf 85' lang='lat' dir='ltr'><strong><em>augustus.</em></strong></span> <span class='ocrx_word' id='word_1_236' title='bbox 875 2877 911 2944; x_wconf 89' lang='lat' dir='ltr'><strong><em>Si</em></strong></span> <span class='ocrx_word' id='word_1_237' title='bbox 935 2881 1021 2945; x_wconf 88' lang='lat' dir='ltr'><strong><em>enim</em></strong></span> <span class='ocrx_word' id='word_1_238' title='bbox 1044 2901 1122 2965; x_wconf 84' lang='lat' dir='ltr'><strong><em>erga</em></strong></span> <span class='ocrx_word' id='word_1_239' title='bbox 1143 2879 1219 2945; x_wconf 87' lang='lat' dir='ltr'><strong><em>loca</em></strong></span> <span class='ocrx_word' id='word_1_240' title='bbox 1242 2879 1360 2946; x_wconf 84' lang='lat' dir='ltr'><strong><em>divinis</em></strong></span> <span class='ocrx_word' id='word_1_241' title='bbox 1383 2879 1525 2944; x_wconf 88' lang='lat' dir='ltr'><strong><em>cultibus</em></strong></span> <span class='ocrx_word' id='word_1_242' title='bbox 1547 2884 1735 2967; x_wconf 85' lang='lat' dir='ltr'><strong><em>mancipata</em></strong></span> <span class='ocrx_word' id='word_1_243' title='bbox 1756 2889 1890 2966; x_wconf 90' lang='lat' dir='ltr'><strong><em>propter</em></strong></span> <span class='ocrx_word' id='word_1_244' title='bbox 1913 2903 2069 2947; x_wconf 87' lang='lat' dir='ltr'><strong><em>amorem</em></strong></span> <span class='ocrx_word' id='word_1_245' title='bbox 2087 2906 2121 2952; x_wconf 78' lang='lat'><strong><em>20</em></strong></span> 
     </span>
     <span class='ocr_line' id='line_1_22' title="bbox 409 2982 2071 3071; baseline 0.001 -22"><span class='ocrx_word' id='word_1_246' title='bbox 409 2983 461 3049; x_wconf 90' lang='lat' dir='ltr'><strong><em>dei</em></strong></span> <span class='ocrx_word' id='word_1_247' title='bbox 477 2986 614 3070; x_wconf 77' lang='lat' dir='ltr'><strong><em>eisque⁸</em></strong></span> <span class='ocrx_word' id='word_1_248' title='bbox 636 2985 670 3048; x_wconf 92' lang='lat' dir='ltr'><strong><em>in</em></strong></span> <span class='ocrx_word' id='word_1_249' title='bbox 686 2982 809 3048; x_wconf 88' lang='lat' dir='ltr'><strong><em>eisdem</em></strong></span> <span class='ocrx_word' id='word_1_250' title='bbox 831 2982 913 3048; x_wconf 90' lang='grc'><em>16666</em></span> <span class='ocrx_word' id='word_1_251' title='bbox 936 2983 1173 3050; x_wconf 85' lang='lat' dir='ltr'><strong><em>famulantibus</em></strong></span> <span class='ocrx_word' id='word_1_252' title='bbox 1196 2983 1358 3049; x_wconf 88' lang='lat' dir='ltr'><strong><em>beneficia</em></strong></span> <span class='ocrx_word' id='word_1_253' title='bbox 1381 2994 1542 3071; x_wconf 87' lang='lat' dir='ltr'><strong><em>oportuna</em></strong></span> <span class='ocrx_word' id='word_1_254' title='bbox 1564 2985 1721 3069; x_wconf 85' lang='lat' dir='ltr'><strong><em>largimus</em></strong></span> <span class='ocrx_word' id='word_1_255' title='bbox 1733 2995 1755 3068; x_wconf 71' lang='lat'><strong><em>²,</em></strong></span> <span class='ocrx_word' id='word_1_256' title='bbox 1778 2986 1944 3070; x_wconf 81' lang='lat' dir='ltr'><strong>premium</strong></span> <span class='ocrx_word' id='word_1_257' title='bbox 1967 2985 2071 3051; x_wconf 88' lang='lat' dir='ltr'><strong><em>nobis</em></strong></span> 
     </span>
     <span class='ocr_line' id='line_1_23' title="bbox 408 3085 2072 3175; baseline 0.001 -23"><span class='ocrx_word' id='word_1_258' title='bbox 408 3089 499 3175; x_wconf 88' lang='lat' dir='ltr'><strong><em>apud</em></strong></span> <span class='ocrx_word' id='word_1_259' title='bbox 528 3087 625 3153; x_wconf 91' lang='lat' dir='ltr'><strong><em>deum</em></strong></span> <span class='ocrx_word' id='word_1_260' title='bbox 653 3096 805 3152; x_wconf 88' lang='lat' dir='ltr'><strong><em>aeternae</em></strong></span> <span class='ocrx_word' id='word_1_261' title='bbox 826 3085 841 3167; x_wconf 68' lang='grc'><strong><em>1</em></strong></span> <span class='ocrx_word' id='word_1_262' title='bbox 862 3089 1134 3155; x_wconf 81' lang='lat' dir='ltr'><strong><em>remunerationis</em></strong></span> <span class='ocrx_word' id='word_1_263' title='bbox 1162 3087 1297 3173; x_wconf 89' lang='lat' dir='ltr'><strong><em>rependi</em></strong></span> <span class='ocrx_word' id='word_1_264' title='bbox 1325 3110 1392 3153; x_wconf 92' lang='lat' dir='ltr'><strong><em>non</em></strong></span> <span class='ocrx_word' id='word_1_265' title='bbox 1422 3086 1611 3153; x_wconf 88' lang='lat' dir='ltr'><strong><em>diffidimus.</em></strong></span> <span class='ocrx_word' id='word_1_266' title='bbox 1651 3103 1766 3154; x_wconf 77' lang='lat' dir='ltr'><strong><em>Proinde</em></strong></span> <span class='ocrx_word' id='word_1_267' title='bbox 1794 3104 1915 3153; x_wconf 83' lang='lat' dir='ltr'><strong><em>omnium</em></strong></span> <span class='ocrx_word' id='word_1_268' title='bbox 1945 3104 2072 3156; x_wconf 75' lang='lat' dir='ltr'><strong><em>fidelium</em></strong></span> 
     </span>
     <span class='ocr_line' id='line_1_24' title="bbox 410 3191 2071 3273; baseline 0.001 -16"><span class='ocrx_word' id='word_1_269' title='bbox 410 3213 518 3258; x_wconf 86' lang='lat' dir='ltr'><strong><em>sanctae</em></strong></span> <span class='ocrx_word' id='word_1_270' title='bbox 541 3208 583 3258; x_wconf 89' lang='lat' dir='ltr'><strong><em>dei</em></strong></span> <span class='ocrx_word' id='word_1_271' title='bbox 606 3208 734 3258; x_wconf 84' lang='lat' dir='ltr'><strong><em>eeclesiae</em></strong></span> <span class='ocrx_word' id='word_1_272' title='bbox 757 3223 788 3258; x_wconf 88' lang='lat' dir='ltr'><strong><em>ac</em></strong></span> <span class='ocrx_word' id='word_1_273' title='bbox 811 3213 962 3258; x_wconf 87' lang='lat' dir='ltr'><strong><em>nostrorum</em></strong></span> <span class='ocrx_word' id='word_1_274' title='bbox 985 3209 1146 3273; x_wconf 84' lang='lat' dir='ltr'><strong><em>presentium</em></strong></span> <span class='ocrx_word' id='word_1_275' title='bbox 1169 3208 1213 3258; x_wconf 89' lang='grc'><strong><em>661</em></strong></span> <span class='ocrx_word' id='word_1_276' title='bbox 1235 3208 1385 3258; x_wconf 82' lang='lat' dir='ltr'><strong><em>futurorum</em></strong></span> <span class='ocrx_word' id='word_1_277' title='bbox 1408 3209 1512 3257; x_wconf 87' lang='lat' dir='ltr'><strong><em>noverit</em></strong></span> <span class='ocrx_word' id='word_1_278' title='bbox 1534 3209 1673 3273; x_wconf 75' lang='lat' dir='ltr'><strong><em>sagacitas,</em></strong></span> <span class='ocrx_word' id='word_1_279' title='bbox 1696 3209 1759 3272; x_wconf 85' lang='lat' dir='ltr'><strong><em>quia</em></strong></span> <span class='ocrx_word' id='word_1_280' title='bbox 1779 3191 1931 3257; x_wconf 74' lang='lat' dir='ltr'><strong><em>Morinus</em></strong></span> <span class='ocrx_word' id='word_1_281' title='bbox 1954 3224 2071 3259; x_wconf 84' lang='lat' dir='ltr'><strong><em>vonera-</em></strong></span> 
     </span>
     <span class='ocr_line' id='line_1_25' title="bbox 408 3296 2072 3377; baseline 0 -15"><span class='ocrx_word' id='word_1_282' title='bbox 408 3312 470 3362; x_wconf 88' lang='lat' dir='ltr'><strong><em>bilis</em></strong></span> <span class='ocrx_word' id='word_1_283' title='bbox 493 3296 597 3362; x_wconf 79' lang='lat' dir='ltr'><strong><em>abbas</em></strong></span> <span class='ocrx_word' id='word_1_284' title='bbox 617 3329 649 3363; x_wconf 88' lang='lat' dir='ltr'><strong><em>ex</em></strong></span> <span class='ocrx_word' id='word_1_285' title='bbox 667 3314 826 3362; x_wconf 88' lang='lat' dir='ltr'><strong><em>monasterio</em></strong></span> <span class='ocrx_word' id='word_1_286' title='bbox 850 3299 954 3362; x_wconf 75' lang='lat' dir='ltr'><strong><em>sancti</em></strong></span> <span class='ocrx_word' id='word_1_287' title='bbox 977 3310 1131 3377; x_wconf 76' lang='lat' dir='ltr'><strong><em>archangeli</em></strong></span> <span class='ocrx_word' id='word_1_288' title='bbox 1145 3311 1302 3362; x_wconf 86' lang='lat' dir='ltr'><strong><em>Michahelis</em></strong></span> <span class='ocrx_word' id='word_1_289' title='bbox 1316 3327 1334 3358; x_wconf 72' lang='grc'><strong><em>6</em></strong></span> <span class='ocrx_word' id='word_1_290' title='bbox 1348 3311 1394 3375; x_wconf 89' lang='lat' dir='ltr'><strong><em>qui</em></strong></span> <span class='ocrx_word' id='word_1_291' title='bbox 1407 3305 1421 3332; x_wconf 78' lang='lat'>¹</span> <span class='ocrx_word' id='word_1_292' title='bbox 1442 3315 1553 3360; x_wconf 87' lang='lat' dir='ltr'><strong><em>vocatur</em></strong></span> <span class='ocrx_word' id='word_1_293' title='bbox 1568 3309 1730 3376; x_wconf 83' lang='lat' dir='ltr'><strong><em>Barregium,</em></strong></span> <span class='ocrx_word' id='word_1_294' title='bbox 1754 3312 1833 3360; x_wconf 88' lang='lat' dir='ltr'><strong><em>situm</em></strong></span> <span class='ocrx_word' id='word_1_295' title='bbox 1851 3325 1936 3376; x_wconf 86' lang='lat' dir='ltr'><strong><em>supra</em></strong></span> <span class='ocrx_word' id='word_1_296' title='bbox 1953 3311 2072 3362; x_wconf 86' lang='lat' dir='ltr'><strong><em>fluvium</em></strong></span> 
     </span>
     <span class='ocr_line' id='line_1_26' title="bbox 408 3413 2123 3481; baseline 0.001 -17"><span class='ocrx_word' id='word_1_297' title='bbox 408 3413 553 3481; x_wconf 80' lang='lat' dir='ltr'><strong><em>Sangrum,</em></strong></span> <span class='ocrx_word' id='word_1_298' title='bbox 583 3417 657 3465; x_wconf 88' lang='grc'><em>66661</em></span> <span class='ocrx_word' id='word_1_299' title='bbox 678 3417 706 3464; x_wconf 90' lang='grc'><strong><em>66</em></strong></span> <span class='ocrx_word' id='word_1_300' title='bbox 729 3423 845 3466; x_wconf 89' lang='lat' dir='ltr'><strong><em>nostram</em></strong></span> <span class='ocrx_word' id='word_1_301' title='bbox 873 3417 1033 3481; x_wconf 80' lang='lat' dir='ltr'><strong><em>presentiam</em></strong></span> <span class='ocrx_word' id='word_1_302' title='bbox 1056 3429 1111 3464; x_wconf 88' lang='lat' dir='ltr'><strong><em>una</em></strong></span> <span class='ocrx_word' id='word_1_303' title='bbox 1132 3431 1193 3465; x_wconf 88' lang='lat' dir='ltr'><strong><em>cum</em></strong></span> <span class='ocrx_word' id='word_1_304' title='bbox 1215 3429 1265 3464; x_wconf 88' lang='lat' dir='ltr'><strong><em>sua</em></strong></span> <span class='ocrx_word' id='word_1_305' title='bbox 1287 3415 1492 3480; x_wconf 75' lang='lat' dir='ltr'><strong><em>congregatione</em></strong></span> <span class='ocrx_word' id='word_1_306' title='bbox 1515 3415 1702 3464; x_wconf 86' lang='lat' dir='ltr'><strong><em>monachorum</em></strong></span> <span class='ocrx_word' id='word_1_307' title='bbox 1725 3418 1804 3479; x_wconf 84' lang='lat' dir='ltr'><strong><em>atque</em></strong></span> <span class='ocrx_word' id='word_1_308' title='bbox 1826 3429 1919 3464; x_wconf 89' lang='lat' dir='ltr'><strong><em>seeum</em></strong></span> <span class='ocrx_word' id='word_1_309' title='bbox 1942 3414 2071 3466; x_wconf 82' lang='lat' dir='ltr'><strong><em>deserens</em></strong></span> <span class='ocrx_word' id='word_1_310' title='bbox 2089 3423 2123 3470; x_wconf 76' lang='lat'><strong><em>25</em></strong></span> 
     </span>
     <span class='ocr_line' id='line_1_27' title="bbox 408 3500 2071 3586; baseline 0.002 -19"><span class='ocrx_word' id='word_1_311' title='bbox 408 3523 533 3582; x_wconf 86' lang='lat' dir='ltr'><strong><em>precepta</em></strong></span> <span class='ocrx_word' id='word_1_312' title='bbox 561 3523 710 3568; x_wconf 90' lang='lat' dir='ltr'><strong><em>nostrorum</em></strong></span> <span class='ocrx_word' id='word_1_313' title='bbox 739 3519 956 3584; x_wconf 81' lang='lat' dir='ltr'><strong><em>predecessorum</em></strong></span> <span class='ocrx_word' id='word_1_314' title='bbox 978 3520 1168 3583; x_wconf 87' lang='lat' dir='ltr'><strong><em>imporatorum</em></strong></span> <span class='ocrx_word' id='word_1_315' title='bbox 1191 3523 1379 3584; x_wconf 84' lang='lat' dir='ltr'><strong><em>augustorum,</em></strong></span> <span class='ocrx_word' id='word_1_316' title='bbox 1410 3517 1511 3568; x_wconf 87' lang='grc'><em>66616661</em></span> <span class='ocrx_word' id='word_1_317' title='bbox 1534 3517 1625 3567; x_wconf 89' lang='lat' dir='ltr'><strong><em>Karoli</em></strong></span> <span class='ocrx_word' id='word_1_318' title='bbox 1648 3523 1674 3568; x_wconf 90' lang='lat' dir='ltr'><strong><em>et</em></strong></span> <span class='ocrx_word' id='word_1_319' title='bbox 1696 3500 1916 3586; x_wconf 74' lang='grc'><em>111111101111101,</em></span> <span class='ocrx_word' id='word_1_320' title='bbox 1950 3535 2071 3584; x_wconf 84' lang='lat' dir='ltr'><strong><em>poscens</em></strong></span> 
     </span>
     <span class='ocr_line' id='line_1_28' title="bbox 408 3621 2070 3690; baseline 0.004 -21"><span class='ocrx_word' id='word_1_321' title='bbox 408 3625 525 3670; x_wconf 89' lang='lat' dir='ltr'><strong><em>nostram</em></strong></span> <span class='ocrx_word' id='word_1_322' title='bbox 549 3621 732 3672; x_wconf 84' lang='lat' dir='ltr'><strong><em>celsitudinem</em></strong></span> <span class='ocrx_word' id='word_1_323' title='bbox 749 3630 779 3673; x_wconf 91' lang='lat' dir='ltr'><strong><em>ut</em></strong></span> <span class='ocrx_word' id='word_1_324' title='bbox 793 3640 841 3688; x_wconf 90' lang='lat' dir='ltr'><strong><em>pro</em></strong></span> <span class='ocrx_word' id='word_1_325' title='bbox 864 3624 907 3674; x_wconf 89' lang='lat' dir='ltr'><strong><em>dei</em></strong></span> <span class='ocrx_word' id='word_1_326' title='bbox 930 3638 1018 3674; x_wconf 90' lang='lat' dir='ltr'><strong><em>amore</em></strong></span> <span class='ocrx_word' id='word_1_327' title='bbox 1035 3627 1061 3672; x_wconf 91' lang='lat' dir='ltr'><strong><em>et</em></strong></span> <span class='ocrx_word' id='word_1_328' title='bbox 1075 3624 1225 3673; x_wconf 87' lang='lat' dir='ltr'><strong><em>reverentia</em></strong></span> <span class='ocrx_word' id='word_1_329' title='bbox 1247 3622 1365 3673; x_wconf 88' lang='lat' dir='ltr'><strong><em>eiusdem</em></strong></span> <span class='ocrx_word' id='word_1_330' title='bbox 1389 3622 1472 3672; x_wconf 87' lang='lat' dir='ltr'><strong><em>sancti</em></strong></span> <span class='ocrx_word' id='word_1_331' title='bbox 1495 3622 1548 3672; x_wconf 87' lang='lat' dir='ltr'><strong><em>loci</em></strong></span> <span class='ocrx_word' id='word_1_332' title='bbox 1571 3621 1650 3671; x_wconf 89' lang='lat' dir='ltr'><strong><em>simili</em></strong></span> <span class='ocrx_word' id='word_1_333' title='bbox 1673 3621 1750 3671; x_wconf 92' lang='lat' dir='ltr'><strong><em>modo</em></strong></span> <span class='ocrx_word' id='word_1_334' title='bbox 1773 3621 1860 3674; x_wconf 84' lang='lat' dir='ltr'><strong><em>iacere</em></strong></span> <span class='ocrx_word' id='word_1_335' title='bbox 1883 3621 2070 3690; x_wconf 83' lang='lat' dir='ltr'><strong><em>dignaremur.</em></strong></span> 
     </span>
     <span class='ocr_line' id='line_1_29' title="bbox 408 3725 2071 3796; baseline 0.003 -22"><span class='ocrx_word' id='word_1_336' title='bbox 408 3725 528 3786; x_wconf 82' lang='lat' dir='ltr'><strong><em>Quorum</em></strong></span> <span class='ocrx_word' id='word_1_337' title='bbox 556 3727 729 3789; x_wconf 86' lang='lat' dir='ltr'><strong><em>petitionibus</em></strong></span> <span class='ocrx_word' id='word_1_338' title='bbox 759 3727 792 3778; x_wconf 93' lang='lat' dir='ltr'><strong><em>ob</em></strong></span> <span class='ocrx_word' id='word_1_339' title='bbox 822 3727 948 3778; x_wconf 91' lang='lat' dir='ltr'><strong><em>bonorem</em></strong></span> <span class='ocrx_word' id='word_1_340' title='bbox 978 3725 1021 3778; x_wconf 91' lang='lat' dir='ltr'><strong><em>dei</em></strong></span> <span class='ocrx_word' id='word_1_341' title='bbox 1050 3733 1077 3777; x_wconf 91' lang='grc'><strong><em>61</em></strong></span> <span class='ocrx_word' id='word_1_342' title='bbox 1105 3728 1280 3778; x_wconf 86' lang='lat' dir='ltr'><strong><em>reverentiam</em></strong></span> <span class='ocrx_word' id='word_1_343' title='bbox 1309 3725 1426 3778; x_wconf 87' lang='lat' dir='ltr'><strong><em>eiusdem</em></strong></span> <span class='ocrx_word' id='word_1_344' title='bbox 1455 3727 1540 3775; x_wconf 87' lang='lat' dir='ltr'><strong><em>sancti</em></strong></span> <span class='ocrx_word' id='word_1_345' title='bbox 1568 3725 1620 3776; x_wconf 87' lang='lat' dir='ltr'><strong><em>loci</em></strong></span> <span class='ocrx_word' id='word_1_346' title='bbox 1648 3741 1698 3776; x_wconf 91' lang='lat' dir='ltr'><strong><em>nec</em></strong></span> <span class='ocrx_word' id='word_1_347' title='bbox 1726 3741 1779 3776; x_wconf 91' lang='lat' dir='ltr'><strong><em>non</em></strong></span> <span class='ocrx_word' id='word_1_348' title='bbox 1806 3731 1833 3776; x_wconf 89' lang='lat' dir='ltr'><strong><em>et</em></strong></span> <span class='ocrx_word' id='word_1_349' title='bbox 1855 3728 1945 3794; x_wconf 72' lang='lat' dir='ltr'><strong><em>anime</em></strong></span> <span class='ocrx_word' id='word_1_350' title='bbox 1977 3735 2071 3796; x_wconf 74' lang='grc'><em>666166</em></span> 
     </span>
     <span class='ocr_line' id='line_1_30' title="bbox 408 3826 2070 3898; baseline 0.003 -20"><span class='ocrx_word' id='word_1_351' title='bbox 408 3835 579 3895; x_wconf 84' lang='lat' dir='ltr'><strong><em>augmentum</em></strong></span> <span class='ocrx_word' id='word_1_352' title='bbox 606 3830 829 3896; x_wconf 83' lang='lat' dir='ltr'><strong><em>stabilitatemque</em></strong></span> <span class='ocrx_word' id='word_1_353' title='bbox 851 3833 926 3898; x_wconf 87' lang='lat' dir='ltr'><strong><em>regni</em></strong></span> <span class='ocrx_word' id='word_1_354' title='bbox 949 3834 1033 3882; x_wconf 87' lang='lat' dir='ltr'><strong><em>nostri</em></strong></span> <span class='ocrx_word' id='word_1_355' title='bbox 1055 3826 1249 3896; x_wconf 65' lang='lat' dir='ltr'><strong><em>adquirimus*</em></strong></span> <span class='ocrx_word' id='word_1_356' title='bbox 1276 3836 1356 3897; x_wconf 86' lang='lat' dir='ltr'><strong><em>atque</em></strong></span> <span class='ocrx_word' id='word_1_357' title='bbox 1378 3831 1429 3880; x_wconf 90' lang='lat' dir='ltr'><strong><em>hoc</em></strong></span> <span class='ocrx_word' id='word_1_358' title='bbox 1451 3835 1540 3895; x_wconf 72' lang='lat' dir='ltr'><strong><em>nostre</em></strong></span> <span class='ocrx_word' id='word_1_359' title='bbox 1563 3831 1728 3880; x_wconf 88' lang='lat' dir='ltr'><strong><em>auctoritatis</em></strong></span> <span class='ocrx_word' id='word_1_360' title='bbox 1749 3832 1829 3880; x_wconf 89' lang='lat' dir='ltr'><strong><em>immo</em></strong></span> <span class='ocrx_word' id='word_1_361' title='bbox 1852 3830 2070 3883; x_wconf 84' lang='lat' dir='ltr'><strong><em>confirmationis</em></strong></span> 
     </span>
     <span class='ocr_line' id='line_1_31' title="bbox 407 3933 2121 4004; baseline 0.004 -21"><span class='ocrx_word' id='word_1_362' title='bbox 407 3939 560 3999; x_wconf 88' lang='lat' dir='ltr'><strong><em>preceptum</em></strong></span> <span class='ocrx_word' id='word_1_363' title='bbox 590 3936 660 3984; x_wconf 89' lang='lat' dir='ltr'><strong><em>circa</em></strong></span> <span class='ocrx_word' id='word_1_364' title='bbox 690 3935 775 3999; x_wconf 88' lang='lat' dir='ltr'><strong><em>ipsum</em></strong></span> <span class='ocrx_word' id='word_1_365' title='bbox 797 3937 976 3987; x_wconf 84' lang='lat' dir='ltr'><strong><em>venerabilem</em></strong></span> <span class='ocrx_word' id='word_1_366' title='bbox 998 3935 1088 4004; x_wconf 82' lang='lat' dir='ltr'><strong><em>locum</em></strong></span> <span class='ocrx_word' id='word_1_367' title='bbox 1110 3935 1167 3986; x_wconf 81' lang='lat' dir='ltr'><strong><em>lieri</em></strong></span> <span class='ocrx_word' id='word_1_368' title='bbox 1188 3936 1282 3998; x_wconf 87' lang='lat' dir='ltr'><strong><em>libuit,</em></strong></span> <span class='ocrx_word' id='word_1_369' title='bbox 1312 3951 1360 4000; x_wconf 88' lang='lat' dir='ltr'><strong><em>per</em></strong></span> <span class='ocrx_word' id='word_1_370' title='bbox 1383 3934 1454 4000; x_wconf 87' lang='lat' dir='ltr'><strong><em>qnod</em></strong></span> <span class='ocrx_word' id='word_1_371' title='bbox 1476 3935 1599 3984; x_wconf 86' lang='lat' dir='ltr'><strong><em>iubemus</em></strong></span> <span class='ocrx_word' id='word_1_372' title='bbox 1621 3939 1701 3999; x_wconf 86' lang='lat' dir='ltr'><strong><em>atque</em></strong></span> <span class='ocrx_word' id='word_1_373' title='bbox 1723 3933 1892 3984; x_wconf 85' lang='lat' dir='ltr'><strong><em>concedimus</em></strong></span> <span class='ocrx_word' id='word_1_374' title='bbox 1915 3941 1959 3998; x_wconf 90' lang='grc'><strong><em>61,</em></strong></span> <span class='ocrx_word' id='word_1_375' title='bbox 1997 3939 2121 3993; x_wconf 75' lang='grc'><em>6666130</em></span> 
     </span>
     <span class='ocr_line' id='line_1_32' title="bbox 407 4037 2070 4103; baseline 0.005 -18"><span class='ocrx_word' id='word_1_376' title='bbox 407 4038 605 4100; x_wconf 85' lang='lat' dir='ltr'><strong><em>predecessores</em></strong></span> <span class='ocrx_word' id='word_1_377' title='bbox 628 4040 711 4087; x_wconf 87' lang='lat' dir='ltr'><strong><em>nostri</em></strong></span> <span class='ocrx_word' id='word_1_378' title='bbox 733 4040 761 4087; x_wconf 92' lang='lat' dir='ltr'><strong><em>in</em></strong></span> <span class='ocrx_word' id='word_1_379' title='bbox 783 4040 840 4103; x_wconf 84' lang='lat' dir='ltr'><strong><em>ipso</em></strong></span> <span class='ocrx_word' id='word_1_380' title='bbox 864 4041 994 4091; x_wconf 89' lang='lat' dir='ltr'><strong><em>coenobio</em></strong></span> <span class='ocrx_word' id='word_1_381' title='bbox 1017 4040 1248 4103; x_wconf 83' lang='lat' dir='ltr'><strong><em>confimuaverunt,</em></strong></span> <span class='ocrx_word' id='word_1_382' title='bbox 1272 4041 1310 4089; x_wconf 83' lang='lat' dir='ltr'><strong><em>ita</em></strong></span> <span class='ocrx_word' id='word_1_383' title='bbox 1332 4037 1603 4090; x_wconf 82' lang='lat' dir='ltr'><strong><em>nostraauctoritate</em></strong></span> <span class='ocrx_word' id='word_1_384' title='bbox 1625 4043 1731 4088; x_wconf 82' lang='lat' dir='ltr'><strong><em>maneat</em></strong></span> <span class='ocrx_word' id='word_1_385' title='bbox 1752 4039 1913 4102; x_wconf 83' lang='lat' dir='ltr'><strong><em>roboratum,</em></strong></span> <span class='ocrx_word' id='word_1_386' title='bbox 1936 4041 2070 4094; x_wconf 84' lang='lat' dir='ltr'><strong><em>videlicet</em></strong></span> 
     </span>
     <span class='ocr_line' id='line_1_33' title="bbox 408 4124 2071 4206; baseline 0.005 -18"><span class='ocrx_word' id='word_1_387' title='bbox 408 4157 499 4190; x_wconf 87' lang='lat' dir='ltr'><strong><em>omnes</em></strong></span> <span class='ocrx_word' id='word_1_388' title='bbox 521 4156 563 4190; x_wconf 87' lang='lat' dir='ltr'><strong><em>res</em></strong></span> <span class='ocrx_word' id='word_1_389' title='bbox 582 4145 608 4190; x_wconf 85' lang='lat' dir='ltr'><strong><em>et</em></strong></span> <span class='ocrx_word' id='word_1_390' title='bbox 626 4143 759 4206; x_wconf 89' lang='lat' dir='ltr'><strong><em>mancipia</em></strong></span> <span class='ocrx_word' id='word_1_391' title='bbox 781 4142 900 4194; x_wconf 86' lang='lat' dir='ltr'><strong><em>aldiones</em></strong></span> <span class='ocrx_word' id='word_1_392' title='bbox 924 4148 950 4193; x_wconf 91' lang='lat' dir='ltr'><strong><em>et</em></strong></span> <span class='ocrx_word' id='word_1_393' title='bbox 972 4143 1092 4194; x_wconf 87' lang='lat' dir='ltr'><strong><em>aldianas</em></strong></span> <span class='ocrx_word' id='word_1_394' title='bbox 1116 4144 1261 4194; x_wconf 87' lang='lat' dir='ltr'><strong><em>cartulatos</em></strong></span> <span class='ocrx_word' id='word_1_395' title='bbox 1285 4149 1311 4194; x_wconf 90' lang='lat' dir='ltr'><strong><em>et</em></strong></span> <span class='ocrx_word' id='word_1_396' title='bbox 1334 4143 1440 4194; x_wconf 87' lang='lat' dir='ltr'><strong><em>offertos</em></strong></span> <span class='ocrx_word' id='word_1_397' title='bbox 1462 4157 1553 4192; x_wconf 86' lang='lat' dir='ltr'><strong><em>servos</em></strong></span> <span class='ocrx_word' id='word_1_398' title='bbox 1575 4147 1602 4192; x_wconf 89' lang='lat' dir='ltr'><strong><em>et</em></strong></span> <span class='ocrx_word' id='word_1_399' title='bbox 1623 4141 1734 4192; x_wconf 86' lang='lat' dir='ltr'><strong><em>ancillas</em></strong></span> <span class='ocrx_word' id='word_1_400' title='bbox 1755 4124 1857 4192; x_wconf 76' lang='lat' dir='ltr'><strong><em>terrisb</em></strong></span> <span class='ocrx_word' id='word_1_401' title='bbox 1879 4144 1967 4193; x_wconf 87' lang='lat' dir='ltr'><strong><em>vineis</em></strong></span> <span class='ocrx_word' id='word_1_402' title='bbox 1991 4146 2071 4196; x_wconf 76' lang='lat' dir='ltr'><strong><em>silvis</em></strong></span> 
     </span>
     <span class='ocr_line' id='line_1_34' title="bbox 407 4240 2069 4314; baseline 0.005 -22"><span class='ocrx_word' id='word_1_403' title='bbox 407 4245 483 4308; x_wconf 87' lang='lat' dir='ltr'><strong><em>aquis</em></strong></span> <span class='ocrx_word' id='word_1_404' title='bbox 511 4258 692 4310; x_wconf 84' lang='lat' dir='ltr'><strong><em>aquarumque</em></strong></span> <span class='ocrx_word' id='word_1_405' title='bbox 715 4245 870 4296; x_wconf 87' lang='lat' dir='ltr'><strong><em>decursibus</em></strong></span> <span class='ocrx_word' id='word_1_406' title='bbox 892 4247 1051 4297; x_wconf 88' lang='lat' dir='ltr'><strong><em>molendinis</em></strong></span> <span class='ocrx_word' id='word_1_407' title='bbox 1073 4253 1153 4312; x_wconf 90' lang='lat' dir='ltr'><strong><em>atquo</em></strong></span> <span class='ocrx_word' id='word_1_408' title='bbox 1175 4249 1311 4312; x_wconf 88' lang='lat' dir='ltr'><strong><em>piscariis,</em></strong></span> <span class='ocrx_word' id='word_1_409' title='bbox 1342 4249 1441 4311; x_wconf 87' lang='lat' dir='ltr'><strong><em>positas</em></strong></span> <span class='ocrx_word' id='word_1_410' title='bbox 1464 4246 1533 4296; x_wconf 86' lang='lat' dir='ltr'><strong><em>inira</em></strong></span> <span class='ocrx_word' id='word_1_411' title='bbox 1555 4245 1685 4296; x_wconf 80' lang='lat' dir='ltr'><strong><em>ainbobus</em></strong></span> <span class='ocrx_word' id='word_1_412' title='bbox 1707 4240 1844 4295; x_wconf 61' lang='grc' dir='ltr'><strong><em>61666166*ι</em></strong></span> <span class='ocrx_word' id='word_1_413' title='bbox 1866 4249 1976 4310; x_wconf 86' lang='lat' dir='ltr'><strong><em>nostris,</em></strong></span> <span class='ocrx_word' id='word_1_414' title='bbox 2001 4248 2069 4314; x_wconf 84' lang='lat' dir='ltr'><strong><em>Spo-</em></strong></span> 
     </span>
     <span class='ocr_line' id='line_1_35' title="bbox 407 4333 2069 4416; baseline 0.004 -21"><span class='ocrx_word' id='word_1_415' title='bbox 407 4346 484 4396; x_wconf 90' lang='lat' dir='ltr'><strong><em>litino</em></strong></span> <span class='ocrx_word' id='word_1_416' title='bbox 503 4364 519 4395; x_wconf 76' lang='grc'><strong><em>6</em></strong></span> <span class='ocrx_word' id='word_1_417' title='bbox 537 4353 617 4413; x_wconf 88' lang='lat' dir='ltr'><strong><em>atque</em></strong></span> <span class='ocrx_word' id='word_1_418' title='bbox 633 4347 766 4410; x_wconf 78' lang='lat' dir='ltr'><strong><em>Firmano,</em></strong></span> <span class='ocrx_word' id='word_1_419' title='bbox 789 4365 837 4399; x_wconf 88' lang='lat' dir='ltr'><strong><em>seu</em></strong></span> <span class='ocrx_word' id='word_1_420' title='bbox 858 4350 928 4400; x_wconf 83' lang='lat' dir='ltr'><strong><em>infra</em></strong></span> <span class='ocrx_word' id='word_1_421' title='bbox 950 4367 1041 4402; x_wconf 85' lang='lat' dir='ltr'><strong><em>omnes</em></strong></span> <span class='ocrx_word' id='word_1_422' title='bbox 1063 4349 1129 4400; x_wconf 86' lang='lat' dir='ltr'><strong><em>fines</em></strong></span> <span class='ocrx_word' id='word_1_423' title='bbox 1151 4351 1226 4416; x_wconf 79' lang='lat' dir='ltr'><strong><em>regni</em></strong></span> <span class='ocrx_word' id='word_1_424' title='bbox 1248 4352 1331 4401; x_wconf 88' lang='lat' dir='ltr'><strong><em>nostri</em></strong></span> <span class='ocrx_word' id='word_1_425' title='bbox 1355 4350 1481 4416; x_wconf 89' lang='lat' dir='ltr'><strong><em>quiequid</em></strong></span> <span class='ocrx_word' id='word_1_426' title='bbox 1502 4348 1600 4416; x_wconf 84' lang='lat' dir='ltr'><strong><em>legitur</em></strong></span> <span class='ocrx_word' id='word_1_427' title='bbox 1617 4349 1661 4399; x_wconf 88' lang='lat' dir='ltr'><strong><em>vel</em></strong></span> <span class='ocrx_word' id='word_1_428' title='bbox 1678 4351 1761 4399; x_wconf 89' lang='lat' dir='ltr'><strong><em>scitur</em></strong></span> <span class='ocrx_word' id='word_1_429' title='bbox 1778 4350 1806 4398; x_wconf 89' lang='lat' dir='ltr'><strong><em>in</em></strong></span> <span class='ocrx_word' id='word_1_430' title='bbox 1822 4333 1965 4401; x_wconf 79' lang='lat' dir='ltr'><strong><em>Lomino</em></strong></span> <span class='ocrx_word' id='word_1_431' title='bbox 1987 4347 2021 4402; x_wconf 75' lang='lat' dir='ltr'><strong><em>ei</em></strong></span> <span class='ocrx_word' id='word_1_432' title='bbox 2037 4354 2069 4402; x_wconf 92' lang='lat' dir='ltr'><strong><em>in</em></strong></span> 
     </span>
     <span class='ocr_line' id='line_1_36' title="bbox 408 4436 2122 4528; baseline 0.005 -30"><span class='ocrx_word' id='word_1_433' title='bbox 408 4450 490 4499; x_wconf 86' lang='lat' dir='ltr'><strong><em>Marsi</em></strong></span> <span class='ocrx_word' id='word_1_434' title='bbox 502 4443 516 4528; x_wconf 10' lang='lat'><strong><em>⁰¹</em></strong></span> <span class='ocrx_word' id='word_1_435' title='bbox 535 4468 565 4513; x_wconf 76' lang='lat' dir='ltr'><strong><em>ss,</em></strong></span> <span class='ocrx_word' id='word_1_436' title='bbox 596 4451 623 4499; x_wconf 92' lang='lat' dir='ltr'><strong><em>id</em></strong></span> <span class='ocrx_word' id='word_1_437' title='bbox 646 4456 686 4501; x_wconf 88' lang='lat' dir='ltr'><strong><em>est</em></strong></span> <span class='ocrx_word' id='word_1_438' title='bbox 713 4436 830 4501; x_wconf 78' lang='lat' dir='ltr'><strong><em>celiam</em></strong></span> <span class='ocrx_word' id='word_1_439' title='bbox 860 4441 965 4504; x_wconf 77' lang='lat' dir='ltr'><strong><em>sancii</em></strong></span> <span class='ocrx_word' id='word_1_440' title='bbox 987 4439 1125 4521; x_wconf 80' lang='lat' dir='ltr'><strong><em>FeliciS‚</em></strong></span> <span class='ocrx_word' id='word_1_441' title='bbox 1156 4455 1250 4504; x_wconf 89' lang='lat' dir='ltr'><strong><em>cellam</em></strong></span> <span class='ocrx_word' id='word_1_442' title='bbox 1272 4455 1300 4504; x_wconf 91' lang='lat' dir='ltr'><strong><em>in</em></strong></span> <span class='ocrx_word' id='word_1_443' title='bbox 1322 4455 1418 4505; x_wconf 79' lang='lat' dir='ltr'><strong><em>Funde</em></strong></span> <span class='ocrx_word' id='word_1_444' title='bbox 1447 4469 1543 4520; x_wconf 83' lang='lat' dir='ltr'><strong><em>magno</em></strong></span> <span class='ocrx_word' id='word_1_445' title='bbox 1566 4469 1617 4519; x_wconf 76' lang='lat' dir='ltr'><strong><em>quq</em></strong></span> <span class='ocrx_word' id='word_1_446' title='bbox 1639 4459 1750 4503; x_wconf 88' lang='lat' dir='ltr'><strong><em>vocatur</em></strong></span> <span class='ocrx_word' id='word_1_447' title='bbox 1777 4459 1868 4503; x_wconf 85' lang='lat' dir='ltr'><strong><em>sancta</em></strong></span> <span class='ocrx_word' id='word_1_448' title='bbox 1890 4454 1982 4504; x_wconf 86' lang='lat' dir='ltr'><strong><em>Maria</em></strong></span> <span class='ocrx_word' id='word_1_449' title='bbox 2004 4472 2069 4506; x_wconf 88' lang='lat' dir='ltr'><strong><em>cum</em></strong></span> <span class='ocrx_word' id='word_1_450' title='bbox 2087 4466 2122 4514; x_wconf 85' lang='grc'><strong><em>35</em></strong></span> 
     </span>
     <span class='ocr_line' id='line_1_37' title="bbox 408 4554 2070 4623; baseline 0.006 -21"><span class='ocrx_word' id='word_1_451' title='bbox 408 4554 530 4603; x_wconf 85' lang='lat' dir='ltr'><strong><em>omnibus</em></strong></span> <span class='ocrx_word' id='word_1_452' title='bbox 553 4555 608 4604; x_wconf 89' lang='lat' dir='ltr'><strong><em>suis</em></strong></span> <span class='ocrx_word' id='word_1_453' title='bbox 631 4555 803 4605; x_wconf 85' lang='lat' dir='ltr'><strong><em>subiacentiis</em></strong></span> <span class='ocrx_word' id='word_1_454' title='bbox 826 4556 944 4607; x_wconf 85' lang='lat' dir='ltr'><strong><em>ecclesiis</em></strong></span> <span class='ocrx_word' id='word_1_455' title='bbox 967 4557 1010 4608; x_wconf 87' lang='grc'><strong><em>661</em></strong></span> <span class='ocrx_word' id='word_1_456' title='bbox 1033 4558 1121 4620; x_wconf 88' lang='lat' dir='ltr'><strong><em>rebus,</em></strong></span> <span class='ocrx_word' id='word_1_457' title='bbox 1144 4573 1190 4607; x_wconf 86' lang='lat' dir='ltr'><strong><em>seu</em></strong></span> <span class='ocrx_word' id='word_1_458' title='bbox 1214 4558 1298 4622; x_wconf 89' lang='lat' dir='ltr'><strong><em>ipsam</em></strong></span> <span class='ocrx_word' id='word_1_459' title='bbox 1322 4557 1415 4608; x_wconf 86' lang='lat' dir='ltr'><strong><em>cellam</em></strong></span> <span class='ocrx_word' id='word_1_460' title='bbox 1438 4573 1489 4623; x_wconf 75' lang='lat' dir='ltr'><strong><em>quq</em></strong></span> <span class='ocrx_word' id='word_1_461' title='bbox 1508 4562 1619 4607; x_wconf 85' lang='lat' dir='ltr'><strong><em>vocatur</em></strong></span> <span class='ocrx_word' id='word_1_462' title='bbox 1633 4573 1650 4604; x_wconf 69' lang='grc'><strong><em>6</em></strong></span> <span class='ocrx_word' id='word_1_463' title='bbox 1665 4557 1797 4606; x_wconf 87' lang='lat' dir='ltr'><strong><em>Entitium</em></strong></span> <span class='ocrx_word' id='word_1_464' title='bbox 1811 4558 1838 4607; x_wconf 90' lang='lat' dir='ltr'><strong><em>in</em></strong></span> <span class='ocrx_word' id='word_1_465' title='bbox 1854 4557 1981 4610; x_wconf 78' lang='lat' dir='ltr'><strong><em>Arantino</em></strong></span> <span class='ocrx_word' id='word_1_466' title='bbox 2006 4577 2070 4612; x_wconf 87' lang='lat' dir='ltr'><strong><em>eum</em></strong></span> 
     </span>
     <span class='ocr_line' id='line_1_38' title="bbox 408 4657 2070 4732; baseline 0.005 -26"><span class='ocrx_word' id='word_1_467' title='bbox 408 4659 463 4706; x_wconf 85' lang='lat' dir='ltr'><strong><em>suis</em></strong></span> <span class='ocrx_word' id='word_1_468' title='bbox 491 4657 660 4721; x_wconf 86' lang='lat' dir='ltr'><strong><em>adiacentiis,</em></strong></span> <span class='ocrx_word' id='word_1_469' title='bbox 693 4675 743 4709; x_wconf 87' lang='lat' dir='ltr'><strong><em>nec</em></strong></span> <span class='ocrx_word' id='word_1_470' title='bbox 764 4675 818 4709; x_wconf 91' lang='lat' dir='ltr'><strong><em>non</em></strong></span> <span class='ocrx_word' id='word_1_471' title='bbox 847 4661 926 4710; x_wconf 88' lang='lat' dir='ltr'><strong><em>etiam</em></strong></span> <span class='ocrx_word' id='word_1_472' title='bbox 955 4662 1038 4726; x_wconf 87' lang='lat' dir='ltr'><strong><em>ipsam</em></strong></span> <span class='ocrx_word' id='word_1_473' title='bbox 1068 4661 1161 4711; x_wconf 87' lang='lat' dir='ltr'><strong><em>cellam</em></strong></span> <span class='ocrx_word' id='word_1_474' title='bbox 1191 4677 1242 4726; x_wconf 73' lang='lat' dir='ltr'><strong><em>qne</em></strong></span> <span class='ocrx_word' id='word_1_475' title='bbox 1272 4667 1312 4712; x_wconf 88' lang='lat' dir='ltr'><strong><em>est</em></strong></span> <span class='ocrx_word' id='word_1_476' title='bbox 1339 4664 1427 4726; x_wconf 87' lang='lat' dir='ltr'><strong><em>posita</em></strong></span> <span class='ocrx_word' id='word_1_477' title='bbox 1455 4675 1535 4725; x_wconf 86' lang='lat' dir='ltr'><strong><em>supra</em></strong></span> <span class='ocrx_word' id='word_1_478' title='bbox 1558 4662 1641 4725; x_wconf 86' lang='lat' dir='ltr'><strong><em>ipsam</em></strong></span> <span class='ocrx_word' id='word_1_479' title='bbox 1665 4661 1799 4711; x_wconf 83' lang='lat' dir='ltr'><strong><em>civitatem</em></strong></span> <span class='ocrx_word' id='word_1_480' title='bbox 1822 4661 1855 4712; x_wconf 89' lang='lat' dir='ltr'><strong><em>de</em></strong></span> <span class='ocrx_word' id='word_1_481' title='bbox 1876 4663 1978 4728; x_wconf 83' lang='lat' dir='ltr'><strong><em>Marsi,</em></strong></span> <span class='ocrx_word' id='word_1_482' title='bbox 2014 4681 2070 4732; x_wconf 69' lang='lat' dir='ltr'><strong><em>quq</em></strong></span> 
     </span>
     <span class='ocr_line' id='line_1_39' title="bbox 409 4762 2070 4834; baseline 0.005 -24"><span class='ocrx_word' id='word_1_483' title='bbox 409 4767 519 4811; x_wconf 89' lang='lat' dir='ltr'><strong><em>vocatur</em></strong></span> <span class='ocrx_word' id='word_1_484' title='bbox 542 4763 626 4812; x_wconf 86' lang='lat' dir='ltr'><strong><em>sancti</em></strong></span> <span class='ocrx_word' id='word_1_485' title='bbox 649 4762 728 4812; x_wconf 90' lang='lat' dir='ltr'><strong><em>Pauli</em></strong></span> <span class='ocrx_word' id='word_1_486' title='bbox 750 4764 806 4812; x_wconf 87' lang='lat' dir='ltr'><strong><em>suis</em></strong></span> <span class='ocrx_word' id='word_1_487' title='bbox 829 4781 888 4814; x_wconf 86' lang='lat' dir='ltr'><strong><em>cum</em></strong></span> <span class='ocrx_word' id='word_1_488' title='bbox 911 4766 1093 4830; x_wconf 86' lang='lat' dir='ltr'><strong><em>pertinentiis,</em></strong></span> <span class='ocrx_word' id='word_1_489' title='bbox 1122 4781 1171 4816; x_wconf 89' lang='lat' dir='ltr'><strong><em>nec</em></strong></span> <span class='ocrx_word' id='word_1_490' title='bbox 1193 4781 1247 4815; x_wconf 90' lang='lat' dir='ltr'><strong><em>non</em></strong></span> <span class='ocrx_word' id='word_1_491' title='bbox 1269 4771 1296 4816; x_wconf 89' lang='grc'><strong><em>61</em></strong></span> <span class='ocrx_word' id='word_1_492' title='bbox 1318 4765 1386 4816; x_wconf 84' lang='grc'><em>66116</em></span> <span class='ocrx_word' id='word_1_493' title='bbox 1407 4767 1435 4814; x_wconf 88' lang='grc'><strong><em>66</em></strong></span> <span class='ocrx_word' id='word_1_494' title='bbox 1458 4765 1567 4816; x_wconf 84' lang='grc'><em>0661666</em></span> <span class='ocrx_word' id='word_1_495' title='bbox 1590 4781 1642 4830; x_wconf 75' lang='lat' dir='ltr'><strong><em>quq</em></strong></span> <span class='ocrx_word' id='word_1_496' title='bbox 1665 4771 1775 4816; x_wconf 83' lang='lat' dir='ltr'><strong><em>vocatur</em></strong></span> <span class='ocrx_word' id='word_1_497' title='bbox 1797 4771 1904 4816; x_wconf 86' lang='lat' dir='ltr'><strong><em>sanctas</em></strong></span> <span class='ocrx_word' id='word_1_498' title='bbox 1926 4766 2018 4834; x_wconf 66' lang='lat' dir='ltr'><strong><em>Maria</em></strong></span> <span class='ocrx_word' id='word_1_499' title='bbox 2041 4775 2070 4820; x_wconf 88' lang='lat' dir='ltr'><strong><em>ct</em></strong></span> 
     </span>
     <span class='ocr_line' id='line_1_40' title="bbox 410 4864 2068 4936; baseline 0.007 -23"><span class='ocrx_word' id='word_1_500' title='bbox 410 4865 494 4914; x_wconf 88' lang='lat' dir='ltr'><strong><em>sancti</em></strong></span> <span class='ocrx_word' id='word_1_501' title='bbox 517 4864 638 4930; x_wconf 83' lang='lat' dir='ltr'><strong><em>Gregorii</em></strong></span> <span class='ocrx_word' id='word_1_502' title='bbox 668 4867 695 4914; x_wconf 94' lang='lat' dir='ltr'><strong><em>in</em></strong></span> <span class='ocrx_word' id='word_1_503' title='bbox 718 4866 833 4916; x_wconf 86' lang='lat' dir='ltr'><strong><em>Paterno</em></strong></span> <span class='ocrx_word' id='word_1_504' title='bbox 863 4873 890 4917; x_wconf 89' lang='lat' dir='ltr'><strong><em>et</em></strong></span> <span class='ocrx_word' id='word_1_505' title='bbox 918 4874 1009 4934; x_wconf 73' lang='lat' dir='ltr'><strong><em>sancte</em></strong></span> <span class='ocrx_word' id='word_1_506' title='bbox 1031 4871 1116 4935; x_wconf 62' lang='lat' dir='ltr'><strong><em>Maris),</em></strong></span> <span class='ocrx_word' id='word_1_507' title='bbox 1138 4871 1166 4918; x_wconf 91' lang='lat' dir='ltr'><strong><em>in</em></strong></span> <span class='ocrx_word' id='word_1_508' title='bbox 1188 4875 1276 4920; x_wconf 89' lang='lat' dir='ltr'><strong><em>monte</em></strong></span> <span class='ocrx_word' id='word_1_509' title='bbox 1298 4871 1374 4936; x_wconf 77' lang='lat' dir='ltr'><strong><em>Ronq</em></strong></span> <span class='ocrx_word' id='word_1_510' title='bbox 1404 4876 1430 4920; x_wconf 88' lang='lat' dir='ltr'><strong><em>et</em></strong></span> <span class='ocrx_word' id='word_1_511' title='bbox 1452 4871 1537 4920; x_wconf 83' lang='lat' dir='ltr'><strong><em>sancti</em></strong></span> <span class='ocrx_word' id='word_1_512' title='bbox 1560 4869 1705 4920; x_wconf 87' lang='lat' dir='ltr'><strong><em>Salvatoris</em></strong></span> <span class='ocrx_word' id='word_1_513' title='bbox 1727 4872 1756 4919; x_wconf 92' lang='lat' dir='ltr'><strong><em>iu</em></strong></span> <span class='ocrx_word' id='word_1_514' title='bbox 1777 4871 1901 4921; x_wconf 79' lang='lat' dir='ltr'><strong><em>Anazano</em></strong></span> <span class='ocrx_word' id='word_1_515' title='bbox 1925 4877 1953 4921; x_wconf 87' lang='grc'><strong><em>61</em></strong></span> <span class='ocrx_word' id='word_1_516' title='bbox 1978 4877 2068 4925; x_wconf 85' lang='lat' dir='ltr'><strong><em>sancti</em></strong></span> 
     </span>
     <span class='ocr_line' id='line_1_41' title="bbox 408 4956 2123 5040; baseline 0.008 -24"><span class='ocrx_word' id='word_1_517' title='bbox 408 4967 508 5017; x_wconf 82' lang='lat' dir='ltr'><strong><em>Antimi</em></strong></span> <span class='ocrx_word' id='word_1_518' title='bbox 531 4968 565 5017; x_wconf 86' lang='lat' dir='ltr'><strong><em>ad</em></strong></span> <span class='ocrx_word' id='word_1_519' title='bbox 587 4969 698 5018; x_wconf 84' lang='lat' dir='ltr'><strong><em>Formas</em></strong></span> <span class='ocrx_word' id='word_1_520' title='bbox 722 4975 748 5020; x_wconf 89' lang='lat' dir='ltr'><strong><em>et</em></strong></span> <span class='ocrx_word' id='word_1_521' title='bbox 770 4972 854 5021; x_wconf 87' lang='lat' dir='ltr'><strong><em>sancti</em></strong></span> <span class='ocrx_word' id='word_1_522' title='bbox 877 4971 973 5038; x_wconf 82' lang='lat' dir='ltr'><strong><em>Angeli</em></strong></span> <span class='ocrx_word' id='word_1_523' title='bbox 995 4971 1029 5021; x_wconf 89' lang='lat' dir='ltr'><strong><em>ad</em></strong></span> <span class='ocrx_word' id='word_1_524' title='bbox 1051 4972 1147 5022; x_wconf 82' lang='lat' dir='ltr'><strong><em>Albam</em></strong></span> <span class='ocrx_word' id='word_1_525' title='bbox 1170 4977 1196 5022; x_wconf 87' lang='lat' dir='ltr'><strong><em>et</em></strong></span> <span class='ocrx_word' id='word_1_526' title='bbox 1219 4959 1323 5022; x_wconf 77' lang='lat' dir='ltr'><strong><em>saneti</em></strong></span> <span class='ocrx_word' id='word_1_527' title='bbox 1347 4956 1466 5025; x_wconf 79' lang='lat' dir='ltr'><strong><em>Cosme</em></strong></span> <span class='ocrx_word' id='word_1_528' title='bbox 1489 4974 1517 5022; x_wconf 93' lang='lat' dir='ltr'><strong><em>in</em></strong></span> <span class='ocrx_word' id='word_1_529' title='bbox 1534 4973 1650 5024; x_wconf 81' lang='lat' dir='ltr'><strong><em>Aliereto</em></strong></span> <span class='ocrx_word' id='word_1_530' title='bbox 1674 4979 1701 5023; x_wconf 91' lang='lat' dir='ltr'><strong><em>et</em></strong></span> <span class='ocrx_word' id='word_1_531' title='bbox 1723 4974 1806 5023; x_wconf 85' lang='lat' dir='ltr'><strong><em>sancti</em></strong></span> <span class='ocrx_word' id='word_1_532' title='bbox 1828 4973 1924 5040; x_wconf 80' lang='lat' dir='ltr'><strong><em>Angeii</em></strong></span> <span class='ocrx_word' id='word_1_533' title='bbox 1947 4976 1977 5024; x_wconf 88' lang='lat' dir='ltr'><strong><em>in</em></strong></span> <span class='ocrx_word' id='word_1_534' title='bbox 2003 4976 2123 5029; x_wconf 76' lang='lat' dir='ltr'><strong><em>Car-«10</em></strong></span> 
     </span>
     <span class='ocr_line' id='line_1_42' title="bbox 408 5070 2069 5142; baseline 0.005 -21"><span class='ocrx_word' id='word_1_535' title='bbox 408 5071 477 5121; x_wconf 91' lang='lat' dir='ltr'><strong><em>ciolo</em></strong></span> <span class='ocrx_word' id='word_1_536' title='bbox 500 5076 527 5121; x_wconf 89' lang='grc'><strong><em>61</em></strong></span> <span class='ocrx_word' id='word_1_537' title='bbox 549 5072 634 5121; x_wconf 84' lang='lat' dir='ltr'><strong><em>sancti</em></strong></span> <span class='ocrx_word' id='word_1_538' title='bbox 658 5070 867 5123; x_wconf 68' lang='lat' dir='ltr'><strong><em>Sebastianum&#39;*</em></strong></span> <span class='ocrx_word' id='word_1_539' title='bbox 895 5081 922 5124; x_wconf 88' lang='lat' dir='ltr'><strong><em>et</em></strong></span> <span class='ocrx_word' id='word_1_540' title='bbox 944 5077 1029 5125; x_wconf 85' lang='lat' dir='ltr'><strong><em>sancti</em></strong></span> <span class='ocrx_word' id='word_1_541' title='bbox 1051 5076 1160 5141; x_wconf 82' lang='lat' dir='ltr'><strong><em>Angeli,</em></strong></span> <span class='ocrx_word' id='word_1_542' title='bbox 1191 5083 1315 5142; x_wconf 87' lang='lat' dir='ltr'><strong><em>utrasque</em></strong></span> <span class='ocrx_word' id='word_1_543' title='bbox 1343 5077 1423 5128; x_wconf 85' lang='lat' dir='ltr'><strong><em>cellas</em></strong></span> <span class='ocrx_word' id='word_1_544' title='bbox 1446 5094 1506 5127; x_wconf 88' lang='lat' dir='ltr'><strong><em>cnm</em></strong></span> <span class='ocrx_word' id='word_1_545' title='bbox 1530 5077 1652 5128; x_wconf 89' lang='lat' dir='ltr'><strong><em>omnibus</em></strong></span> <span class='ocrx_word' id='word_1_546' title='bbox 1675 5079 1743 5140; x_wconf 84' lang='lat' dir='ltr'><strong><em>suie;</em></strong></span> <span class='ocrx_word' id='word_1_547' title='bbox 1777 5077 1855 5126; x_wconf 88' lang='lat' dir='ltr'><strong><em>simili</em></strong></span> <span class='ocrx_word' id='word_1_548' title='bbox 1878 5077 1958 5128; x_wconf 90' lang='lat' dir='ltr'><strong><em>modo</em></strong></span> <span class='ocrx_word' id='word_1_549' title='bbox 1984 5083 2069 5130; x_wconf 83' lang='lat' dir='ltr'><strong><em>etiam</em></strong></span> 
     </span>
     <span class='ocr_line' id='line_1_43' title="bbox 408 5174 2070 5248; baseline 0.007 -26"><span class='ocrx_word' id='word_1_550' title='bbox 408 5191 459 5239; x_wconf 77' lang='lat' dir='ltr'><strong><em>quq</em></strong></span> <span class='ocrx_word' id='word_1_551' title='bbox 488 5175 515 5222; x_wconf 91' lang='lat' dir='ltr'><strong><em>in</em></strong></span> <span class='ocrx_word' id='word_1_552' title='bbox 538 5174 670 5224; x_wconf 84' lang='lat' dir='ltr'><strong><em>Balbense</em></strong></span> <span class='ocrx_word' id='word_1_553' title='bbox 698 5177 783 5241; x_wconf 71' lang='lat' dir='ltr'><strong><em>posite</em></strong></span> <span class='ocrx_word' id='word_1_554' title='bbox 811 5184 873 5226; x_wconf 88' lang='lat' dir='ltr'><strong><em>sunt</em></strong></span> <span class='ocrx_word' id='word_1_555' title='bbox 901 5181 1047 5242; x_wconf 88' lang='lat' dir='ltr'><strong><em>territorio,</em></strong></span> <span class='ocrx_word' id='word_1_556' title='bbox 1081 5179 1109 5227; x_wconf 95' lang='lat' dir='ltr'><strong><em>id</em></strong></span> <span class='ocrx_word' id='word_1_557' title='bbox 1131 5185 1194 5229; x_wconf 88' lang='lat' dir='ltr'><strong><em>sunt</em></strong></span> <span class='ocrx_word' id='word_1_558' title='bbox 1221 5183 1306 5230; x_wconf 87' lang='lat' dir='ltr'><strong><em>sancti</em></strong></span> <span class='ocrx_word' id='word_1_559' title='bbox 1328 5181 1400 5232; x_wconf 90' lang='lat' dir='ltr'><strong><em>Petri</em></strong></span> <span class='ocrx_word' id='word_1_560' title='bbox 1427 5182 1455 5230; x_wconf 92' lang='lat' dir='ltr'><strong><em>in</em></strong></span> <span class='ocrx_word' id='word_1_561' title='bbox 1477 5182 1632 5231; x_wconf 85' lang='lat' dir='ltr'><strong><em>Barbarano</em></strong></span> <span class='ocrx_word' id='word_1_562' title='bbox 1656 5185 1682 5230; x_wconf 87' lang='lat' dir='ltr'><strong><em>et</em></strong></span> <span class='ocrx_word' id='word_1_563' title='bbox 1704 5181 1788 5230; x_wconf 87' lang='lat' dir='ltr'><strong><em>sancti</em></strong></span> <span class='ocrx_word' id='word_1_564' title='bbox 1811 5179 1958 5231; x_wconf 86' lang='lat' dir='ltr'><strong><em>Salvatoris</em></strong></span> <span class='ocrx_word' id='word_1_565' title='bbox 1981 5199 2070 5248; x_wconf 84' lang='lat' dir='ltr'><strong><em>supra</em></strong></span> 
     </span>
     <span class='ocr_line' id='line_1_44' title="bbox 408 5277 2069 5350; baseline 0.008 -25"><span class='ocrx_word' id='word_1_566' title='bbox 408 5277 494 5340; x_wconf 90' lang='lat' dir='ltr'><strong><em>ipsum</em></strong></span> <span class='ocrx_word' id='word_1_567' title='bbox 518 5278 616 5327; x_wconf 86' lang='lat' dir='ltr'><strong><em>flumen</em></strong></span> <span class='ocrx_word' id='word_1_568' title='bbox 639 5283 665 5328; x_wconf 92' lang='grc'><strong><em>61</em></strong></span> <span class='ocrx_word' id='word_1_569' title='bbox 687 5281 771 5328; x_wconf 83' lang='grc'><em>666616</em></span> <span class='ocrx_word' id='word_1_570' title='bbox 793 5280 888 5345; x_wconf 86' lang='lat' dir='ltr'><strong><em>Angeli</em></strong></span> <span class='ocrx_word' id='word_1_571' title='bbox 911 5281 945 5330; x_wconf 91' lang='lat' dir='ltr'><strong><em>ad</em></strong></span> <span class='ocrx_word' id='word_1_572' title='bbox 967 5282 1070 5346; x_wconf 80' lang='lat' dir='ltr'><strong><em>Aquam</em></strong></span> <span class='ocrx_word' id='word_1_573' title='bbox 1092 5283 1182 5332; x_wconf 81' lang='lat' dir='ltr'><strong><em>vivam</em></strong></span> <span class='ocrx_word' id='word_1_574' title='bbox 1205 5290 1231 5334; x_wconf 89' lang='grc'><strong><em>61</em></strong></span> <span class='ocrx_word' id='word_1_575' title='bbox 1253 5284 1307 5334; x_wconf 86' lang='lat' dir='ltr'><strong><em>alia</em></strong></span> <span class='ocrx_word' id='word_1_576' title='bbox 1329 5285 1397 5336; x_wconf 83' lang='lat' dir='ltr'><strong><em>cella</em></strong></span> <span class='ocrx_word' id='word_1_577' title='bbox 1419 5287 1504 5336; x_wconf 86' lang='lat' dir='ltr'><strong><em>sancti</em></strong></span> <span class='ocrx_word' id='word_1_578' title='bbox 1527 5284 1623 5350; x_wconf 82' lang='lat' dir='ltr'><strong><em>Angeli</em></strong></span> <span class='ocrx_word' id='word_1_579' title='bbox 1646 5301 1698 5350; x_wconf 73' lang='lat' dir='ltr'><strong><em>quq</em></strong></span> <span class='ocrx_word' id='word_1_580' title='bbox 1720 5291 1830 5334; x_wconf 77' lang='lat' dir='ltr'><strong><em>vocatur</em></strong></span> <span class='ocrx_word' id='word_1_581' title='bbox 1851 5283 2007 5350; x_wconf 84' lang='lat' dir='ltr'><strong><em>Floretum,</em></strong></span> <span class='ocrx_word' id='word_1_582' title='bbox 2039 5295 2069 5338; x_wconf 87' lang='grc'><strong><em>61</em></strong></span> 
     </span>
     <span class='ocr_line' id='line_1_45' title="bbox 408 5380 2068 5454; baseline 0.009 -28"><span class='ocrx_word' id='word_1_583' title='bbox 408 5380 493 5443; x_wconf 88' lang='lat' dir='ltr'><strong><em>ipsam</em></strong></span> <span class='ocrx_word' id='word_1_584' title='bbox 517 5380 611 5430; x_wconf 84' lang='lat' dir='ltr'><strong><em>ceilam</em></strong></span> <span class='ocrx_word' id='word_1_585' title='bbox 633 5397 685 5447; x_wconf 72' lang='lat' dir='ltr'><strong><em>que</em></strong></span> <span class='ocrx_word' id='word_1_586' title='bbox 709 5386 748 5430; x_wconf 87' lang='lat' dir='ltr'><strong><em>est</em></strong></span> <span class='ocrx_word' id='word_1_587' title='bbox 769 5382 837 5432; x_wconf 86' lang='lat' dir='ltr'><strong><em>inter</em></strong></span> <span class='ocrx_word' id='word_1_588' title='bbox 859 5386 936 5449; x_wconf 88' lang='lat' dir='ltr'><strong><em>aquis</em></strong></span> <span class='ocrx_word' id='word_1_589' title='bbox 958 5387 1060 5449; x_wconf 85' lang='lat' dir='ltr'><strong><em>posita,</em></strong></span> <span class='ocrx_word' id='word_1_590' title='bbox 1090 5386 1134 5437; x_wconf 87' lang='lat' dir='ltr'><strong><em>vel</em></strong></span> <span class='ocrx_word' id='word_1_591' title='bbox 1156 5388 1259 5452; x_wconf 88' lang='lat' dir='ltr'><strong><em>reliqua</em></strong></span> <span class='ocrx_word' id='word_1_592' title='bbox 1282 5390 1370 5439; x_wconf 88' lang='lat' dir='ltr'><strong><em>omnia</em></strong></span> <span class='ocrx_word' id='word_1_593' title='bbox 1392 5405 1443 5454; x_wconf 77' lang='lat' dir='ltr'><strong><em>quq</em></strong></span> <span class='ocrx_word' id='word_1_594' title='bbox 1465 5404 1514 5452; x_wconf 89' lang='lat' dir='ltr'><strong><em>por</em></strong></span> <span class='ocrx_word' id='word_1_595' title='bbox 1535 5393 1619 5438; x_wconf 84' lang='lat' dir='ltr'><strong><em>totam</em></strong></span> <span class='ocrx_word' id='word_1_596' title='bbox 1642 5388 1753 5439; x_wconf 85' lang='lat' dir='ltr'><strong><em>Balbam</em></strong></span> <span class='ocrx_word' id='word_1_597' title='bbox 1775 5388 1872 5438; x_wconf 85' lang='lat' dir='ltr'><strong><em>habere</em></strong></span> <span class='ocrx_word' id='word_1_598' title='bbox 1895 5387 2006 5439; x_wconf 88' lang='lat' dir='ltr'><strong><em>videtur</em></strong></span> <span class='ocrx_word' id='word_1_599' title='bbox 2029 5393 2068 5441; x_wconf 81' lang='lat' dir='ltr'><strong><em>ad</em></strong></span> 
     </span>
     <span class='ocr_line' id='line_1_46' title="bbox 408 5482 2120 5562; baseline 0.007 -30"><span class='ocrx_word' id='word_1_600' title='bbox 408 5482 513 5532; x_wconf 87' lang='lat' dir='ltr'><strong><em>easdem</em></strong></span> <span class='ocrx_word' id='word_1_601' title='bbox 540 5482 621 5532; x_wconf 86' lang='lat' dir='ltr'><strong><em>cellas</em></strong></span> <span class='ocrx_word' id='word_1_602' title='bbox 642 5485 850 5562; x_wconf 75' lang='lat' dir='ltr'><strong><em>pertinentibus3</em></strong></span> <span class='ocrx_word' id='word_1_603' title='bbox 883 5487 1018 5538; x_wconf 84' lang='lat' dir='ltr'><strong><em>firmamus</em></strong></span> <span class='ocrx_word' id='word_1_604' title='bbox 1040 5491 1121 5540; x_wconf 89' lang='lat' dir='ltr'><strong><em>etiam</em></strong></span> <span class='ocrx_word' id='word_1_605' title='bbox 1143 5497 1169 5540; x_wconf 90' lang='lat' dir='ltr'><strong><em>et</em></strong></span> <span class='ocrx_word' id='word_1_606' title='bbox 1192 5491 1285 5541; x_wconf 83' lang='lat' dir='ltr'><strong><em>cellam</em></strong></span> <span class='ocrx_word' id='word_1_607' title='bbox 1308 5497 1416 5543; x_wconf 85' lang='lat' dir='ltr'><strong><em>sanctae</em></strong></span> <span class='ocrx_word' id='word_1_608' title='bbox 1438 5491 1588 5542; x_wconf 83' lang='lat' dir='ltr'><strong><em>Felicitatis</em></strong></span> <span class='ocrx_word' id='word_1_609' title='bbox 1610 5507 1662 5557; x_wconf 77' lang='lat' dir='ltr'><strong><em>quq</em></strong></span> <span class='ocrx_word' id='word_1_610' title='bbox 1686 5496 1725 5541; x_wconf 88' lang='lat' dir='ltr'><strong><em>est</em></strong></span> <span class='ocrx_word' id='word_1_611' title='bbox 1747 5492 1775 5539; x_wconf 90' lang='lat' dir='ltr'><strong><em>in</em></strong></span> <span class='ocrx_word' id='word_1_612' title='bbox 1796 5491 1933 5554; x_wconf 78' lang='lat' dir='ltr'><strong><em>Furcona3</em></strong></span> <span class='ocrx_word' id='word_1_613' title='bbox 1970 5493 2066 5558; x_wconf 74' lang='lat' dir='ltr'><strong><em>itaque</em></strong></span> <span class='ocrx_word' id='word_1_614' title='bbox 2085 5501 2120 5548; x_wconf 73' lang='lat'><strong><em>45</em></strong></span> 
     </span>
    </p>
   </div>
   <div class='ocr_carea' id='block_1_8' title="bbox 494 5636 2067 5764">
    <p class='ocr_par' dir='ltr' id='par_1_9' title="bbox 494 5636 2067 5764">
     <span class='ocr_line' id='line_1_47' title="bbox 494 5636 2067 5716; baseline 0.006 -26"><span class='ocrx_word' id='word_1_615' title='bbox 494 5637 553 5691; x_wconf 78' lang='grc'><em>111.</em></span> <span class='ocrx_word' id='word_1_616' title='bbox 583 5636 692 5708; x_wconf 83' lang='lat' dir='ltr'><strong><em>[Sicirel]</em></strong></span> <span class='ocrx_word' id='word_1_617' title='bbox 797 5643 823 5702; x_wconf 88' lang='lat' dir='ltr'><strong><em>a)</em></strong></span> <span class='ocrx_word' id='word_1_618' title='bbox 842 5641 865 5692; x_wconf 81' lang='lat' dir='ltr'><em>A</em></span> <span class='ocrx_word' id='word_1_619' title='bbox 970 5645 997 5707; x_wconf 91' lang='lat' dir='ltr'><strong><em>b)</em></strong></span> <span class='ocrx_word' id='word_1_620' title='bbox 1013 5643 1037 5696; x_wconf 82' lang='lat' dir='ltr'><strong><em>A</em></strong></span> <span class='ocrx_word' id='word_1_621' title='bbox 1055 5666 1088 5690; x_wconf 94' lang='lat'><strong><em>=</em></strong></span> <span class='ocrx_word' id='word_1_622' title='bbox 1106 5645 1160 5697; x_wconf 83' lang='lat' dir='ltr'><strong><em>VU.</em></strong></span> <span class='ocrx_word' id='word_1_623' title='bbox 1178 5653 1239 5698; x_wconf 80' lang='lat' dir='ltr'><strong><em>stall</em></strong></span> <span class='ocrx_word' id='word_1_624' title='bbox 1263 5663 1323 5698; x_wconf 90' lang='lat' dir='ltr'><strong><em>cum</em></strong></span> <span class='ocrx_word' id='word_1_625' title='bbox 1345 5650 1421 5698; x_wconf 88' lang='lat' dir='ltr'><strong><em>terris</em></strong></span> <span class='ocrx_word' id='word_1_626' title='bbox 1527 5650 1552 5714; x_wconf 92' lang='lat' dir='ltr'><strong><em>c)</em></strong></span> <span class='ocrx_word' id='word_1_627' title='bbox 1576 5651 1603 5698; x_wconf 85' lang='lat' dir='ltr'><strong><em>in</em></strong></span> <span class='ocrx_word' id='word_1_628' title='bbox 1621 5645 1740 5702; x_wconf 85' lang='lat' dir='ltr'><strong><em>derVU.</em></strong></span> <span class='ocrx_word' id='word_1_629' title='bbox 1759 5661 1877 5715; x_wconf 85' lang='lat' dir='ltr'><strong><em>quaeque</em></strong></span> <span class='ocrx_word' id='word_1_630' title='bbox 1896 5647 2067 5716; x_wconf 71' lang='lat' dir='ltr'><strong><em>collegitur</em></strong></span> 
     </span>
     <span class='ocr_line' id='line_1_48' title="bbox 578 5712 1049 5764; baseline 0.013 -6"><span class='ocrx_word' id='word_1_631' title='bbox 578 5715 626 5759; x_wconf 89' lang='lat' dir='ltr'><strong><em>aut</em></strong></span> <span class='ocrx_word' id='word_1_632' title='bbox 643 5712 724 5760; x_wconf 85' lang='lat' dir='ltr'><strong><em>scitur</em></strong></span> <span class='ocrx_word' id='word_1_633' title='bbox 742 5713 770 5760; x_wconf 88' lang='lat' dir='ltr'><strong><em>in</em></strong></span> <span class='ocrx_word' id='word_1_634' title='bbox 788 5712 897 5762; x_wconf 85' lang='lat' dir='ltr'><strong><em>Marsim</em></strong></span> <span class='ocrx_word' id='word_1_635' title='bbox 916 5713 1049 5764; x_wconf 85' lang='lat' dir='ltr'><strong><em>habuisse.</em></strong></span> 
     </span>
    </p>
   </div>
   <div class='ocr_carea' id='block_1_9' title="bbox 0 0 2260 6420">
    <p class='ocr_par' dir='ltr' id='par_1_10' title="bbox 0 0 2260 6420">
     <span class='ocr_line' id='line_1_49' title="bbox 0 0 2260 6420; baseline 0 0"><span class='ocrx_word' id='word_1_636' title='bbox 0 0 2260 6420; x_wconf 95' lang='lat' dir='ltr'><strong><em> </em></strong></span> 
     </span>
    </p>
   </div>
  </div>
 </body>
</html>
