4576 6420
1049 385 1501 443 KAISERURKUNDEN.

806 572 894 631 222⁶.
1656 561 1744 627 222⁶.

555 669 702 754 (0))111
717 671 848 734 nomine
866 678 999 733 sanctae
1014 678 1046 733 et
1060 667 1248 733 individuae
1376 655 1378 660 ¹
1506 667 1546 731 In
1573 668 1704 732 nomine
1733 676 1845 732 sancte
1874 675 1906 731 et
1933 667 2105 732 individue

451 777 614 839 trinitatis.
660 773 738 839 Otto
762 773 873 838 divina
893 782 1054 837 annuente
1078 770 1249 836 clementia
1301 772 1463 836 trinitatis,
1509 769 1588 835 Otto
1613 770 1665 835 dci
1692 773 1804 855 gracia
1826 795 1895 836 rex.
1992 771 2105 835 Nove-

451 901 520 942 rex.
601 876 762 943 Omnibus
779 887 912 942 sanetae
929 875 980 940 dei
997 874 1155 939 ecclesiae
1170 874 1247 940 fide·
1297 876 1386 939 rintu
1415 905 1506 940 omnes
1528 894 1619 940 sancte
1642 890 1684 940 dei
1707 891 1819 941 ecclesie
1842 867 1932 940 fideles
1958 891 2101 954 nostrique

451 980 536 1045 libus
558 981 741 1067 nostrisque
770 979 974 1066 presentibus
999 977 1124 1042 seilicet
1146 988 1178 1042 et
1199 979 1248 1043 fu·
1299 997 1435 1058 presentes
1465 999 1492 1042 et
1519 993 1617 1055 futuri,
1652 993 1767 1058 qualiter
1788 1010 1837 1043 nos
1860 994 1894 1044 ob
1917 1007 2033 1042 amorem
2057 990 2141 1042 dete

450 1085 531 1148 turis
553 1093 667 1148 notum
690 1086 741 1166 sit,
765 1081 779 1163 ᾖ
801 1082 940 1170 qualiter
960 1105 1021 1147 nos
1042 1081 1084 1146 ob
1103 1105 1248 1147 amorem
1299 1099 1427 1162 regnique
1450 1097 1533 1148 eterni
1556 1098 1727 1158 mansionem,
1755 1099 1864 1162 insuper
1886 1099 1964 1146 etiam
1987 1113 2036 1161 pro
2060 1112 2104 1146 sa-

451 1187 502 1252 dei
524 1190 680 1274 regnique
711 1191 832 1252 aeterni
864 1189 1081 1269 mansionem,
1114 1188 1250 1271 insuper
1300 1199 1355 1251 lute
1377 1206 1469 1251 nostra
1491 1215 1521 1249 ae
1544 1199 1690 1250 stabilitate
1712 1202 1787 1266 mgni
1808 1186 1910 1250 nostri
1928 1199 2103 1264 remedioque

450 1292 550 1355 etiam
564 1313 623 1378 pro
641 1291 744 1357 salute
759 1302 872 1356 nostra
894 1313 933 1355 ac
957 1290 1134 1356 stabilitate
1158 1290 1249 1373 regni
1300 1305 1388 1354 anime
1409 1308 1499 1354 nosne
1523 1303 1672 1370 dilectaque
1697 1305 1818 1369 coniugis
1840 1309 1929 1354 nostre
1951 1303 2103 1354 adalheide

449 1395 657 1482 remedioque
680 1398 787 1481 anime
808 1405 918 1479 nostre
938 1394 1119 1481 dileeteque
1137 1401 1247 1476 nostre
1300 1411 1379 1472 atque
1402 1407 1582 1457 amantissime
1603 1408 1687 1471 prolis
1710 1412 1737 1457 et
1755 1409 1877 1472 equivoci
1892 1409 1976 1458 nostri
1991 1407 2103 1457 Ottouis

449 1500 597 1583 coniugis
631 1497 859 1563 Adalheidae⁸
892 1507 989 1583 atque
1023 1497 1246 1562 amantissime
1300 1494 1344 1560 ad
1366 1494 1476 1559 dotem
1498 1497 1600 1580 cripte
1622 1495 1915 1580 Magdeburgensis
1940 1497 1975 1559 in
1997 1495 2157 1559 hono-10

449 1600 550 1685 prolis
573 1609 606 1664 et
628 1603 799 1687 aequivoci
815 1602 918 1665 nostri
935 1599 1066 1665 Ottonis
1089 1598 1133 1663 ad
1155 1619 1248 1662 sanc·
1298 1623 1367 1666 rem
1383 1607 1571 1664 sanctorum
1587 1599 1737 1664 Mauricii
1754 1601 1905 1681 martiris,
1920 1597 2101 1680 Valentini,

451 1713 520 1769 tum
535 1703 730 1777 Mauricium
752 1706 785 1767 in
801 1702 1031 1788 Magadaburg
1053 1702 1246 1768 donavimus
1298 1702 1433 1789 Agapiti
1457 1713 1489 1767 et
1511 1701 1659 1768 Abundii
1681 1711 1809 1766 sacrate
1838 1717 1995 1767 donavimus
2018 1720 2102 1780 atque

435 1818 547 1894 atque
570 1807 763 1872 tradidimus
787 1807 947 1871 decimam
972 1829 1070 1892 quam
1093 1807 1246 1872 Sclaveni
1298 1821 1469 1884 sendimus,
1506 1806 1562 1870 illa
1601 1805 1818 1870 decimatione
1858 1814 1997 1890 excepta
2035 1826 2101 1889 que

450 1911 493 1975 ad
516 1910 653 1976 eandem
675 1911 788 1975 urbem
803 1909 1032 1994 Magadaburg
1050 1911 1247 1994 pertinentes
1298 1913 1453 1996 episcopo
1482 1909 1753 1974 Halberstadensi
1785 1931 1887 1994 usque
1920 1906 1984 1971 hue
2019 1905 2101 1970 data

449 2013 635 2100 persolvere
665 2012 800 2096 debent,
834 2034 894 2076 nee
917 2035 983 2077 non
1005 2022 1037 2076 et
1060 2014 1156 2076 etiarn
1180 2035 1247 2076 om·
1297 2023 1357 2100 est,
1382 2035 1511 2078 omnem
1526 2011 1662 2076 alteram
1679 2027 1880 2084 decimationem
1896 2041 1976 2091 quam
1990 2009 2099 2074 Theu·
2120 2032 2154 2078 15

448 2119 539 2182 nium
554 2115 816 2182 sclavenorumb
838 2115 999 2180 decimam
1020 2113 1063 2178 ad
1080 2115 1246 2178 civitatem
1297 2114 1426 2183 tunicib
1447 2114 1498 2179 vel
1521 2129 1610 2181 Sclavi
1633 2130 1667 2180 ad
1690 2130 1801 2181 eandem
1822 2131 1916 2181 urbem
1937 2129 2100 2195 Magdebur-

448 2221 578 2285 Frasa⁰
605 2222 849 2306 pertinentium,
879 2220 1013 2304 insuper
1035 2219 1133 2282 etiam
1156 2225 1187 2281 et
1209 2217 1245 2282 ii·
1298 2251 1405 2301 gessem
1438 2237 1601 2300 pertinentes
1634 2235 1785 2298 persolvere
1819 2234 1928 2294 debent,
1962 2249 2012 2283 nec
2043 2248 2099 2282 non

448 2323 516 2388 lam
545 2323 705 2389 decimam
732 2346 829 2410 quam
852 2319 1033 2387 Sclavani‘l
1061 2321 1246 2407 persolvere
1298 2340 1377 2388 etiam
1401 2332 1540 2388 omnium⁰
1567 2322 1845 2388 'theutonicorum
1867 2320 1918 2386 vel
1941 2335 2098 2387 selavorum

450 2426 569 2492 debent
590 2424 634 2491 ad
655 2427 823 2510 Barbogi⁰
849 2427 1015 2491 civitatem
1037 2427 1245 2510 pertinentes,
1298 2441 1427 2492 decimam
1459 2441 1494 2490 ad
1526 2442 1660 2492 civitatem
1693 2441 1778 2492 From
1804 2442 1997 2505 pertinencium
2025 2457 2043 2488 a
2072 2445 2100 2490 et

449 2529 596 2595 similiter
623 2532 721 2594 etiam
750 2538 782 2594 et
811 2551 940 2594 omnem
968 2527 1129 2593 decimam
1157 2528 1246 2593 Scla-
1296 2545 1370 2594 illam
1395 2561 1412 2593 e
1438 2559 1517 2610 quam
1545 2529 1739 2594 Theutunici
1769 2539 1800 2593 et
1828 2544 1917 2595 stravi
1944 2544 2098 2608 persolvere
2119 2548 2153 2594 to

447 2629 630 2698 vanorumr
650 2632 694 2696 ad
716 2635 881 2696 civitatem
903 2653 965 2718 que
982 2631 1100 2696 dicitur
1115 2629 1246 2696 Caluoss
1297 2648 1395 2698 debent
1417 2648 1451 2697 ed
1474 2651 1610 2698 civitatem
1632 2649 1730 2699 Barbie
1752 2649 1927 2712 pertinentes,
1950 2643 1983 2696 et
2004 2630 2098 2696 illam

448 2737 678 2821 pertinentium
712 2757 754 2798 ex
787 2736 912 2817 integro
951 2731 1110 2798 donamus
1147 2743 1245 2819 atque
1297 2751 1500 2802 decimationem
1522 2735 1799 2800 Theutunicorum
1822 2746 1854 2799 et
1883 2749 2039 2800 suavorum
2063 2749 2098 2800 ad

446 2835 631 2904 tradimush
654 2837 697 2902 ad
715 2846 864 2902 sanetum
879 2835 1068 2901 Mauritium
1083 2839 1117 2900 in
1131 2836 1246 2922 Mage·
1296 2838 1386 2903 illam
1416 2855 1551 2904 civitatem
1579 2869 1631 2918 que
1660 2852 1757 2903 dieitur
1787 2853 1872 2904 Calua
1893 2851 2097 2918 pertinencium,

449 2941 586 3028 daburg.
619 2942 695 3006 Hoc
710 2941 944 3006 instantissime
963 2939 1111 3005 iubemus
1127 2949 1163 3003 ut
1178 2962 1246 3004 om·
1296 2940 1353 3006 illa
1376 2940 1505 3006 decima
1527 2950 1667 3025 excepta
1690 2961 1752 3026 que
1774 2963 1877 3026 usque
1895 2938 1959 3004 huc
1974 2943 2009 3004 in
2024 2962 2097 3025 pre-

447 3069 505 3110 nes
536 3043 718 3112 Sclavenid
747 3046 802 3132 qui
834 3043 877 3108 ad
905 3042 1069 3129 predictas
1096 3044 1245 3107 civitates
1296 3045 1372 3108 latis
1401 3043 1482 3108 loeis
1506 3043 1689 3130 finibusque
1716 3042 1844 3107 illorum
1866 3042 2094 3128 Megdeburgo
2116 3063 2150 3112 ae

448 3150 637 3234 confugium
671 3150 779 3213 facere
809 3147 944 3229 debent,
982 3149 1076 3212 annis
1110 3146 1244 3231 singulis
1295 3146 1510 3232 burgowarde
1541 3157 1574 3211 et
1595 3148 1726 3211 Froseri
1748 3145 1980 3230 burgowarde,
2014 3147 2097 3210 Bar-

448 3273 576 3316 omnem
598 3250 897 3316 addecimacionem
922 3272 1034 3313 eorum
1056 3249 1244 3335 plenissime
1295 3248 1447 3334 burgerit
1462 3249 1688 3335 burgowarde,
1706 3247 1836 3314 Calueri
1849 3248 2096 3334 burgowarde0,

447 3353 491 3418 ad
519 3365 667 3419 sanctum
689 3354 879 3420 ltlauritium
905 3352 1105 3439 persolvant.
1142 3354 1187 3418 Et
1208 3362 1245 3416 ut
1295 3353 1453 3440 reliquam
1473 3376 1602 3419 omnem
1621 3352 1878 3418 decimacionem
1893 3352 2097 3437 prefatorum

406 3451 409 3464 ’
444 3456 541 3521 huius
579 3467 668 3541 carte
712 3456 935 3522 corroboratio
974 3457 1061 3521 omni
1098 3467 1243 3541 tempore
1295 3457 1457 3540 locorum,
1493 3459 1578 3521 sicut
1605 3455 1801 3522 Wilhehnus
1833 3455 2096 3539 Magtrntinensis

445 3559 539 3624 firma
562 3559 751 3645 stabilisque
774 3569 973 3645 permaneat,
996 3561 1149 3625 iussimus
1167 3560 1244 3624 inde
1295 3560 1432 3625 ecclesie
1447 3558 1643 3624 venerabilis
1659 3559 1925 3644 archiepiscopus
1941 3561 1974 3624 in
1989 3563 2094 3626 nostri
2115 3581 2148 3630 30

445 3661 508 3726 hoc
531 3659 684 3746 presensi
705 3669 894 3746 preceptum
912 3661 1075 3728 conscribi
1099 3671 1132 3727 et
1154 3662 1243 3728 anuli
1294 3665 1466 3749 presencia
1482 3672 1732 3749 nostrorumque
1754 3661 1899 3727 fidelium
1920 3663 1965 3727 ad
1987 3665 2096 3748 prefa-

445 3766 550 3828 nostri
573 3765 775 3849 inpressione
798 3763 949 3849 sigillari,
983 3787 1082 3831 manu
1110 3767 1244 3850 propria
1294 3776 1363 3832 tam
1383 3769 1522 3852 criptam
1545 3766 1781 3850 determinavit,
1805 3766 1912 3831 eidem
1934 3769 2037 3854 cripte
2059 3771 2096 3833 in

445 3865 685 3932 firmavimus.¹¹
1293 3879 1485 3956 perpetuam
1507 3868 1617 3934 dotem
1639 3871 1872 3934 concessimus.
1907 3871 1951 3936 Et
1972 3881 2009 3936 ut
2033 3870 2095 3937 hec

1293 3983 1405 4038 nostre
1433 3974 1637 4038 auctoritatis
1666 3973 1803 4037 tradicio
1833 3996 1892 4059 per
1918 3976 2095 4040 succeden-

1294 4079 1381 4142 cium
1403 4075 1566 4141 curricula
1589 4086 1772 4162 temporum
1800 4077 1993 4142 inconvulsa
2020 4101 2095 4164 per
2113 4097 2148 4145 35

1293 4189 1441 4261 maneat,
1475 4181 1629 4245 iussimus
1659 4178 1722 4243 hoc
1745 4201 1879 4265 presens
1902 4191 2095 4266 preceptum

1294 4284 1466 4367 conscribi,
1483 4283 1594 4349 annuli
1606 4285 1710 4348 nostri
1724 4285 1928 4368 inpressione
1943 4283 2095 4349 roborari

1203 4463 1204 4466 Ἴ
1292 4410 1456 4475 manuque
1478 4391 1612 4474 propria
1635 4386 1749 4453 subtus
1770 4387 1982 4452 firmavimus.

527 4521 542 4604 ξ
560 4483 695 4605 Signum
708 4519 819 4584 domni
831 4518 961 4584 Ottonis
977 4522 1181 4586 invictissimi
1195 4544 1243 4585 re·
1379 4525 1516 4609 Signum
1524 4523 1635 4590 domni
1643 4523 1772 4589 Ottonir
1781 4525 1985 4589 invictissimi
1993 4526 2094 4608 regis.

442 4623 493 4706 gie
515 4620 561 4704 t(
593 4622 632 4704 ·)¹

527 4740 541 4823 ’ᾗ
562 4743 754 4809 Liutulfus1¹¹
770 4744 983 4809 cancellarius
999 4743 1148 4810 advicem
1161 4746 1243 4811 Bm·
1378 4746 1604 4836 Lindolphusf
1619 4748 1834 4814 cancellarius
1851 4749 1999 4814 advicem
2010 4749 2094 4814 Bru·
2112 4769 2147 4819 40

442 4847 537 4911 nonis
566 4847 843 4934 archicappellani
869 4851 1096 4932 recognovit¹³
1118 4846 1132 4928 i
1158 4849 1241 4930 (SR.)
1292 4853 1387 4917 nonis
1403 4852 1657 4938 archicapellani
1672 4856 1858 4937 recognovi.

1103 4955 1160 5034 (si.
1178 4952 1244 5032 4.)ο

471 5101 545 5156 222⁰.
564 5103 671 5174 [sinlei]
761 5110 786 5170 a)
807 5109 928 5174 coniugis
955 5113 1061 5159 nostrae
1087 5105 1242 5158 Adalheidis
1321 5106 1393 5161 222⁶.
1411 5108 1631 5170 alNovveriutD
1691 5110 1719 5171 1))
1730 5108 1878 5160 Theutunci
1892 5109 1921 5160 D
1982 5111 2093 5171 c)omui

564 5171 590 5224 (3
667 5176 696 5238 b)
715 5192 782 5226 corr.
800 5193 847 5226 aar
865 5177 961 5227 Sclavo
980 5174 1017 5237 A,
1042 5173 1242 5228 SclavorumG
1411 5178 1441 5229 D
1514 5180 1542 5240 d)
1565 5177 1594 5227 D
1662 5179 1687 5242 e)
1705 5195 1736 5228 aa
1762 5182 1897 5244 aptiores,
1924 5179 1973 5228 wie
1999 5194 2026 5229 ee
2049 5197 2093 5230 aar·

562 5245 587 5305 c)
605 5245 690 5296 Frosa
709 5242 735 5295 G
817 5246 843 5308 d)
864 5245 953 5295 Sclari
973 5243 998 5295 G
1077 5248 1102 5306 e)
1121 5248 1150 5294 ia
1167 5243 1191 5295 A
1208 5246 1243 5294 ἰοί
1410 5264 1458 5298 cor
1475 5247 1565 5306 betrrt,
1590 5249 1714 5313 episcopo
1733 5247 1950 5298 Helberstadensi
1969 5247 2032 5299 dcta
2051 5257 2094 5300 est

562 5326 662 5362 acor-a
675 5329 722 5362 ater
741 5330 763 5376 e,
781 5313 942 5379 BarboyeG
1011 5314 1031 5376 ἰ)
1051 5310 1242 5365 SclavorumG
1412 5316 1617 5382 OLludolphus
1634 5314 1670 5365 D.
2110 5329 2145 5377 45

562 5382 591 5446 g)
611 5381 695 5432 Calua
709 5380 735 5432 G
811 5381 840 5449 h)
858 5383 1013 5433 tradidimus
1034 5381 1059 5433 G
1139 5385 1158 5444 i)
1171 5381 1242 5447 fehlt

562 5449 635 5500 iaG
714 5451 740 5512 k)
761 5453 924 5516 signavimus
944 5449 970 5502 G
1047 5452 1066 5514 l)
1086 5453 1115 5500 tn
1134 5449 1159 5502 G
1176 5452 1242 5503 steht

563 5519 620 5582 (Μ.)
630 5517 697 5568 nach
707 5519 813 5570 Ottonis
877 5525 911 5579 tn)
923 5520 1065 5570 Liudolfus
1075 5519 1100 5571 G
1163 5524 1190 5582 u)
1201 5539 1242 5572 re·

551 5590 678 5720 sqqqpovi
692 5586 718 5638 G
788 5591 813 5652 ο)
830 5586 948 5639 seete»
959 5588 1241 5656 inremunerati

571 5671 584 5705 e
623 5693 630 5708 .
