4560 6426
420 416 458 480 18
1016 422 1464 480 KAISERURKUNDEN.

416 606 576 672 Iussimus
598 627 676 689 ergo
699 604 763 671 hoc
786 605 990 692 privilegium
1021 603 1096 668 inde
1124 602 1286 668 conscribi
1317 625 1375 689 per
1403 603 1490 688 quod
1519 604 1669 670 volumus
1699 605 1896 689 firmiterque
1926 605 2079 669 decerni-

416 733 504 791 mus,
538 721 574 774 ut
602 709 644 774 ab
674 709 831 774 hodierna
860 708 913 773 die
943 707 1003 772 hec
1033 715 1143 790 nostre
1171 707 1377 772 auctoritatis
1406 709 1575 772 concessio
1604 706 1753 771 stabilem
1784 717 1816 770 61
1841 707 2079 772 inconvulsum
2136 732 2149 752 ν

418 822 528 878 166661
550 815 712 899 vigorem,
747 822 779 878 et
801 836 841 877 66
864 812 907 877 61)
930 811 1039 897 611666
1064 832 1289 876 successorum
1312 818 1498 876 nostrorum
1521 810 1678 894 turbetur,
1701 833 1801 876 manu
1823 819 1935 876 nostra
1959 810 2082 876 subter

417 919 604 983 notavimus
627 925 660 982 et
683 916 790 1003 sigillo
814 925 925 981 nostro
949 914 1135 999 consignari
1159 915 1375 1000 precepimus.

521 1071 655 1157 Signum
680 1072 791 1136 domni
814 1068 959 1136 Clmradi
984 1072 1049 1152 (M.)
1075 1071 1272 1137 serenissimi
1294 1071 1391 1156 regis.
2101 1085 2120 1132 5

518 1192 672 1258 Salemon
694 1191 910 1257 cancellarius
933 1191 1083 1256 advicem
1105 1190 1252 1276 Piligrini
1276 1190 1532 1275 archicapellani
1553 1191 1771 1276 recognofeci.

519 1349 609 1413 Data
632 1366 665 1413 x.
690 1347 757 1412 kal.
780 1347 849 1412 iulii
873 1370 958 1413 anno
982 1347 1143 1433 dominice
1166 1349 1400 1414 incarnationis
1423 1363 1614 1430 Dccccxm,
1638 1346 1814 1412 indictione
1837 1365 1860 1428 1,
1883 1369 1969 1412 anno
1994 1369 2081 1412 vero

418 1454 555 1538 piissimi
578 1453 664 1538 regis
688 1449 855 1518 Ohi'inradi
879 1469 922 1535 113
946 1462 1056 1518 actum
1079 1453 1168 1539 apud
1192 1451 1412 1535 Lauresham3
1436 1454 1469 1516 in
1493 1451 1544 1516 dei
1568 1452 1698 1516 nominc
1721 1450 1858 1516 feliciter
1880 1473 1987 1517 amen.

1210 1711 1270 1787 19.

418 1865 577 1938 Koorod
596 1864 737 1940 66166161
758 1864 823 1938 der
844 1865 976 1940 Kirelre
998 1893 1043 1940 zu
1069 1865 1249 1965 Weilburp
1271 1865 1343 1939 deo
1363 1866 1450 1965 Hof
1464 1865 1606 1964 Haiper
1626 1865 1725 1938 nebat
1746 1863 1826 1937 dervo
1848 1863 1974 1938 Morkt
1996 1866 2084 1938 6661
2105 1880 2140 1926 10

419 1987 498 2060 dem¹
521 1986 654 2059 dritten
676 1985 953 2086 Kcoipsscbeffel
974 1987 1039 2060 der
1065 1985 1291 2086 Grofscltaft‚
1319 1986 1425 2061 666616
1446 1987 1523 2060 seio
1544 1987 1729 2085 1116666661
1749 1983 1937 2092 Steiosurt.

1598 2127 1754 2202 Weilturq
1777 2129 1840 2188 914
1863 2126 1954 2201 April
1978 2129 2034 2188 24.
2109 2175 2112 2180 .

525 2315 666 2378 0166161.
686 2319 832 2378 Wormul.
848 2334 906 2379 aas
922 2317 977 2378 der
992 2313 1083 2378 1111116
1098 2317 1150 2378 des
1167 2320 1216 2378 12.
1233 2317 1285 2380 Jh.
1309 2317 1332 2391 s.
1350 2319 1391 2376 14
1415 2318 1449 2376 ia
1464 2317 1561 2376 11661.
1579 2315 1749 2377 1111161161·
1762 2335 1805 2376 aa
1819 2317 1988 2376 Haanover
2006 2315 2080 2396 (G).

525 2476 607 2551 Orip.
634 2475 735 2549 Gaels.
758 2477 793 2544 4,
817 2477 879 2536 284
903 2493 963 2536 aas
986 2474 1071 2536 Gau
1094 2478 1157 2536 913
1181 2497 1218 2528 =
1245 2476 1375 2534 Kremer
1398 2472 1483 2550 On'p.
1506 2474 1600 2535 Noae.
1625 2477 1660 2544 2,
1685 2475 1726 2533 49
1749 2480 1784 2532 61
1806 2476 1849 2534 30
1869 2491 1910 2532 aa
1932 2475 2007 2544 913,
2036 2453 2100 2529 :-

523 2579 654 2638 Bolumcr
677 2578 714 2638 Α.
740 2579 829 2639 Coor.
851 2579 895 2638 22
918 2585 953 2638 o⁰
975 2581 1016 2639 19
1038 2597 1079 2638 aa
1101 2582 1175 2640 914.
1198 2579 1488 2655 -111166661166,
1513 2578 1591 2653 Imp.
1616 2580 1667 2652 18,
1690 2579 1765 2653 ch.
1789 2578 1866 2639 Kar.
1892 2579 1988 2640 1250.
2102 2595 2137 2643 15

527 2733 788 2798 Wohrsclreiuliclr
810 2751 870 2794 von
893 2733 955 2797 SD.
980 2734 1092 2796 dietirt.

625 2940 664 3004 16
686 2940 816 3005 nomine
840 2947 951 3003 sancte
975 2947 1008 3002 et
1030 2936 1196 3002 individue
1218 2939 1382 3002 trinitatis.
1418 2936 1591 3003 Cirrrradus
1618 2938 1729 3003 divina
1757 2938 1989 3024 preordinante
2012 2938 2080 3004 cle-

420 3045 541 3110 mentia
569 3066 639 3110 rex.
726 3043 848 3108 Notum
878 3043 919 3106 sit
953 3041 1096 3106 omnium
1127 3040 1272 3107 fidelium
1302 3051 1488 3107 nostrorum
1516 3041 1737 3128 generalitati,
1772 3043 1911 3128 qualitor
1940 3065 2001 3106 nos
2034 3043 2079 3108 ob

426 3149 528 3214 eterni
550 3150 642 3234 regni
664 3148 959 3213 remunerationem
975 3155 1008 3210 et
1022 3166 1082 3230 pro
1098 3155 1342 3210 antecessorum
1358 3155 1554 3228 nostrorum,
1577 3149 1680 3231 patris
1704 3150 1805 3212 nostri
1829 3149 2081 3232 ceterorumque

421 3252 574 3318 videlicet
600 3252 758 3318 memoria
787 3273 885 3316 unam
913 3248 1145 3335 baptismalem
1173 3248 1346 3313 ecclesiam
1376 3249 1470 3314 simul
1501 3271 1576 3314 cum
1598 3260 1689 3315 curte
1711 3261 1824 3316 nostra
1847 3273 1908 3337 qne
1931 3251 2080 3335 Heigera
2101 3270 2138 3316 uo

421 3357 607 3421 nominatur
634 3357 668 3419 in
696 3376 782 3440 pago
811 3355 956 3440 Heigera
978 3355 1077 3418 etiam
1100 3361 1299 3439 nuncupato,
1327 3375 1402 3417 cum
1425 3352 1560 3418 decimis
1588 3357 1769 3441 ceterisque
1799 3354 1947 3420 omnibus
1977 3355 2080 3420 rebus

421 3459 465 3524 ad
492 3458 630 3524 eandem
659 3457 833 3523 ecclesiam
862 3467 894 3522 61
922 3457 1104 3542 predictam
1132 3466 1256 3522 curtem
1288 3457 1349 3522 rite
1379 3457 1630 3542 pertinentibus,
1665 3470 1843 3524 mercatum
1871 3481 1910 3523 66
1939 3460 2078 3524 terciam

421 3573 547 3650 partem
576 3562 758 3629 modiorum
788 3563 875 3647 regis
904 3563 938 3626 in
960 3561 1075 3627 eodem
1099 3584 1184 3648 pago
1208 3561 1261 3626 vel
1284 3562 1457 3645 comitatu,
1489 3584 1564 3626 cum
1593 3563 1742 3627 omnibus
1770 3562 1962 3628 utensilibus
1991 3553 2079 3630 iuste

421 3668 629 3754 legitimeque
651 3666 696 3732 ad
717 3668 825 3752 regias
848 3688 964 3732 manus
986 3665 1255 3752 respicientibus3
1282 3666 1414 3751 insuper
1437 3666 1535 3731 etiam
1558 3667 1591 3730 16
1614 3669 1771 3732 comitatu
1794 3647 1910 3732 (fitonis
1933 3669 2079 3754 inpage

420 3771 610 3838 Wetereiba
633 3770 699 3836 tale
722 3771 888 3855 proprium
911 3769 1009 3854 quale
1031 3770 1105 3854 pius
1128 3777 1318 3834 antecessor
1340 3778 1451 3834 noster
1466 3768 1678 3835 Ludouuicus
1701 3795 1760 3836 rex
1783 3771 1913 3836 cuidam
1928 3770 2080 3837 vassallo
2101 3787 2137 3834 25

421 3885 533 3943 nostro
549 3874 713 3940 Pirichoni
736 3876 770 3938 in
786 3873 962 3938 Steinfurte
986 3875 1019 3938 in
1041 3875 1275 3958 proprietatem
1299 3871 1448 3956 donavit,
1473 3882 1505 3938 61
1521 3897 1581 3938 666
1602 3883 1717 3958 postea
1739 3874 1783 3939 ad
1803 3877 1910 3961 ipsum
1932 3875 2080 3940 Piricho-

423 4004 498 4046 nem
520 4003 595 4045 cum
616 3986 730 4044 nostra
753 3986 890 4064 patema
912 3976 1095 4043 hereditate
1118 3977 1434 4060 concambiavimus,
1457 3978 1501 4044 ad
1524 3979 1782 4064 ecclesiamque
1805 3980 1836 4044 in
1858 3978 2082 4065 Vuilinaburg

423 4082 482 4148 sub
512 4083 635 4148 honore
664 4080 806 4167 gloriose
829 4102 868 4145 ac
893 4089 1005 4145 sancte
1033 4082 1085 4148 dei
1114 4083 1280 4168 genitricis
1307 4082 1411 4148 Marie
1438 4093 1470 4147 et
1498 4095 1609 4149 sancte
1633 4082 1814 4168 Walburge
1835 4082 1971 4167 virginis
2001 4104 2080 4147 con·

424 4194 547 4250 structa
570 4194 629 4268 cst,
654 4186 687 4249 in
709 4185 943 4271 proprietatem
965 4185 1199 4271 possidendam
1221 4187 1289 4250 1666
1313 4196 1470 4272 perpetuo
1495 4187 1698 4270 donavimus
1721 4209 1796 4252 cum
1812 4184 1962 4251 omnibus
1977 4185 2081 4251 rebus

422 4292 550 4376 magnis
573 4313 613 4355 ac
636 4290 746 4374 parvis
769 4288 945 4354 mobilibus
969 4298 1001 4354 et
1023 4289 1233 4356 inmobilibus
1257 4292 1391 4376 quesitis
1414 4301 1446 4356 61
1464 4291 1664 4376 inquirendis
1680 4290 1777 4355 cultis
1793 4299 1824 4355 et
1840 4289 1970 4354 incultis
1985 4313 2079 4355 man-
2100 4305 2136 4352 36

423 4395 516 4479 cipiis
539 4394 707 4478 utriusque
731 4415 830 4458 sexus
853 4393 941 4478 agris
969 4395 1072 4479 pratis
1101 4395 1227 4480 campis
1251 4396 1383 4479 pascuis
1407 4394 1498 4460 silvis
1521 4397 1615 4480 aquis
1638 4417 1860 4482 aquarumque
1883 4391 2081 4459 decursibus

422 4499 484 4561 viis
508 4506 540 4560 61
563 4497 659 4560 inviis
682 4496 868 4582 egressibus
891 4506 923 4562 et
946 4496 1149 4583 regressibus
1172 4499 1353 4586 ceterisque
1379 4499 1529 4564 omnibus
1552 4521 1614 4584 que
1636 4498 1702 4563 dici
1724 4497 1777 4563 vel
1807 4496 1904 4562 scribi
1928 4507 2080 4582 possunt.

422 4599 563 4665 Proinde
585 4623 662 4685 6666
685 4600 840 4666 iussimus
862 4601 924 4666 hoc
947 4601 1016 4666 lieri
1040 4610 1230 4687 preceptum
1253 4624 1312 4687 per
1334 4602 1423 4688 quod
1444 4602 1595 4668 volumus
1617 4601 1753 4668 firmiter
1780 4601 2012 4687 precipientes,
2042 4611 2082 4666 ut

423 4705 485 4770 hoc
513 4704 600 4770 idem
629 4706 749 4770 nostris
777 4705 959 4791 futurisque
981 4705 1183 4790 temporibus
1206 4705 1361 4771 fratribus
1383 4705 1511 4772 firmum
1534 4717 1566 4772 et
1589 4705 1778 4772 inviolabile
1800 4712 1997 4796 perseveret.
2035 4704 2082 4769 Et

422 4818 459 4873 ut
487 4808 546 4873 hec
577 4818 687 4874 nostre
717 4809 973 4874 confirmationis
1002 4811 1181 4874 auctoritas
1209 4810 1304 4875 firma
1333 4819 1538 4896 permaneat,
1572 4833 1672 4875 manu
1704 4819 1817 4876 nostra
1855 4807 1970 4874 subtus
2004 4831 2081 4874 cam
2101 4823 2137 4873 35

423 4913 624 4979 firmavimus
647 4922 679 4978 ot
701 4913 800 4979 anulo
823 4923 934 4979 nostro
959 4915 1112 4979 iussimus
1134 4915 1291 5000 insigniri.

529 5071 682 5136 Salomon
705 5069 921 5134 cancellarius
944 5069 1094 5136 advicem
1119 5072 1273 5158 Piligrimi
1296 5070 1551 5158 archicapellani
1574 5070 1774 5156 recognovit.

527 5227 617 5293 Data
633 5245 707 5293 v111.
724 5227 791 5293 kal.
808 5229 885 5293 maii
901 5250 987 5292 anno
1004 5229 1237 5293 incarnationis
1261 5197 1383 5294 domini
1406 5242 1610 5309 occccxnn,
1634 5226 1835 5292 indictione*
1854 5243 1895 5309 11,
1919 5238 2081 5312 66666616

424 5327 566 5414 glorioso
589 5355 666 5416 rege
689 5330 843 5398 Cimrado
867 5354 953 5395 anno
977 5349 1034 5414 1113
1057 5340 1167 5396 actum
1190 5331 1234 5396 ad
1256 5330 1481 5417 Wilinaburg3
1504 5332 1537 5396 16
1561 5330 1612 5396 dei
1635 5331 1766 5397 nomine
1788 5329 1927 5396 feliciter
1949 5339 2058 5397 amen.

530 5519 570 5574 u.
599 5521 692 5590 [rora]
814 5520 841 5586 a)
860 5505 944 5572 6611
964 5519 991 5571 6.
2102 5515 2139 5564 ro
