4508 6428
1023 427 1470 486 KA1SERURKUNDEN.

1203 606 1288 682 250.

433 761 513 838 Otto
536 763 697 862 bastittiqt
719 765 789 838 den
812 763 989 839 Miacbco
1012 764 1072 839 des
1088 764 1250 839 Ktostcrs
1267 763 1423 864 Pftivers
1445 765 1504 838 die
1522 765 1735 837 Imoucaitrtt
1755 765 1841 838 aad
1863 763 1944 837 aaa
1973 761 2108 836 Woel-

423 885 527 960 recte
1615 907 1709 964 Poeta
1731 909 1798 966 962
1820 904 2004 964 December
2028 908 2061 964 9.

529 1111 706 1169 Transeamt
727 1126 792 1169 cora
815 1109 847 1170 J.
872 1111 957 1170 1656
975 1127 1008 1182 p.
1033 1113 1076 1171 83
1098 1112 1140 1168 im
1163 1109 1272 1168 Archiv
1293 1126 1348 1168 eoa
1370 1109 1496 1181 Pstoers
1518 1128 1559 1168 aa
1581 1110 1624 1171 St.
1645 1110 1751 1170 Getica
1771 1108 1836 1190 (Β).

526 1248 676 1306 lichiam
690 1249 790 1320 diuiso.
810 1247 891 1318 Car„
906 1249 992 1320 prob.
1008 1251 1051 1308 29
1066 1253 1100 1306 a⁰
1114 1252 1157 1308 24
1175 1249 1339 1322 Fropmcnt
1353 1265 1410 1307 aas
1426 1248 1463 1308 B.
1487 1281 1530 1290 -
1552 1247 1682 1306 Bithmcr
1695 1205 1865 1322 1200265.
1893 1283 1943 1292 —-
1968 1249 2112 1323 &temps
2125 1267 2142 1314 5

525 1352 597 1424 neo.
621 1353 694 1410 320.
717 1383 761 1392 -
782 1349 899 1409 Hidbcr
919 1351 991 1424 ch.
1015 1354 1109 1410 1066.
1165 1367 1168 1374 ·

524 1487 593 1544 Fer
615 1487 669 1546 dae
693 1484 819 1559 concept
846 1488 885 1545 ist
908 1486 1051 1546 cotetae
1073 1487 1113 1546 D.
1137 1487 1266 1546 Lotteors
1289 1505 1353 1545 vom
1377 1485 1408 1546 J.
1434 1490 1496 1547 840
1519 1485 1659 1566 (Bittmcr
1680 1489 1753 1562 Rep.
1777 1491 1856 1550 Kar.
1886 1489 1990 1566 557),
2031 1490 2105 1550 bold

522 1590 589 1650 DO.
612 1594 676 1650 120
705 1592 738 1648 io
765 1589 860 1661 freter
885 1590 949 1648 aad
974 1592 1152 1664 peschictcter
1173 1593 1269 1652 Weiss
1290 1592 1457 1649 corworttret
1480 1592 1606 1651 worden.
1651 1592 1709 1651 Dic
1732 1595 1868 1667 meamea
1893 1612 1961 1653 aaa
1986 1595 2103 1654 hiacu-

521 1695 663 1769 pctiiptca
685 1696 783 1755 Wortc
812 1694 908 1753 tossen
931 1695 988 1752 dea
1009 1695 1148 1754 Dictator
1174 1695 1255 1752 nicht
1283 1695 1436 1753 tricocco.
1475 1694 1538 1753 Voa
1560 1695 1786 1768 Aasloesaapca
1809 1699 1850 1754 ist
1875 1715 1945 1756 aar
1970 1697 2024 1755 dia
2048 1697 2102 1755 des

524 1801 557 1856 io
580 1799 635 1856 dea
657 1798 719 1857 VU.
744 1798 909 1856 wicdcrholt
929 1799 1126 1870 pebroachtcn
1149 1799 1292 1856 emunitas
1313 1815 1354 1856 aa
1376 1798 1526 1867 bacchica,
1562 1797 1590 1856 d.
1614 1799 1641 1855 h.
1673 1797 1726 1856 dcr
1747 1797 1894 1856 Dictator
1926 1801 2102 1859 bctromtet
2123 1817 2151 1863 10

526 1902 679 1971 munimen,
704 1901 833 1961 defensio
860 1899 895 1978 (s.
920 1902 1019 1962 Wotte
1039 1899 1119 1971 Vcrf.
1140 1900 1241 1960 Gessit.
1267 1905 1296 1970 7,
1319 1897 1396 1976 224)
1420 1900 1465 1958 oie
1489 1900 1639 1960 corsicae
1659 1901 1934 1974 plcichbcdca-tead.

627 2104 666 2168 In
688 2105 818 2166 nomine
845 2109 979 2166 sanctae
1008 2111 1040 2167 et
1065 2102 1255 2168 individuae
1284 2103 1448 2166 trinitatis.
1496 2097 1573 2164 Otto
1603 2099 1714 2164 divina
1741 2100 1874 2166 favente
1906 2103 2099 2169 clementia

421 2208 598 2291 imperator
614 2215 781 2292 augustus·
869 2221 980 2271 Noverit
1003 2221 1120 2270 omnium
1142 2221 1251 2272 solertia
1273 2218 1392 2270 fidelium
1415 2225 1567 2270 nostrorum
1590 2213 1657 2268 tam
1680 2222 1860 2284 praesentium
1885 2230 1997 2293 quam
2023 2225 2097 2274 futu-

422 2341 524 2387 rorum,
558 2325 672 2390 qualiter
700 2325 784 2375 abhas
812 2326 981 2376 Fabariensis
1010 2327 1164 2376 monasterii
1193 2326 1264 2391 quod
1293 2331 1475 2376 constructum
1498 2330 1538 2375 est
1560 2327 1588 2374 in
1610 2325 1711 2376 honore
1734 2331 1842 2376 sanctae
1868 2327 1915 2378 dei
1945 2331 2097 2394 genitricis

420 2431 521 2480 Mariae
550 2431 578 2478 iu
608 2444 676 2496 pago
705 2430 829 2490 ithacae,
862 2416 994 2478 nomine
1016 2413 1196 2478 Maiorinus
1226 2446 1286 2478 cum
1309 2430 1447 2479 monachis
1476 2413 1537 2477 sibi
1562 2412 1716 2478 subiectis
1745 2429 1837 2480 adiens
1870 2416 2093 2484 celsitudinis
2114 2444 2143 2491 15

419 2538 526 2584 nostrae
556 2533 721 2584 clementiam
751 2527 902 2603 precatus
933 2526 997 2600 est,
1032 2539 1062 2582 ut
1084 2517 1216 2582 eosdem
1246 2517 1426 2583 monachos
1457 2537 1536 2597 atque
1559 2548 1600 2583 res
1622 2533 1752 2598 praedicti
1781 2537 1946 2588 monasterii
1977 2543 2094 2602 propter

418 2637 584 2702 quorundam
608 2637 744 2687 hominum
766 2653 949 2701 perversorum
973 2635 1205 2702 tergiversationes
1230 2638 1279 2687 sub
1302 2642 1392 2687 nostro
1416 2627 1605 2686 mundiburdio
1629 2641 1655 2686 et
1676 2654 1693 2685 ι
1715 2639 1827 2687 tuitione
1852 2641 2093 2692 constitueremus

420 2746 499 2806 atque
522 2723 676 2790 illorum⁸
698 2745 839 2804 praecepta
861 2755 893 2790 ac
915 2725 1081 2806 privilegiab
1105 2749 1187 2812 quae
1210 2727 1253 2791 ab
1276 2741 1487 2792 antecessoribus
1509 2742 1617 2804 nostris,
1638 2725 1770 2810 regibus
1792 2725 1968 2814 videlicet,
1993 2753 2092 2795 acce-

420 2838 546 2916 perunt,
569 2849 675 2894 nostrae
691 2845 861 2894 authoritatis
876 2846 1021 2895 munimine
1044 2846 1196 2896 renovando
1219 2845 1382 2895 firmaremus
1399 2843 1608 2910 electionemque
1622 2843 1675 2896 iilis
1691 2845 1899 2897 concederemus
1914 2865 1949 2912 *3
1974 2851 2091 2914 insuper

419 2950 497 2998 etiam
521 2947 637 2998 ostendit
657 2948 735 2998 nobis
758 2955 900 3013 praecepta
923 2953 948 2997 et
970 2949 1111 3014 privilegia
1133 2953 1330 2999 autecessorum
1353 2953 1504 2999 nostrorum
1526 2934 1760 3018 imperatorum
1782 2948 1874 2999 Caroli
1898 2955 1927 3000 et
1943 2951 2086 3002 Lndouici
2105 2961 2136 3006 00

419 3055 447 3102 iu
470 3053 568 3117 quibus
596 3052 797 3114 continebatur,
827 3057 857 3101 ut
879 3037 1017 3121 praefati
1040 3036 1191 3102 monachi
1221 3053 1310 3118 regiae
1331 3035 1383 3100 vel
1407 3035 1583 3121 imperialis
1607 3052 1786 3104 defensionem
1809 3055 1938 3105 tuitionis
1961 3073 1979 3104 s
2002 3073 2087 3122 super

419 3171 461 3205 res
484 3139 588 3204 eidem
611 3141 809 3204 monasterio
833 3141 1076 3226 appertinentes
1098 3155 1196 3206 habere
1220 3156 1381 3218 debuissent,
1405 3171 1516 3220 quorum
1536 3163 1598 3206 nos
1619 3157 1740 3221 petitioni
1756 3157 1790 3207 ob
1806 3173 1958 3210 amorem*
1982 3161 2085 3212 Christi

420 3244 611 3329 futuraeque
639 3258 768 3309 mercedis
790 3264 960 3325 augmentum
983 3259 1097 3325 henigne
1127 3246 1341 3309 assentientes
1370 3261 1496 3309 iussimus
1519 3260 1557 3309 eis
1579 3260 1630 3310 hoc
1658 3245 1826 3330 praecepti
1855 3265 1943 3312 nostri
1973 3265 2085 3328 privile-

419 3363 492 3428 gm'um
511 3364 642 3413 conscribi
665 3378 745 3426 super
768 3378 809 3412 res
832 3362 866 3411 ad
888 3362 1036 3426 praefatum
1059 3365 1246 3413 monasterium
1269 3365 1440 3427 pertinentes.
1486 3346 1614 3412 Idcirco
1638 3363 1760 3413 volumus
1782 3363 1951 3432 firmiterque
1977 3354 2084 3438 impe·

418 3476 528 3518 ramus
545 3473 575 3518 ut
589 3467 679 3517 nullus
695 3467 775 3518 index
789 3466 914 3531 publicus
935 3451 988 3516 vel
1011 3468 1151 3532 episcopus
1174 3450 1227 3515 vel
1250 3483 1337 3517 comes
1360 3466 1403 3517 vel
1426 3467 1584 3532 quislibett
1606 3467 1745 3517 iudiciaria
1759 3473 1893 3532 potestate
1910 3473 2080 3522 constitutus
2098 3486 2129 3532 ‘35

419 3573 535 3637 aliquam
566 3587 646 3636 super
674 3587 720 3622 eos
749 3572 777 3620 in
806 3557 892 3642 rebus
913 3570 956 3620 vel
987 3571 1096 3620 familiis
1124 3587 1215 3621 eorum
1243 3575 1366 3622 exerceat
1393 3575 1551 3636 potestatem
1581 3572 1654 3621 intus
1675 3571 1719 3622 vel
1740 3571 1821 3635 toris,
1843 3589 1861 3622 ι
1883 3574 1934 3625 sed
1957 3575 2081 3628 eiusdem

419 3677 572 3727 monasterii
595 3675 678 3725 abbas
699 3691 716 3722 ι
738 3674 772 3724 ad
795 3674 984 3724 monachorum
1007 3676 1170 3726 necessarios
1193 3691 1258 3725 usus
1280 3676 1440 3739 potestative
1462 3667 1572 3723 teneat
1595 3667 1692 3744 alque
1714 3674 1867 3739 possideat3
1891 3681 1920 3726 et
1938 3682 1971 3727 ut
1988 3679 2083 3728 nullus

419 3779 481 3830 iude
503 3780 640 3845 quippiam
662 3778 742 3828 alicui
764 3779 793 3826 in
816 3775 974 3828 beneficium
996 3784 1131 3842 praestare
1153 3783 1320 3843 praesumat,
1351 3778 1398 3829 sed
1420 3779 1469 3828 sub
1493 3783 1584 3827 nostm
1606 3771 1759 3828 defensione
1780 3795 1797 3826 ι
1819 3777 1930 3829 illorum
1955 3797 1998 3832 res
2022 3799 2082 3846 per-

419 3884 561 3948 petualiter
582 3885 755 3947 permaneant
777 3879 811 3930 ad
834 3895 932 3942 eorum,
956 3885 986 3930 ut
1008 3896 1089 3946 supra
1111 3882 1234 3944 diximus,
1257 3882 1420 3932 necessarios
1436 3896 1514 3944 usus;
1537 3882 1715 3932 concessimus
1730 3895 1845 3946 nmnque
1861 3883 1901 3932 eis
1918 3883 2082 3934 electionem

419 3993 446 4037 ct
467 3991 624 4052 potestatem
647 3983 822 4034 firmissimam
844 3999 1036 4050 quemcumque
1058 3985 1128 4033 inter
1151 4000 1196 4034 eos
1219 3984 1343 4034 abbatem
1367 3984 1501 4034 volueriut
1524 3982 1653 4049 eligendi,
1686 3983 1812 4048 quatinus
1835 3999 1882 4034 eos
1905 4000 1957 4049 pro
1980 3971 2080 4036 nobis
2099 4001 2131 4048 30

419 4074 571 4139 libentius
594 4072 690 4138 deum
713 4101 821 4138 exorare
845 4086 965 4138 ‹lelectec
993 4087 1029 4136 Et
1044 4092 1074 4135 ut
1088 4087 1154 4137 haee
1176 4073 1357 4156 praesentis
1381 4087 1525 4137 auctoritas
1547 4055 1714 4156 praecepti
1736 4084 1835 4135 firmior
1859 4071 2081 4160 stabiliorque

419 4178 545 4241 cunctis
574 4192 671 4242 nostrie
698 4189 822 4240 fidelibus
844 4207 861 4239 a
884 4190 1020 4253 credatur,
1054 4175 1139 4240 hanc
1170 4175 1317 4240 chartam
1346 4173 1479 4240 inscribi
1510 4174 1685 4259 annulique
1719 4175 1821 4238 nostri
1856 4176 2081 4260 impressione

419 4295 529 4360 sigillari
553 4295 677 4343 iussimus
699 4295 858 4359 propriaque
881 4309 961 4343 uranu
984 4287 1097 4343 nostra
1121 4277 1235 4344 subtus
1258 4292 1429 4344 firmavimus.

523 4416 659 4500 Signum
683 4415 793 4482 domni
819 4415 949 4482 Ottonie
974 4415 1038 4498 (M.)
1062 4417 1173 4500 magni
1195 4425 1228 4481 et
1250 4417 1456 4480 invictissimi
1479 4417 1683 4502 imperatoris
1701 4418 1845 4510 augusti.

520 4518 719 4585 Luotolfus⁰
742 4519 956 4584 cancellarius
979 4518 1131 4583 advicem
1152 4519 1316 4584 Brunonis
1340 4519 1594 4605 archicapellani
1616 4520 1803 4604 recognovi.
2098 4551 2131 4598 35

522 4656 611 4720 Data
641 4673 673 4720 v.
703 4656 776 4721 idus
806 4653 1013 4722 decembris‘1
1047 4679 1133 4722 anno
1167 4658 1401 4722 incarnationis
1436 4656 1559 4721 domini
1594 4671 1794 4738 ncccctxn,
1829 4656 2017 4724 indictione
2049 4680 2081 4744 v,

420 4768 576 4842 regnante
599 4759 719 4825 domno
742 4781 819 4844 rege
843 4758 963 4825 Ottone
986 4781 1072 4824 anno
1096 4770 1232 4844 xxvl1⁸‚
1268 4763 1499 4846 imperatoriae
1522 4769 1632 4826 autem
1654 4760 1826 4845 potestatis
1850 4782 1941 4826 anno
1967 4781 1997 4845 13
2027 4787 2082 4829 ac·

422 4871 489 4927 tum
512 4862 657 4945 Ticini‘3
687 4865 720 4926 in
744 4862 797 4927 dei
818 4863 949 4926 nomine
971 4862 1119 4927 feliciter.

504 5047 562 5101 250.
591 5047 698 5116 [sichel]
802 5051 827 5114 a)
844 5051 948 5100 illarum
968 5051 994 5100 Β
1098 5054 1125 5116 b)
1142 5051 1292 5118 priviliegia
1311 5053 1337 5102 Β
1441 5052 1468 5118 c)
1485 5055 1515 5102 ia
1534 5053 1560 5102 Β
1577 5051 1666 5102 warda
1682 5056 1763 5102 sacret
1782 5050 1880 5101 Luotol
1896 5053 2082 5118 quchdebm,

589 5116 662 5166 dona
683 5117 877 5168 derelicti-ichen
899 5119 953 5169 aad
970 5121 1148 5171 Hildebatdus
1169 5127 1260 5185 pectet
1364 5122 1390 5186 d)
1406 5123 1453 5171 mc
1477 5121 1587 5172 antae
1607 5120 1680 5171 issae
1701 5137 1750 5170 coc
1770 5117 1884 5184 plaste
1902 5121 1993 5173 Hand
2012 5141 2083 5175 corr.
2101 5134 2136 5182 40

589 5201 636 5235 aas
659 5186 716 5234 iulii
820 5189 844 5250 e)
861 5203 928 5237 corr.
946 5187 1162 5240 watracbeiutictt
1180 5207 1228 5239 cue
1251 5202 1325 5241 xxtx
1430 5191 1449 5254 t]
1467 5192 1496 5240 ia
1513 5191 1539 5240 B
1556 5189 1623 5240 moab
1640 5189 1735 5239 damet
1751 5187 1909 5239 wiedertolt.
