<?xml version="1.0" encoding="UTF-8"?>
<!DOCTYPE html PUBLIC "-//W3C//DTD XHTML 1.0 Transitional//EN"
    "http://www.w3.org/TR/xhtml1/DTD/xhtml1-transitional.dtd">
<html xmlns="http://www.w3.org/1999/xhtml" xml:lang="en" lang="en">
 <head>
  <title>
</title>
<meta http-equiv="Content-Type" content="text/html;charset=utf-8" />
  <meta name='ocr-system' content='tesseract 3.04.00' />
  <meta name='ocr-capabilities' content='ocr_page ocr_carea ocr_par ocr_line ocrx_word'/>
</head>
<body>
  <div class='ocr_page' id='page_1' title='image "./monumentagerman00gescgoog/monumentagerman00gescgoog_0202.png"; bbox 0 0 4560 6420; ppageno 0'>
   <div class='ocr_carea' id='block_1_1' title="bbox 872 410 1826 478">
    <p class='ocr_par' dir='ltr' id='par_1_1' title="bbox 872 410 1826 478">
     <span class='ocr_line' id='line_1_1' title="bbox 872 410 1826 478; baseline 0 -2"><span class='ocrx_word' id='word_1_1' title='bbox 872 419 998 476; x_wconf 80' lang='lat' dir='ltr'><strong>erro</strong></span> <span class='ocrx_word' id='word_1_2' title='bbox 1020 421 1044 478; x_wconf 88' lang='lat'><strong>1.</strong></span> <span class='ocrx_word' id='word_1_3' title='bbox 1069 415 1141 474; x_wconf 83' lang='lat'><strong>947.</strong></span> <span class='ocrx_word' id='word_1_4' title='bbox 1765 410 1826 478; x_wconf 78' lang='lat'><strong>173</strong></span> 
     </span>
    </p>
   </div>
   <div class='ocr_carea' id='block_1_2' title="bbox 175 599 1826 896">
    <p class='ocr_par' dir='ltr' id='par_1_2' title="bbox 175 599 1826 896">
     <span class='ocr_line' id='line_1_2' title="bbox 175 599 1825 692; baseline -0.002 -22"><span class='ocrx_word' id='word_1_5' title='bbox 175 605 345 692; x_wconf 88' lang='lat' dir='ltr'><strong>profutura</strong></span> <span class='ocrx_word' id='word_1_6' title='bbox 371 605 565 690; x_wconf 88' lang='lat' dir='ltr'><strong>pertineant.</strong></span> <span class='ocrx_word' id='word_1_7' title='bbox 609 603 654 668; x_wconf 87' lang='lat' dir='ltr'><strong>Et</strong></span> <span class='ocrx_word' id='word_1_8' title='bbox 681 611 718 668; x_wconf 92' lang='lat' dir='ltr'><strong>ut</strong></span> <span class='ocrx_word' id='word_1_9' title='bbox 744 602 826 668; x_wconf 89' lang='lat' dir='ltr'><strong>haec</strong></span> <span class='ocrx_word' id='word_1_10' title='bbox 853 611 1011 666; x_wconf 73' lang='lat' dir='ltr'><strong>nostrae²</strong></span> <span class='ocrx_word' id='word_1_11' title='bbox 1038 600 1156 686; x_wconf 89' lang='lat' dir='ltr'><strong>regalis</strong></span> <span class='ocrx_word' id='word_1_12' title='bbox 1185 602 1355 667; x_wconf 78' lang='lat' dir='ltr'><strong>concessio</strong></span> <span class='ocrx_word' id='word_1_13' title='bbox 1383 600 1473 668; x_wconf 86' lang='lat' dir='ltr'><strong>nulla</strong></span> <span class='ocrx_word' id='word_1_14' title='bbox 1495 599 1659 666; x_wconf 89' lang='lat' dir='ltr'><strong>oblivione</strong></span> <span class='ocrx_word' id='word_1_15' title='bbox 1681 623 1825 688; x_wconf 88' lang='lat' dir='ltr'><strong>unquam</strong></span> 
     </span>
     <span class='ocr_line' id='line_1_3' title="bbox 176 703 1826 792; baseline -0.003 -18"><span class='ocrx_word' id='word_1_16' title='bbox 176 709 341 774; x_wconf 79' lang='lat' dir='ltr'><strong>obliterari</strong></span> <span class='ocrx_word' id='word_1_17' title='bbox 365 717 422 773; x_wconf 90' lang='lat' dir='ltr'><strong>aut</strong></span> <span class='ocrx_word' id='word_1_18' title='bbox 443 707 541 773; x_wconf 90' lang='lat' dir='ltr'><strong>ullius</strong></span> <span class='ocrx_word' id='word_1_19' title='bbox 564 706 720 791; x_wconf 71' lang='lat' dir='ltr'><strong>accideris</strong></span> <span class='ocrx_word' id='word_1_20' title='bbox 743 727 903 792; x_wconf 81' lang='lat' dir='ltr'><strong>personae</strong></span> <span class='ocrx_word' id='word_1_21' title='bbox 927 708 1074 791; x_wconf 88' lang='lat' dir='ltr'><strong>potentia</strong></span> <span class='ocrx_word' id='word_1_22' title='bbox 1096 705 1206 771; x_wconf 90' lang='lat' dir='ltr'><strong>valeat</strong></span> <span class='ocrx_word' id='word_1_23' title='bbox 1233 707 1384 790; x_wconf 80' lang='lat' dir='ltr'><strong>irrumpi,</strong></span> <span class='ocrx_word' id='word_1_24' title='bbox 1419 714 1632 791; x_wconf 90' lang='lat' dir='ltr'><strong>praeceptum</strong></span> <span class='ocrx_word' id='word_1_25' title='bbox 1658 705 1721 770; x_wconf 91' lang='lat' dir='ltr'><strong>hoo</strong></span> <span class='ocrx_word' id='word_1_26' title='bbox 1749 703 1826 770; x_wconf 89' lang='lat' dir='ltr'><strong>inde</strong></span> 
     </span>
     <span class='ocr_line' id='line_1_4' title="bbox 175 807 1825 896; baseline -0.002 -17"><span class='ocrx_word' id='word_1_27' title='bbox 175 810 362 879; x_wconf 73' lang='lat' dir='ltr'><strong>conscribi‘</strong></span> <span class='ocrx_word' id='word_1_28' title='bbox 388 813 540 877; x_wconf 90' lang='lat' dir='ltr'><strong>iussimus</strong></span> <span class='ocrx_word' id='word_1_29' title='bbox 563 821 595 876; x_wconf 92' lang='lat' dir='ltr'><strong>et</strong></span> <span class='ocrx_word' id='word_1_30' title='bbox 617 832 715 876; x_wconf 91' lang='lat' dir='ltr'><strong>manu</strong></span> <span class='ocrx_word' id='word_1_31' title='bbox 739 811 873 896; x_wconf 92' lang='lat' dir='ltr'><strong>propria</strong></span> <span class='ocrx_word' id='word_1_32' title='bbox 893 807 975 874; x_wconf 91' lang='lat' dir='ltr'><strong>illud</strong></span> <span class='ocrx_word' id='word_1_33' title='bbox 996 809 1189 875; x_wconf 83' lang='lat' dir='ltr'><strong>roborantes</strong></span> <span class='ocrx_word' id='word_1_34' title='bbox 1213 809 1302 873; x_wconf 85' lang='lat' dir='ltr'><strong>anuli</strong></span> <span class='ocrx_word' id='word_1_35' title='bbox 1324 811 1426 874; x_wconf 89' lang='lat' dir='ltr'><strong>nostri</strong></span> <span class='ocrx_word' id='word_1_36' title='bbox 1455 811 1661 895; x_wconf 86' lang='lat' dir='ltr'><strong>inpressione</strong></span> <span class='ocrx_word' id='word_1_37' title='bbox 1690 809 1825 896; x_wconf 82' lang='lat' dir='ltr'><strong>sigillari</strong></span> 
     </span>
    </p>
   </div>
   <div class='ocr_carea' id='block_1_3' title="bbox 174 916 439 983">
    <p class='ocr_par' dir='ltr' id='par_1_3' title="bbox 174 916 439 983">
     <span class='ocr_line' id='line_1_5' title="bbox 174 916 439 983; baseline -0.004 -1"><span class='ocrx_word' id='word_1_38' title='bbox 174 916 412 983; x_wconf 85' lang='lat' dir='ltr'><strong>mandavimus.</strong></span> <span class='ocrx_word' id='word_1_39' title='bbox 425 926 439 966; x_wconf 62' lang='grc' dir='ltr'>Β</span> 
     </span>
    </p>
   </div>
   <div class='ocr_carea' id='block_1_4' title="bbox 141 1050 1826 1243">
    <p class='ocr_par' dir='ltr' id='par_1_4' title="bbox 141 1050 1826 1243">
     <span class='ocr_line' id='line_1_6' title="bbox 141 1050 1197 1140; baseline -0.001 -22"><span class='ocrx_word' id='word_1_40' title='bbox 141 1069 157 1118; x_wconf 84' lang='lat'><strong>5</strong></span> <span class='ocrx_word' id='word_1_41' title='bbox 276 1058 291 1140; x_wconf 68' lang='grc' dir='ltr'>ξ</span> <span class='ocrx_word' id='word_1_42' title='bbox 313 1052 450 1137; x_wconf 88' lang='lat' dir='ltr'><strong>Signum</strong></span> <span class='ocrx_word' id='word_1_43' title='bbox 472 1052 583 1118; x_wconf 93' lang='lat' dir='ltr'><strong>domni</strong></span> <span class='ocrx_word' id='word_1_44' title='bbox 607 1051 737 1119; x_wconf 89' lang='lat' dir='ltr'><strong>Ottonis</strong></span> <span class='ocrx_word' id='word_1_45' title='bbox 759 1055 823 1136; x_wconf 86' lang='grc' dir='ltr'>(Μ.)</span> <span class='ocrx_word' id='word_1_46' title='bbox 847 1055 1042 1118; x_wconf 88' lang='lat' dir='ltr'><strong>serenissimi</strong></span> <span class='ocrx_word' id='word_1_47' title='bbox 1066 1057 1160 1136; x_wconf 89' lang='lat' dir='ltr'><strong>regis.</strong></span> <span class='ocrx_word' id='word_1_48' title='bbox 1182 1050 1197 1136; x_wconf 70' lang='grc' dir='ltr'>Ξ</span> 
     </span>
     <span class='ocr_line' id='line_1_7' title="bbox 276 1156 1826 1243; baseline 0.001 -22"><span class='ocrx_word' id='word_1_49' title='bbox 276 1159 291 1241; x_wconf 58' lang='grc' dir='ltr'>ᾖ</span> <span class='ocrx_word' id='word_1_50' title='bbox 311 1157 403 1222; x_wconf 82' lang='lat' dir='ltr'><strong>Brrm</strong></span> <span class='ocrx_word' id='word_1_51' title='bbox 425 1157 641 1224; x_wconf 87' lang='lat' dir='ltr'><strong>cancellarius</strong></span> <span class='ocrx_word' id='word_1_52' title='bbox 665 1157 814 1224; x_wconf 89' lang='lat' dir='ltr'><strong>adviccm</strong></span> <span class='ocrx_word' id='word_1_53' title='bbox 829 1158 991 1224; x_wconf 68' lang='lat' dir='ltr'><strong>fridurici</strong></span> <span class='ocrx_word' id='word_1_54' title='bbox 1014 1156 1267 1242; x_wconf 83' lang='lat' dir='ltr'><strong>archicapellani</strong></span> <span class='ocrx_word' id='word_1_55' title='bbox 1286 1159 1471 1242; x_wconf 84' lang='lat' dir='ltr'><strong>recognovi.</strong></span> <span class='ocrx_word' id='word_1_56' title='bbox 1494 1160 1509 1243; x_wconf 62' lang='lat' dir='ltr'><strong>q</strong></span> <span class='ocrx_word' id='word_1_57' title='bbox 1530 1157 1642 1239; x_wconf 77' lang='grc'>(81.1.)</span> <span class='ocrx_word' id='word_1_58' title='bbox 1664 1158 1734 1238; x_wconf 87' lang='lat' dir='ltr'><strong>(SR.</strong></span> <span class='ocrx_word' id='word_1_59' title='bbox 1750 1157 1826 1238; x_wconf 88' lang='lat' dir='ltr'><strong>NN.)</strong></span> 
     </span>
    </p>
   </div>
   <div class='ocr_carea' id='block_1_5' title="bbox 277 1301 1822 1406">
    <p class='ocr_par' dir='ltr' id='par_1_5' title="bbox 277 1301 1822 1406">
     <span class='ocr_line' id='line_1_8' title="bbox 277 1301 1822 1406; baseline 0.001 -19"><span class='ocrx_word' id='word_1_60' title='bbox 277 1323 402 1388; x_wconf 90' lang='lat' dir='ltr'><strong>Datum</strong></span> <span class='ocrx_word' id='word_1_61' title='bbox 424 1331 476 1386; x_wconf 71' lang='lat'><strong>11⁸⁶</strong></span> <span class='ocrx_word' id='word_1_62' title='bbox 498 1322 542 1388; x_wconf 91' lang='lat' dir='ltr'><strong>id.</strong></span> <span class='ocrx_word' id='word_1_63' title='bbox 565 1325 632 1387; x_wconf 89' lang='lat' dir='ltr'><strong>iun.</strong></span> <span class='ocrx_word' id='word_1_64' title='bbox 655 1344 742 1387; x_wconf 90' lang='lat' dir='ltr'><strong>anno</strong></span> <span class='ocrx_word' id='word_1_65' title='bbox 766 1325 999 1388; x_wconf 83' lang='lat' dir='ltr'><strong>incarnationis</strong></span> <span class='ocrx_word' id='word_1_66' title='bbox 1024 1321 1147 1386; x_wconf 90' lang='lat' dir='ltr'><strong>domini</strong></span> <span class='ocrx_word' id='word_1_67' title='bbox 1170 1330 1424 1404; x_wconf 64' lang='lat' dir='ltr'><strong>nccccxnvnm,</strong></span> <span class='ocrx_word' id='word_1_68' title='bbox 1447 1319 1626 1386; x_wconf 89' lang='lat' dir='ltr'><strong>indictione</strong></span> <span class='ocrx_word' id='word_1_69' title='bbox 1648 1301 1712 1406; x_wconf 73' lang='lat'>111⁸1,</span> <span class='ocrx_word' id='word_1_70' title='bbox 1737 1343 1822 1388; x_wconf 93' lang='lat' dir='ltr'><strong>anno</strong></span> 
     </span>
    </p>
   </div>
   <div class='ocr_carea' id='block_1_6' title="bbox 174 1424 1822 1594">
    <p class='ocr_par' dir='ltr' id='par_1_6' title="bbox 174 1424 1822 1594">
     <span class='ocr_line' id='line_1_9' title="bbox 174 1424 1822 1514; baseline 0.002 -23"><span class='ocrx_word' id='word_1_71' title='bbox 174 1426 346 1491; x_wconf 91' lang='lat' dir='ltr'><strong>undecimo</strong></span> <span class='ocrx_word' id='word_1_72' title='bbox 370 1427 461 1511; x_wconf 89' lang='lat' dir='ltr'><strong>regni</strong></span> <span class='ocrx_word' id='word_1_73' title='bbox 485 1425 596 1489; x_wconf 92' lang='lat' dir='ltr'><strong>domni</strong></span> <span class='ocrx_word' id='word_1_74' title='bbox 620 1424 750 1490; x_wconf 90' lang='lat' dir='ltr'><strong>Ottonis</strong></span> <span class='ocrx_word' id='word_1_75' title='bbox 774 1429 970 1491; x_wconf 88' lang='lat' dir='ltr'><strong>serenissimi</strong></span> <span class='ocrx_word' id='word_1_76' title='bbox 993 1428 1095 1510; x_wconf 75' lang='lat' dir='ltr'><strong>regis3</strong></span> <span class='ocrx_word' id='word_1_77' title='bbox 1128 1435 1239 1489; x_wconf 88' lang='lat' dir='ltr'><strong>actum</strong></span> <span class='ocrx_word' id='word_1_78' title='bbox 1260 1428 1294 1490; x_wconf 93' lang='lat' dir='ltr'><strong>in</strong></span> <span class='ocrx_word' id='word_1_79' title='bbox 1317 1424 1541 1511; x_wconf 89' lang='lat' dir='ltr'><strong>Magedcburg</strong></span> <span class='ocrx_word' id='word_1_80' title='bbox 1563 1427 1686 1512; x_wconf 90' lang='lat' dir='ltr'><strong>palatio</strong></span> <span class='ocrx_word' id='word_1_81' title='bbox 1715 1431 1822 1514; x_wconf 79' lang='lat' dir='ltr'><strong>regi03</strong></span> 
     </span>
     <span class='ocr_line' id='line_1_10' title="bbox 174 1529 723 1594; baseline -0.002 0"><span class='ocrx_word' id='word_1_82' title='bbox 174 1532 208 1594; x_wconf 91' lang='lat' dir='ltr'><strong>in</strong></span> <span class='ocrx_word' id='word_1_83' title='bbox 231 1530 282 1594; x_wconf 89' lang='lat' dir='ltr'><strong>dei</strong></span> <span class='ocrx_word' id='word_1_84' title='bbox 305 1531 436 1594; x_wconf 91' lang='lat' dir='ltr'><strong>nomine</strong></span> <span class='ocrx_word' id='word_1_85' title='bbox 458 1529 596 1594; x_wconf 88' lang='lat' dir='ltr'><strong>feliciter</strong></span> <span class='ocrx_word' id='word_1_86' title='bbox 618 1550 723 1594; x_wconf 92' lang='lat' dir='ltr'><strong>amen.</strong></span> 
     </span>
    </p>
   </div>
   <div class='ocr_carea' id='block_1_7' title="bbox 127 1703 1033 1778">
    <p class='ocr_par' dir='ltr' id='par_1_7' title="bbox 127 1703 1033 1778">
     <span class='ocr_line' id='line_1_11' title="bbox 127 1703 1033 1778; baseline 0.006 -7"><span class='ocrx_word' id='word_1_87' title='bbox 127 1722 159 1771; x_wconf 91' lang='lat'><strong>10</strong></span> <span class='ocrx_word' id='word_1_88' title='bbox 972 1703 1033 1778; x_wconf 77' lang='lat' dir='ltr'><strong>st.</strong></span> 
     </span>
    </p>
   </div>
   <div class='ocr_carea' id='block_1_8' title="bbox 175 1855 1826 2082">
    <p class='ocr_par' dir='ltr' id='par_1_8' title="bbox 175 1855 1826 2082">
     <span class='ocr_line' id='line_1_12' title="bbox 184 1855 1826 1957; baseline 0.001 -26"><span class='ocrx_word' id='word_1_89' title='bbox 184 1855 265 1932; x_wconf 88' lang='lat' dir='ltr'><strong>Otto</strong></span> <span class='ocrx_word' id='word_1_90' title='bbox 291 1857 432 1931; x_wconf 79' lang='lat' dir='ltr'><strong>schealtt</strong></span> <span class='ocrx_word' id='word_1_91' title='bbox 457 1858 536 1931; x_wconf 85' lang='lat' dir='ltr'><strong>dam</strong></span> <span class='ocrx_word' id='word_1_92' title='bbox 562 1884 634 1931; x_wconf 79' lang='lat' dir='ltr'><strong>oon</strong></span> <span class='ocrx_word' id='word_1_93' title='bbox 660 1859 777 1931; x_wconf 78' lang='lat' dir='ltr'><strong>asinar</strong></span> <span class='ocrx_word' id='word_1_94' title='bbox 809 1859 943 1930; x_wconf 80' lang='lat' dir='ltr'><strong>Matter</strong></span> <span class='ocrx_word' id='word_1_95' title='bbox 973 1857 1148 1930; x_wconf 76' lang='lat' dir='ltr'><strong>Mathilde</strong></span> <span class='ocrx_word' id='word_1_96' title='bbox 1175 1856 1374 1957; x_wconf 74' lang='lat' dir='ltr'><strong>pestt&#39;stetca</strong></span> <span class='ocrx_word' id='word_1_97' title='bbox 1403 1857 1547 1932; x_wconf 68' lang='lat' dir='ltr'><strong>lacerer</strong></span> <span class='ocrx_word' id='word_1_98' title='bbox 1573 1857 1727 1957; x_wconf 66' lang='lat' dir='ltr'><strong>Euporo</strong></span> <span class='ocrx_word' id='word_1_99' title='bbox 1753 1860 1826 1932; x_wconf 72' lang='lat' dir='ltr'><strong>dam</strong></span> 
     </span>
     <span class='ocr_line' id='line_1_13' title="bbox 175 1978 1780 2082; baseline -0.001 -30"><span class='ocrx_word' id='word_1_100' title='bbox 175 2003 248 2052; x_wconf 80' lang='lat' dir='ltr'><strong>voc</strong></span> <span class='ocrx_word' id='word_1_101' title='bbox 273 1978 477 2053; x_wconf 59' lang='lat' dir='ltr'><strong>Menae</strong></span> <span class='ocrx_word' id='word_1_102' title='bbox 502 1980 736 2078; x_wconf 56' lang='lat' dir='ltr'><strong>&amp;hermogene</strong></span> <span class='ocrx_word' id='word_1_103' title='bbox 763 1978 1012 2078; x_wconf 72' lang='lat' dir='ltr'><strong>Basitzaopeo.</strong></span> <span class='ocrx_word' id='word_1_104' title='bbox 1357 2017 1530 2082; x_wconf 58' lang='lat' dir='ltr'><em>Dmmund</em></span> <span class='ocrx_word' id='word_1_105' title='bbox 1552 2021 1617 2077; x_wconf 74' lang='lat'><strong>947</strong></span> <span class='ocrx_word' id='word_1_106' title='bbox 1639 2016 1708 2076; x_wconf 76' lang='lat' dir='ltr'><strong>Jali</strong></span> <span class='ocrx_word' id='word_1_107' title='bbox 1730 2023 1780 2078; x_wconf 74' lang='lat'><strong>14.</strong></span> 
     </span>
    </p>
   </div>
   <div class='ocr_carea' id='block_1_9' title="bbox 280 2201 1144 2283">
    <p class='ocr_par' dir='ltr' id='par_1_9' title="bbox 280 2201 1144 2283">
     <span class='ocr_line' id='line_1_14' title="bbox 280 2201 1144 2283; baseline -0.002 -17"><span class='ocrx_word' id='word_1_108' title='bbox 280 2205 530 2280; x_wconf 63' lang='lat' dir='ltr'><strong>oacimtapzcm</strong></span> <span class='ocrx_word' id='word_1_109' title='bbox 552 2207 595 2264; x_wconf 81' lang='lat' dir='ltr'><strong>im</strong></span> <span class='ocrx_word' id='word_1_110' title='bbox 616 2205 643 2264; x_wconf 78' lang='lat' dir='ltr'><strong>lc.</strong></span> <span class='ocrx_word' id='word_1_111' title='bbox 669 2205 873 2266; x_wconf 72' lang='lat' dir='ltr'><strong>Staatsmctto</strong></span> <span class='ocrx_word' id='word_1_112' title='bbox 892 2222 933 2263; x_wconf 76' lang='lat' dir='ltr'><strong>aa</strong></span> <span class='ocrx_word' id='word_1_113' title='bbox 955 2205 1061 2263; x_wconf 82' lang='lat' dir='ltr'><strong>Berlin</strong></span> <span class='ocrx_word' id='word_1_114' title='bbox 1083 2201 1144 2283; x_wconf 88' lang='lat' dir='ltr'>(A).</span> 
     </span>
    </p>
   </div>
   <div class='ocr_carea' id='block_1_10' title="bbox 275 2341 1827 2730">
    <p class='ocr_par' dir='ltr' id='par_1_10' title="bbox 275 2341 1827 2730">
     <span class='ocr_line' id='line_1_15' title="bbox 276 2341 1825 2421; baseline 0 -19"><span class='ocrx_word' id='word_1_115' title='bbox 276 2347 378 2404; x_wconf 70' lang='lat' dir='ltr'><strong>Moser</strong></span> <span class='ocrx_word' id='word_1_116' title='bbox 398 2347 433 2403; x_wconf 81' lang='lat' dir='ltr'><strong>ia</strong></span> <span class='ocrx_word' id='word_1_117' title='bbox 453 2345 621 2404; x_wconf 81' lang='lat' dir='ltr'><strong>Honaooer.</strong></span> <span class='ocrx_word' id='word_1_118' title='bbox 642 2344 769 2418; x_wconf 62' lang='lat' dir='ltr'><strong>gelehrte</strong></span> <span class='ocrx_word' id='word_1_119' title='bbox 791 2344 941 2417; x_wconf 75' lang='lat' dir='ltr'><strong>Arsaciyca</strong></span> <span class='ocrx_word' id='word_1_120' title='bbox 962 2341 1070 2421; x_wconf 84' lang='lat'><strong>(1753)</strong></span> <span class='ocrx_word' id='word_1_121' title='bbox 1089 2347 1118 2414; x_wconf 85' lang='grc'><strong>8,</strong></span> <span class='ocrx_word' id='word_1_122' title='bbox 1137 2349 1177 2404; x_wconf 84' lang='grc'><strong>73</strong></span> <span class='ocrx_word' id='word_1_123' title='bbox 1200 2361 1256 2402; x_wconf 79' lang='lat' dir='ltr'><strong>aas</strong></span> <span class='ocrx_word' id='word_1_124' title='bbox 1272 2343 1309 2414; x_wconf 75' lang='lat' dir='ltr'><strong>A,</strong></span> <span class='ocrx_word' id='word_1_125' title='bbox 1333 2345 1387 2402; x_wconf 81' lang='lat' dir='ltr'><strong>mit</strong></span> <span class='ocrx_word' id='word_1_126' title='bbox 1478 2344 1543 2404; x_wconf 89' lang='lat' dir='ltr'><strong>idus</strong></span> <span class='ocrx_word' id='word_1_127' title='bbox 1557 2345 1620 2404; x_wconf 92' lang='lat' dir='ltr'><strong>iulii</strong></span> <span class='ocrx_word' id='word_1_128' title='bbox 1642 2364 1682 2404; x_wconf 79' lang='lat' dir='ltr'><strong>aa</strong></span> <span class='ocrx_word' id='word_1_129' title='bbox 1698 2351 1762 2408; x_wconf 80' lang='grc'><strong>948</strong></span> <span class='ocrx_word' id='word_1_130' title='bbox 1785 2371 1825 2402; x_wconf 88' lang='lat'>=</span> 
     </span>
     <span class='ocr_line' id='line_1_16' title="bbox 275 2446 1825 2526; baseline 0.002 -17"><span class='ocrx_word' id='word_1_131' title='bbox 275 2450 372 2510; x_wconf 73' lang='lat' dir='ltr'><strong>Eratis</strong></span> <span class='ocrx_word' id='word_1_132' title='bbox 388 2446 449 2509; x_wconf 80' lang='lat' dir='ltr'><strong>OD.</strong></span> <span class='ocrx_word' id='word_1_133' title='bbox 469 2449 621 2526; x_wconf 76' lang='lat' dir='ltr'><strong>Qaedliab.</strong></span> <span class='ocrx_word' id='word_1_134' title='bbox 646 2451 665 2508; x_wconf 85' lang='lat'><strong><em>6</em></strong></span> <span class='ocrx_word' id='word_1_135' title='bbox 688 2453 722 2506; x_wconf 62' lang='grc' dir='ltr'><strong>πθ</strong></span> <span class='ocrx_word' id='word_1_136' title='bbox 744 2453 773 2509; x_wconf 88' lang='grc'><strong>9.</strong></span> <span class='ocrx_word' id='word_1_137' title='bbox 803 2483 845 2492; x_wconf 91' lang='lat'><em>-</em></span> <span class='ocrx_word' id='word_1_138' title='bbox 873 2449 995 2508; x_wconf 81' lang='lat' dir='ltr'><strong>Erhard</strong></span> <span class='ocrx_word' id='word_1_139' title='bbox 1019 2447 1080 2507; x_wconf 82' lang='lat' dir='ltr'><strong>OD.</strong></span> <span class='ocrx_word' id='word_1_140' title='bbox 1106 2448 1211 2520; x_wconf 79' lang='lat' dir='ltr'><strong>Wcsts.</strong></span> <span class='ocrx_word' id='word_1_141' title='bbox 1235 2453 1264 2518; x_wconf 89' lang='lat'><strong>1,</strong></span> <span class='ocrx_word' id='word_1_142' title='bbox 1288 2451 1329 2506; x_wconf 78' lang='lat'><strong>45</strong></span> <span class='ocrx_word' id='word_1_143' title='bbox 1352 2453 1386 2506; x_wconf 82' lang='lat' dir='ltr'><strong>a⁰</strong></span> <span class='ocrx_word' id='word_1_144' title='bbox 1408 2451 1449 2508; x_wconf 88' lang='lat'><strong>56</strong></span> <span class='ocrx_word' id='word_1_145' title='bbox 1472 2466 1528 2507; x_wconf 82' lang='lat' dir='ltr'><strong>aas</strong></span> <span class='ocrx_word' id='word_1_146' title='bbox 1551 2449 1587 2506; x_wconf 84' lang='grc' dir='ltr'><strong>Α.</strong></span> <span class='ocrx_word' id='word_1_147' title='bbox 1612 2482 1655 2492; x_wconf 93' lang='grc'>-</span> <span class='ocrx_word' id='word_1_148' title='bbox 1678 2451 1825 2512; x_wconf 81' lang='lat' dir='ltr'><strong>Wilmans</strong></span> 
     </span>
     <span class='ocr_line' id='line_1_17' title="bbox 281 2551 1827 2628; baseline -0.001 -14"><span class='ocrx_word' id='word_1_149' title='bbox 281 2552 385 2624; x_wconf 86' lang='lat' dir='ltr'><strong>Wests.</strong></span> <span class='ocrx_word' id='word_1_150' title='bbox 409 2553 481 2615; x_wconf 75' lang='grc' dir='ltr'><strong>ΚΠ.</strong></span> <span class='ocrx_word' id='word_1_151' title='bbox 496 2557 527 2623; x_wconf 77' lang='lat'><strong>2,</strong></span> <span class='ocrx_word' id='word_1_152' title='bbox 546 2556 587 2613; x_wconf 81' lang='lat'><strong>63</strong></span> <span class='ocrx_word' id='word_1_153' title='bbox 606 2559 641 2610; x_wconf 64' lang='grc' dir='ltr'><strong>πθ</strong></span> <span class='ocrx_word' id='word_1_154' title='bbox 657 2555 696 2613; x_wconf 82' lang='grc'><strong>75</strong></span> <span class='ocrx_word' id='word_1_155' title='bbox 713 2570 769 2612; x_wconf 79' lang='lat' dir='ltr'><strong>aas</strong></span> <span class='ocrx_word' id='word_1_156' title='bbox 785 2551 822 2611; x_wconf 84' lang='lat' dir='ltr'><strong>A.</strong></span> <span class='ocrx_word' id='word_1_157' title='bbox 846 2585 888 2595; x_wconf 89' lang='lat'><em>-</em></span> <span class='ocrx_word' id='word_1_158' title='bbox 912 2552 1041 2612; x_wconf 76' lang='lat' dir='ltr'><strong>Bahmcr</strong></span> <span class='ocrx_word' id='word_1_159' title='bbox 1062 2553 1134 2625; x_wconf 78' lang='lat' dir='ltr'><strong>Ray.</strong></span> <span class='ocrx_word' id='word_1_160' title='bbox 1158 2554 1221 2612; x_wconf 81' lang='lat'><strong>159</strong></span> <span class='ocrx_word' id='word_1_161' title='bbox 1244 2570 1285 2610; x_wconf 75' lang='lat' dir='ltr'><strong>aa</strong></span> <span class='ocrx_word' id='word_1_162' title='bbox 1308 2555 1371 2613; x_wconf 80' lang='grc'><strong>948</strong></span> <span class='ocrx_word' id='word_1_163' title='bbox 1394 2551 1464 2612; x_wconf 75' lang='lat' dir='ltr'><strong>Jutt</strong></span> <span class='ocrx_word' id='word_1_164' title='bbox 1482 2556 1607 2613; x_wconf 79' lang='grc'><strong><em>8-14.</em></strong></span> <span class='ocrx_word' id='word_1_165' title='bbox 1633 2585 1675 2596; x_wconf 91' lang='grc'>-</span> <span class='ocrx_word' id='word_1_166' title='bbox 1698 2553 1827 2628; x_wconf 80' lang='lat' dir='ltr'><strong>Stamps</strong></span> 
     </span>
     <span class='ocr_line' id='line_1_18' title="bbox 275 2655 446 2730; baseline 0 -14"><span class='ocrx_word' id='word_1_167' title='bbox 275 2655 349 2730; x_wconf 66' lang='lat' dir='ltr'><strong>aa.</strong></span> <span class='ocrx_word' id='word_1_168' title='bbox 373 2659 446 2716; x_wconf 75' lang='lat'><strong>148.</strong></span> 
     </span>
    </p>
   </div>
   <div class='ocr_carea' id='block_1_11' title="bbox 275 2793 1822 3072">
    <p class='ocr_par' dir='ltr' id='par_1_11' title="bbox 275 2793 1822 3072">
     <span class='ocr_line' id='line_1_19' title="bbox 278 2793 1821 2868; baseline 0.003 -14"><span class='ocrx_word' id='word_1_169' title='bbox 278 2794 341 2853; x_wconf 84' lang='lat' dir='ltr'><strong>Vcn</strong></span> <span class='ocrx_word' id='word_1_170' title='bbox 362 2795 431 2855; x_wconf 91' lang='lat' dir='ltr'><strong>BD.</strong></span> <span class='ocrx_word' id='word_1_171' title='bbox 454 2796 530 2854; x_wconf 76' lang='lat' dir='ltr'><strong>nach</strong></span> <span class='ocrx_word' id='word_1_172' title='bbox 551 2795 771 2868; x_wconf 69' lang='lat' dir='ltr'><strong>deabarycr</strong></span> <span class='ocrx_word' id='word_1_173' title='bbox 793 2793 894 2852; x_wconf 80' lang='lat' dir='ltr'><strong>Dictat</strong></span> <span class='ocrx_word' id='word_1_174' title='bbox 914 2794 1108 2866; x_wconf 60' lang='lat' dir='ltr'><strong>paraneten,</strong></span> <span class='ocrx_word' id='word_1_175' title='bbox 1132 2793 1250 2852; x_wconf 75' lang='lat' dir='ltr'><strong>welches</strong></span> <span class='ocrx_word' id='word_1_176' title='bbox 1272 2796 1334 2854; x_wconf 75' lang='lat' dir='ltr'><strong>siclt</strong></span> <span class='ocrx_word' id='word_1_177' title='bbox 1356 2797 1389 2853; x_wconf 81' lang='lat' dir='ltr'><strong>ia</strong></span> <span class='ocrx_word' id='word_1_178' title='bbox 1411 2795 1464 2854; x_wconf 85' lang='lat' dir='ltr'><strong>der</strong></span> <span class='ocrx_word' id='word_1_179' title='bbox 1485 2793 1607 2868; x_wconf 60' lang='lat' dir='ltr'><strong>Arcam</strong></span> <span class='ocrx_word' id='word_1_180' title='bbox 1629 2813 1669 2855; x_wconf 79' lang='lat' dir='ltr'><strong>cot</strong></span> <span class='ocrx_word' id='word_1_181' title='bbox 1690 2796 1758 2857; x_wconf 90' lang='lat' dir='ltr'><strong>DO.</strong></span> <span class='ocrx_word' id='word_1_182' title='bbox 1783 2802 1821 2858; x_wconf 80' lang='lat'><strong>41</strong></span> 
     </span>
     <span class='ocr_line' id='line_1_20' title="bbox 275 2896 1822 2972; baseline 0.004 -15"><span class='ocrx_word' id='word_1_183' title='bbox 275 2898 340 2957; x_wconf 74' lang='lat' dir='ltr'><strong>mad</strong></span> <span class='ocrx_word' id='word_1_184' title='bbox 361 2899 444 2957; x_wconf 80' lang='lat' dir='ltr'><strong>dean</strong></span> <span class='ocrx_word' id='word_1_185' title='bbox 464 2917 504 2957; x_wconf 80' lang='lat' dir='ltr'><strong>aa</strong></span> <span class='ocrx_word' id='word_1_186' title='bbox 525 2898 624 2959; x_wconf 91' lang='lat' dir='ltr'><strong>DDO.</strong></span> <span class='ocrx_word' id='word_1_187' title='bbox 650 2902 701 2968; x_wconf 74' lang='lat'><strong>74,</strong></span> <span class='ocrx_word' id='word_1_188' title='bbox 726 2900 766 2958; x_wconf 84' lang='lat'><strong>75</strong></span> <span class='ocrx_word' id='word_1_189' title='bbox 790 2897 970 2956; x_wconf 76' lang='lat' dir='ltr'><strong>caecidisset.</strong></span> <span class='ocrx_word' id='word_1_190' title='bbox 1010 2898 1100 2956; x_wconf 78' lang='lat' dir='ltr'><strong>Dabar</strong></span> <span class='ocrx_word' id='word_1_191' title='bbox 1122 2897 1201 2956; x_wconf 78' lang='lat' dir='ltr'><strong>disse</strong></span> <span class='ocrx_word' id='word_1_192' title='bbox 1223 2896 1397 2972; x_wconf 72' lang='lat' dir='ltr'><strong>Schcntmsq</strong></span> <span class='ocrx_word' id='word_1_193' title='bbox 1418 2915 1441 2958; x_wconf 86' lang='lat' dir='ltr'><strong>s.</strong></span> <span class='ocrx_word' id='word_1_194' title='bbox 1466 2899 1613 2959; x_wconf 73' lang='lat' dir='ltr'><strong>Wlmaas</strong></span> <span class='ocrx_word' id='word_1_195' title='bbox 1635 2900 1738 2972; x_wconf 84' lang='lat' dir='ltr'><strong>Wests.</strong></span> <span class='ocrx_word' id='word_1_196' title='bbox 1751 2902 1822 2963; x_wconf 85' lang='lat' dir='ltr'><strong>KU.</strong></span> 
     </span>
     <span class='ocr_line' id='line_1_21' title="bbox 277 3004 403 3072; baseline -0.008 -11"><span class='ocrx_word' id='word_1_197' title='bbox 277 3007 307 3072; x_wconf 87' lang='lat'><strong>1,</strong></span> <span class='ocrx_word' id='word_1_198' title='bbox 332 3004 403 3061; x_wconf 78' lang='grc'><strong>446.</strong></span> 
     </span>
    </p>
   </div>
   <div class='ocr_carea' id='block_1_12' title="bbox 122 3186 1826 5042">
    <p class='ocr_par' dir='ltr' id='par_1_12' title="bbox 173 3186 1826 3589">
     <span class='ocr_line' id='line_1_22' title="bbox 276 3186 1824 3273; baseline 0.001 -19"><span class='ocrx_word' id='word_1_199' title='bbox 276 3191 336 3272; x_wconf 80' lang='lat' dir='ltr'><strong>(O.)</strong></span> <span class='ocrx_word' id='word_1_200' title='bbox 360 3190 375 3273; x_wconf 63' lang='grc' dir='ltr'>ξ</span> <span class='ocrx_word' id='word_1_201' title='bbox 395 3189 434 3254; x_wconf 95' lang='lat' dir='ltr'><strong>In</strong></span> <span class='ocrx_word' id='word_1_202' title='bbox 457 3191 587 3254; x_wconf 87' lang='lat' dir='ltr'><strong>nomine</strong></span> <span class='ocrx_word' id='word_1_203' title='bbox 611 3197 746 3254; x_wconf 89' lang='lat' dir='ltr'><strong>sanctae</strong></span> <span class='ocrx_word' id='word_1_204' title='bbox 769 3198 802 3253; x_wconf 89' lang='lat' dir='ltr'><strong>et</strong></span> <span class='ocrx_word' id='word_1_205' title='bbox 823 3186 1012 3254; x_wconf 83' lang='lat' dir='ltr'><strong>individuae</strong></span> <span class='ocrx_word' id='word_1_206' title='bbox 1035 3189 1201 3253; x_wconf 88' lang='lat' dir='ltr'><strong>trinitatis.</strong></span> <span class='ocrx_word' id='word_1_207' title='bbox 1248 3187 1326 3253; x_wconf 90' lang='lat' dir='ltr'><strong>Otto</strong></span> <span class='ocrx_word' id='word_1_208' title='bbox 1350 3188 1402 3254; x_wconf 87' lang='lat' dir='ltr'><strong>dei</strong></span> <span class='ocrx_word' id='word_1_209' title='bbox 1425 3190 1532 3273; x_wconf 84' lang='lat' dir='ltr'><strong>gratia</strong></span> <span class='ocrx_word' id='word_1_210' title='bbox 1554 3213 1623 3254; x_wconf 85' lang='lat' dir='ltr'><strong>rex.</strong></span> <span class='ocrx_word' id='word_1_211' title='bbox 1727 3190 1824 3272; x_wconf 81' lang='lat' dir='ltr'><strong>Quic-</strong></span> 
     </span>
     <span class='ocr_line' id='line_1_23' title="bbox 173 3292 1826 3379; baseline 0.001 -21"><span class='ocrx_word' id='word_1_212' title='bbox 173 3293 252 3378; x_wconf 90' lang='lat' dir='ltr'><strong>quid</strong></span> <span class='ocrx_word' id='word_1_213' title='bbox 274 3295 356 3360; x_wconf 92' lang='lat' dir='ltr'><strong>locis</strong></span> <span class='ocrx_word' id='word_1_214' title='bbox 379 3294 439 3360; x_wconf 93' lang='lat' dir='ltr'><strong>deo</strong></span> <span class='ocrx_word' id='word_1_215' title='bbox 465 3293 581 3358; x_wconf 88' lang='lat' dir='ltr'><strong>dicatis</strong></span> <span class='ocrx_word' id='word_1_216' title='bbox 603 3292 835 3358; x_wconf 74' lang='lat' dir='ltr'><strong>liberalitatis·</strong></span> <span class='ocrx_word' id='word_1_217' title='bbox 861 3295 949 3378; x_wconf 72' lang='lat' dir='ltr'><strong>regie</strong></span> <span class='ocrx_word' id='word_1_218' title='bbox 972 3292 1214 3376; x_wconf 89' lang='lat' dir='ltr'><strong>contulerimus,</strong></span> <span class='ocrx_word' id='word_1_219' title='bbox 1239 3302 1272 3358; x_wconf 89' lang='lat' dir='ltr'><strong>et</strong></span> <span class='ocrx_word' id='word_1_220' title='bbox 1294 3293 1337 3358; x_wconf 87' lang='lat' dir='ltr'><strong>ad</strong></span> <span class='ocrx_word' id='word_1_221' title='bbox 1359 3305 1542 3379; x_wconf 79' lang='lat' dir='ltr'><strong>presentem</strong></span> <span class='ocrx_word' id='word_1_222' title='bbox 1564 3296 1665 3359; x_wconf 92' lang='lat' dir='ltr'><strong>vitam</strong></span> <span class='ocrx_word' id='word_1_223' title='bbox 1688 3295 1826 3360; x_wconf 85' lang='lat' dir='ltr'><strong>feliciter</strong></span> 
     </span>
     <span class='ocr_line' id='line_1_24' title="bbox 173 3395 1824 3485; baseline 0.002 -24"><span class='ocrx_word' id='word_1_224' title='bbox 173 3399 405 3464; x_wconf 82' lang='lat' dir='ltr'><strong>transeundem</strong></span> <span class='ocrx_word' id='word_1_225' title='bbox 427 3402 441 3483; x_wconf 60' lang='lat' dir='ltr'><strong>f</strong></span> <span class='ocrx_word' id='word_1_226' title='bbox 461 3409 493 3462; x_wconf 92' lang='lat' dir='ltr'><strong>et</strong></span> <span class='ocrx_word' id='word_1_227' title='bbox 516 3397 560 3463; x_wconf 91' lang='lat' dir='ltr'><strong>ad</strong></span> <span class='ocrx_word' id='word_1_228' title='bbox 582 3408 747 3462; x_wconf 82' lang='lat' dir='ltr'><strong>aeternam</strong></span> <span class='ocrx_word' id='word_1_229' title='bbox 769 3397 865 3463; x_wconf 90' lang='lat' dir='ltr'><strong>nobis</strong></span> <span class='ocrx_word' id='word_1_230' title='bbox 887 3395 1116 3483; x_wconf 70' lang='lat' dir='ltr'><strong>profuturamb</strong></span> <span class='ocrx_word' id='word_1_231' title='bbox 1138 3399 1299 3463; x_wconf 87' lang='lat' dir='ltr'><strong>veraciter</strong></span> <span class='ocrx_word' id='word_1_232' title='bbox 1321 3397 1493 3462; x_wconf 90' lang='lat' dir='ltr'><strong>credimus.</strong></span> <span class='ocrx_word' id='word_1_233' title='bbox 1530 3398 1671 3463; x_wconf 90' lang='lat' dir='ltr'><strong>Proinde</strong></span> <span class='ocrx_word' id='word_1_234' title='bbox 1695 3422 1753 3485; x_wconf 87' lang='lat' dir='ltr'><strong>pro</strong></span> <span class='ocrx_word' id='word_1_235' title='bbox 1777 3423 1824 3464; x_wconf 91' lang='lat' dir='ltr'><strong>re-</strong></span> 
     </span>
     <span class='ocr_line' id='line_1_25' title="bbox 173 3500 1825 3589; baseline 0.001 -23"><span class='ocrx_word' id='word_1_236' title='bbox 173 3500 281 3567; x_wconf 91' lang='lat' dir='ltr'><strong>medio</strong></span> <span class='ocrx_word' id='word_1_237' title='bbox 305 3505 432 3567; x_wconf 89' lang='lat' dir='ltr'><strong>animae</strong></span> <span class='ocrx_word' id='word_1_238' title='bbox 456 3503 565 3568; x_wconf 92' lang='lat' dir='ltr'><strong>domni</strong></span> <span class='ocrx_word' id='word_1_239' title='bbox 589 3503 744 3587; x_wconf 85' lang='lat' dir='ltr'><strong>genitoris</strong></span> <span class='ocrx_word' id='word_1_240' title='bbox 767 3504 871 3567; x_wconf 83' lang='lat' dir='ltr'><strong>nostri</strong></span> <span class='ocrx_word' id='word_1_241' title='bbox 893 3503 1040 3567; x_wconf 89' lang='lat' dir='ltr'><strong>Heinrici</strong></span> <span class='ocrx_word' id='word_1_242' title='bbox 1062 3504 1148 3586; x_wconf 89' lang='lat' dir='ltr'><strong>regis</strong></span> <span class='ocrx_word' id='word_1_243' title='bbox 1172 3510 1204 3566; x_wconf 90' lang='lat' dir='ltr'><strong>et</strong></span> <span class='ocrx_word' id='word_1_244' title='bbox 1229 3503 1263 3567; x_wconf 91' lang='lat' dir='ltr'><strong>in</strong></span> <span class='ocrx_word' id='word_1_245' title='bbox 1285 3502 1463 3568; x_wconf 91' lang='lat' dir='ltr'><strong>elemosina</strong></span> <span class='ocrx_word' id='word_1_246' title='bbox 1491 3503 1631 3569; x_wconf 88' lang='lat' dir='ltr'><strong>domnae</strong></span> <span class='ocrx_word' id='word_1_247' title='bbox 1659 3505 1825 3589; x_wconf 85' lang='lat' dir='ltr'><strong>genitricis</strong></span> 
     </span>
    </p>

    <p class='ocr_par' dir='ltr' id='par_1_13' title="bbox 124 3604 1825 4109">
     <span class='ocr_line' id='line_1_26' title="bbox 124 3604 1824 3694; baseline -0.001 -19"><span class='ocrx_word' id='word_1_248' title='bbox 124 3627 156 3675; x_wconf 79' lang='lat' dir='ltr'><strong>aa</strong></span> <span class='ocrx_word' id='word_1_249' title='bbox 174 3616 307 3672; x_wconf 87' lang='lat' dir='ltr'><strong>nostrae</strong></span> <span class='ocrx_word' id='word_1_250' title='bbox 330 3606 531 3673; x_wconf 88' lang='lat' dir='ltr'><strong>Mahthildae</strong></span> <span class='ocrx_word' id='word_1_251' title='bbox 555 3617 587 3671; x_wconf 88' lang='lat' dir='ltr'><strong>et</strong></span> <span class='ocrx_word' id='word_1_252' title='bbox 610 3609 711 3671; x_wconf 89' lang='lat' dir='ltr'><strong>nostri</strong></span> <span class='ocrx_word' id='word_1_253' title='bbox 735 3608 947 3691; x_wconf 86' lang='lat' dir='ltr'><strong>coniugisque</strong></span> <span class='ocrx_word' id='word_1_254' title='bbox 968 3616 1100 3672; x_wconf 89' lang='lat' dir='ltr'><strong>nostrae</strong></span> <span class='ocrx_word' id='word_1_255' title='bbox 1122 3604 1283 3690; x_wconf 82' lang='lat' dir='ltr'><strong>Astigidis</strong></span> <span class='ocrx_word' id='word_1_256' title='bbox 1306 3617 1551 3694; x_wconf 90' lang='lat' dir='ltr'><strong>ceterorumque</strong></span> <span class='ocrx_word' id='word_1_257' title='bbox 1574 3610 1676 3674; x_wconf 88' lang='lat' dir='ltr'><strong>nostri</strong></span> <span class='ocrx_word' id='word_1_258' title='bbox 1701 3607 1824 3674; x_wconf 91' lang='lat' dir='ltr'><strong>debito-</strong></span> 
     </span>
     <span class='ocr_line' id='line_1_27' title="bbox 172 3708 1825 3796; baseline 0.001 -21"><span class='ocrx_word' id='word_1_259' title='bbox 172 3733 244 3775; x_wconf 87' lang='lat' dir='ltr'><strong>rum</strong></span> <span class='ocrx_word' id='word_1_260' title='bbox 263 3710 306 3775; x_wconf 91' lang='lat' dir='ltr'><strong>ad</strong></span> <span class='ocrx_word' id='word_1_261' title='bbox 324 3714 556 3776; x_wconf 89' lang='lat' dir='ltr'><strong>monasterium</strong></span> <span class='ocrx_word' id='word_1_262' title='bbox 580 3713 612 3774; x_wconf 92' lang='lat' dir='ltr'><strong>in</strong></span> <span class='ocrx_word' id='word_1_263' title='bbox 636 3711 710 3776; x_wconf 90' lang='lat' dir='ltr'><strong>loco</strong></span> <span class='ocrx_word' id='word_1_264' title='bbox 734 3709 856 3794; x_wconf 86' lang='lat' dir='ltr'><strong>Angeri</strong></span> <span class='ocrx_word' id='word_1_265' title='bbox 879 3719 1067 3795; x_wconf 87' lang='lat' dir='ltr'><strong>nuncupato</strong></span> <span class='ocrx_word' id='word_1_266' title='bbox 1092 3708 1133 3773; x_wconf 87' lang='lat' dir='ltr'><strong>ab</strong></span> <span class='ocrx_word' id='word_1_267' title='bbox 1157 3708 1272 3774; x_wconf 91' lang='lat' dir='ltr'><strong>eadem</strong></span> <span class='ocrx_word' id='word_1_268' title='bbox 1295 3711 1428 3776; x_wconf 91' lang='lat' dir='ltr'><strong>domina</strong></span> <span class='ocrx_word' id='word_1_269' title='bbox 1449 3721 1553 3776; x_wconf 87' lang='lat' dir='ltr'><strong>matre</strong></span> <span class='ocrx_word' id='word_1_270' title='bbox 1575 3723 1689 3776; x_wconf 91' lang='lat' dir='ltr'><strong>nostra</strong></span> <span class='ocrx_word' id='word_1_271' title='bbox 1712 3713 1825 3796; x_wconf 90' lang='lat' dir='ltr'><strong>regina</strong></span> 
     </span>
     <span class='ocr_line' id='line_1_28' title="bbox 173 3812 1824 3902; baseline 0.004 -26"><span class='ocrx_word' id='word_1_272' title='bbox 173 3815 206 3877; x_wconf 94' lang='lat' dir='ltr'><strong>in</strong></span> <span class='ocrx_word' id='word_1_273' title='bbox 233 3812 356 3878; x_wconf 91' lang='lat' dir='ltr'><strong>honore</strong></span> <span class='ocrx_word' id='word_1_274' title='bbox 386 3823 518 3878; x_wconf 89' lang='lat' dir='ltr'><strong>sanctae</strong></span> <span class='ocrx_word' id='word_1_275' title='bbox 548 3813 599 3878; x_wconf 92' lang='lat' dir='ltr'><strong>dei</strong></span> <span class='ocrx_word' id='word_1_276' title='bbox 629 3815 794 3898; x_wconf 87' lang='lat' dir='ltr'><strong>genitricis</strong></span> <span class='ocrx_word' id='word_1_277' title='bbox 823 3835 1013 3898; x_wconf 87' lang='lat' dir='ltr'><strong>semperque</strong></span> <span class='ocrx_word' id='word_1_278' title='bbox 1041 3814 1177 3897; x_wconf 87' lang='lat' dir='ltr'><strong>virginis</strong></span> <span class='ocrx_word' id='word_1_279' title='bbox 1205 3813 1330 3879; x_wconf 89' lang='lat' dir='ltr'><strong>Mariae</strong></span> <span class='ocrx_word' id='word_1_280' title='bbox 1359 3817 1528 3902; x_wconf 89' lang='lat' dir='ltr'><strong>sanctique</strong></span> <span class='ocrx_word' id='word_1_281' title='bbox 1550 3817 1717 3883; x_wconf 90' lang='lat' dir='ltr'><strong>Laurentii</strong></span> <span class='ocrx_word' id='word_1_282' title='bbox 1740 3840 1824 3883; x_wconf 89' lang='lat' dir='ltr'><strong>mar·</strong></span> 
     </span>
     <span class='ocr_line' id='line_1_29' title="bbox 173 3917 1824 4005; baseline 0.003 -25"><span class='ocrx_word' id='word_1_283' title='bbox 173 3918 243 3980; x_wconf 88' lang='lat' dir='ltr'><strong>tiris</strong></span> <span class='ocrx_word' id='word_1_284' title='bbox 265 3927 487 3982; x_wconf 89' lang='lat' dir='ltr'><strong>constructum</strong></span> <span class='ocrx_word' id='word_1_285' title='bbox 510 3917 703 3982; x_wconf 88' lang='lat' dir='ltr'><strong>tradidimus</strong></span> <span class='ocrx_word' id='word_1_286' title='bbox 726 3921 959 4004; x_wconf 89' lang='lat' dir='ltr'><strong>proprietatem</strong></span> <span class='ocrx_word' id='word_1_287' title='bbox 978 3941 998 3982; x_wconf 92' lang='lat' dir='ltr'><strong>a</strong></span> <span class='ocrx_word' id='word_1_288' title='bbox 1016 3917 1184 3983; x_wconf 88' lang='lat' dir='ltr'><strong>Dicterico</strong></span> <span class='ocrx_word' id='word_1_289' title='bbox 1207 3917 1303 3983; x_wconf 89' lang='lat' dir='ltr'><strong>nobis</strong></span> <span class='ocrx_word' id='word_1_290' title='bbox 1327 3919 1437 3984; x_wconf 89' lang='lat' dir='ltr'><strong>datam</strong></span> <span class='ocrx_word' id='word_1_291' title='bbox 1460 3942 1557 4005; x_wconf 91' lang='lat' dir='ltr'><strong>quam</strong></span> <span class='ocrx_word' id='word_1_292' title='bbox 1580 3918 1667 3984; x_wconf 91' lang='lat' dir='ltr'><strong>idem</strong></span> <span class='ocrx_word' id='word_1_293' title='bbox 1689 3930 1824 3985; x_wconf 90' lang='lat' dir='ltr'><strong>eatenus</strong></span> 
     </span>
     <span class='ocr_line' id='line_1_30' title="bbox 172 4022 1824 4109; baseline 0.002 -23"><span class='ocrx_word' id='word_1_294' title='bbox 172 4022 287 4089; x_wconf 90' lang='lat' dir='ltr'><strong>habuit</strong></span> <span class='ocrx_word' id='word_1_295' title='bbox 313 4024 347 4087; x_wconf 94' lang='lat' dir='ltr'><strong>in</strong></span> <span class='ocrx_word' id='word_1_296' title='bbox 374 4023 456 4088; x_wconf 89' lang='lat' dir='ltr'><strong>locis</strong></span> <span class='ocrx_word' id='word_1_297' title='bbox 487 4023 684 4087; x_wconf 87' lang='lat' dir='ltr'><strong>subnotatis:</strong></span> <span class='ocrx_word' id='word_1_298' title='bbox 719 4025 753 4087; x_wconf 90' lang='lat' dir='ltr'><strong>in</strong></span> <span class='ocrx_word' id='word_1_299' title='bbox 775 4022 943 4109; x_wconf 85' lang='lat' dir='ltr'><strong>Selispura</strong></span> <span class='ocrx_word' id='word_1_300' title='bbox 966 4041 988 4086; x_wconf 92' lang='lat' dir='ltr'><strong>v</strong></span> <span class='ocrx_word' id='word_1_301' title='bbox 1010 4023 1152 4088; x_wconf 86' lang='lat' dir='ltr'><strong>familias</strong></span> <span class='ocrx_word' id='word_1_302' title='bbox 1176 4032 1208 4087; x_wconf 91' lang='lat' dir='ltr'><strong>et</strong></span> <span class='ocrx_word' id='word_1_303' title='bbox 1229 4024 1264 4086; x_wconf 93' lang='lat' dir='ltr'><strong>in</strong></span> <span class='ocrx_word' id='word_1_304' title='bbox 1284 4023 1394 4088; x_wconf 88' lang='lat' dir='ltr'><strong>Barac</strong></span> <span class='ocrx_word' id='word_1_305' title='bbox 1419 4040 1426 4083; x_wconf 82' lang='grc' dir='ltr'>ι</span> <span class='ocrx_word' id='word_1_306' title='bbox 1451 4022 1608 4088; x_wconf 90' lang='lat' dir='ltr'><strong>familiam</strong></span> <span class='ocrx_word' id='word_1_307' title='bbox 1631 4035 1663 4088; x_wconf 90' lang='lat' dir='ltr'><strong>et</strong></span> <span class='ocrx_word' id='word_1_308' title='bbox 1686 4027 1719 4088; x_wconf 93' lang='lat' dir='ltr'><strong>in</strong></span> <span class='ocrx_word' id='word_1_309' title='bbox 1742 4023 1824 4090; x_wconf 90' lang='lat' dir='ltr'><strong>Oete</strong></span> 
     </span>
    </p>

    <p class='ocr_par' dir='ltr' id='par_1_14' title="bbox 123 4125 1825 4627">
     <span class='ocr_line' id='line_1_31' title="bbox 123 4125 1824 4208; baseline 0.003 -19"><span class='ocrx_word' id='word_1_310' title='bbox 123 4143 156 4190; x_wconf 82' lang='lat'><strong>30</strong></span> <span class='ocrx_word' id='word_1_311' title='bbox 173 4142 188 4189; x_wconf 95' lang='lat'><em>1</em></span> <span class='ocrx_word' id='word_1_312' title='bbox 208 4126 367 4191; x_wconf 87' lang='lat' dir='ltr'><strong>familiam</strong></span> <span class='ocrx_word' id='word_1_313' title='bbox 390 4136 422 4191; x_wconf 89' lang='lat' dir='ltr'><strong>et</strong></span> <span class='ocrx_word' id='word_1_314' title='bbox 444 4126 566 4191; x_wconf 87' lang='lat' dir='ltr'><strong>Lutten</strong></span> <span class='ocrx_word' id='word_1_315' title='bbox 587 4143 602 4190; x_wconf 95' lang='lat'><em>1</em></span> <span class='ocrx_word' id='word_1_316' title='bbox 622 4125 797 4208; x_wconf 90' lang='lat' dir='ltr'><strong>familiam,</strong></span> <span class='ocrx_word' id='word_1_317' title='bbox 830 4128 864 4190; x_wconf 90' lang='lat' dir='ltr'><strong>in</strong></span> <span class='ocrx_word' id='word_1_318' title='bbox 891 4125 1036 4192; x_wconf 90' lang='lat' dir='ltr'><strong>Dulinne</strong></span> <span class='ocrx_word' id='word_1_319' title='bbox 1064 4127 1162 4190; x_wconf 91' lang='lat' dir='ltr'><strong>etiam</strong></span> <span class='ocrx_word' id='word_1_320' title='bbox 1185 4143 1211 4190; x_wconf 91' lang='lat'><strong>11</strong></span> <span class='ocrx_word' id='word_1_321' title='bbox 1233 4126 1375 4192; x_wconf 91' lang='lat' dir='ltr'><strong>familias</strong></span> <span class='ocrx_word' id='word_1_322' title='bbox 1398 4137 1430 4191; x_wconf 90' lang='lat' dir='ltr'><strong>et</strong></span> <span class='ocrx_word' id='word_1_323' title='bbox 1458 4130 1493 4192; x_wconf 92' lang='lat' dir='ltr'><strong>in</strong></span> <span class='ocrx_word' id='word_1_324' title='bbox 1515 4127 1674 4192; x_wconf 91' lang='lat' dir='ltr'><strong>Halahtre</strong></span> <span class='ocrx_word' id='word_1_325' title='bbox 1697 4146 1711 4192; x_wconf 93' lang='lat'><em>1</em></span> <span class='ocrx_word' id='word_1_326' title='bbox 1733 4129 1824 4194; x_wconf 91' lang='lat' dir='ltr'><strong>fami-</strong></span> 
     </span>
     <span class='ocr_line' id='line_1_32' title="bbox 172 4228 1825 4316; baseline 0.001 -22"><span class='ocrx_word' id='word_1_327' title='bbox 172 4228 265 4314; x_wconf 88' lang='lat' dir='ltr'><strong>liam,</strong></span> <span class='ocrx_word' id='word_1_328' title='bbox 300 4232 334 4294; x_wconf 93' lang='lat' dir='ltr'><strong>in</strong></span> <span class='ocrx_word' id='word_1_329' title='bbox 358 4229 463 4295; x_wconf 83' lang='lat' dir='ltr'><strong>Garta</strong></span> <span class='ocrx_word' id='word_1_330' title='bbox 485 4249 498 4294; x_wconf 90' lang='lat'>1</span> <span class='ocrx_word' id='word_1_331' title='bbox 520 4229 695 4312; x_wconf 85' lang='lat' dir='ltr'><strong>familiam,</strong></span> <span class='ocrx_word' id='word_1_332' title='bbox 729 4232 764 4295; x_wconf 89' lang='lat' dir='ltr'><strong>iu</strong></span> <span class='ocrx_word' id='word_1_333' title='bbox 786 4229 978 4316; x_wconf 86' lang='lat' dir='ltr'><strong>Emphstete</strong></span> <span class='ocrx_word' id='word_1_334' title='bbox 1001 4247 1014 4292; x_wconf 91' lang='lat'>1</span> <span class='ocrx_word' id='word_1_335' title='bbox 1036 4230 1212 4314; x_wconf 89' lang='lat' dir='ltr'><strong>familiam,</strong></span> <span class='ocrx_word' id='word_1_336' title='bbox 1247 4233 1280 4294; x_wconf 93' lang='lat' dir='ltr'><strong>in</strong></span> <span class='ocrx_word' id='word_1_337' title='bbox 1308 4231 1510 4296; x_wconf 88' lang='lat' dir='ltr'><strong>Tettenbura</strong></span> <span class='ocrx_word' id='word_1_338' title='bbox 1539 4249 1551 4294; x_wconf 92' lang='lat'>1</span> <span class='ocrx_word' id='word_1_339' title='bbox 1581 4231 1756 4314; x_wconf 87' lang='lat' dir='ltr'><strong>familiam,</strong></span> <span class='ocrx_word' id='word_1_340' title='bbox 1792 4233 1825 4297; x_wconf 94' lang='lat' dir='ltr'><strong>in</strong></span> 
     </span>
     <span class='ocr_line' id='line_1_33' title="bbox 172 4333 1825 4420; baseline 0.002 -22"><span class='ocrx_word' id='word_1_341' title='bbox 172 4333 377 4399; x_wconf 88' lang='lat' dir='ltr'><strong>Driontheim</strong></span> <span class='ocrx_word' id='word_1_342' title='bbox 400 4351 413 4398; x_wconf 95' lang='lat'>1</span> <span class='ocrx_word' id='word_1_343' title='bbox 436 4334 592 4398; x_wconf 85' lang='lat' dir='ltr'><strong>familiam</strong></span> <span class='ocrx_word' id='word_1_344' title='bbox 616 4336 650 4398; x_wconf 95' lang='lat' dir='ltr'><strong>in</strong></span> <span class='ocrx_word' id='word_1_345' title='bbox 672 4355 757 4420; x_wconf 91' lang='lat' dir='ltr'><strong>pago</strong></span> <span class='ocrx_word' id='word_1_346' title='bbox 776 4335 858 4398; x_wconf 89' lang='lat' dir='ltr'><strong>Lere</strong></span> <span class='ocrx_word' id='word_1_347' title='bbox 880 4336 914 4397; x_wconf 93' lang='lat' dir='ltr'><strong>in</strong></span> <span class='ocrx_word' id='word_1_348' title='bbox 938 4335 1095 4398; x_wconf 90' lang='lat' dir='ltr'><strong>comitatu</strong></span> <span class='ocrx_word' id='word_1_349' title='bbox 1111 4333 1256 4399; x_wconf 88' lang='lat' dir='ltr'><strong>Heinrici</strong></span> <span class='ocrx_word' id='word_1_350' title='bbox 1279 4337 1419 4418; x_wconf 81' lang='lat' dir='ltr'><strong>comitis,</strong></span> <span class='ocrx_word' id='word_1_351' title='bbox 1442 4338 1475 4400; x_wconf 93' lang='lat' dir='ltr'><strong>in</strong></span> <span class='ocrx_word' id='word_1_352' title='bbox 1491 4357 1577 4420; x_wconf 89' lang='lat' dir='ltr'><strong>pago</strong></span> <span class='ocrx_word' id='word_1_353' title='bbox 1595 4345 1702 4400; x_wconf 89' lang='lat' dir='ltr'><strong>autem</strong></span> <span class='ocrx_word' id='word_1_354' title='bbox 1718 4336 1825 4401; x_wconf 90' lang='lat' dir='ltr'><strong>Hasa-</strong></span> 
     </span>
     <span class='ocr_line' id='line_1_34' title="bbox 173 4437 1823 4526; baseline 0.001 -23"><span class='ocrx_word' id='word_1_355' title='bbox 173 4459 279 4521; x_wconf 83' lang='lat' dir='ltr'><strong>gevae</strong></span> <span class='ocrx_word' id='word_1_356' title='bbox 301 4441 336 4502; x_wconf 94' lang='lat' dir='ltr'><strong>in</strong></span> <span class='ocrx_word' id='word_1_357' title='bbox 356 4440 514 4503; x_wconf 90' lang='lat' dir='ltr'><strong>comitatu</strong></span> <span class='ocrx_word' id='word_1_358' title='bbox 537 4438 671 4504; x_wconf 89' lang='lat' dir='ltr'><strong>Livtolfi</strong></span> <span class='ocrx_word' id='word_1_359' title='bbox 694 4441 728 4502; x_wconf 92' lang='lat' dir='ltr'><strong>in</strong></span> <span class='ocrx_word' id='word_1_360' title='bbox 750 4437 887 4504; x_wconf 86' lang='lat' dir='ltr'><strong>Armike</strong></span> <span class='ocrx_word' id='word_1_361' title='bbox 909 4456 923 4501; x_wconf 92' lang='lat'>1</span> <span class='ocrx_word' id='word_1_362' title='bbox 945 4437 1120 4521; x_wconf 90' lang='lat' dir='ltr'><strong>familiam,</strong></span> <span class='ocrx_word' id='word_1_363' title='bbox 1154 4440 1188 4503; x_wconf 93' lang='lat' dir='ltr'><strong>in</strong></span> <span class='ocrx_word' id='word_1_364' title='bbox 1210 4438 1392 4523; x_wconf 69' lang='lat' dir='ltr'><strong>&#39;Ivngheim</strong></span> <span class='ocrx_word' id='word_1_365' title='bbox 1414 4456 1427 4501; x_wconf 91' lang='lat'>1</span> <span class='ocrx_word' id='word_1_366' title='bbox 1449 4439 1606 4505; x_wconf 90' lang='lat' dir='ltr'><strong>familiam</strong></span> <span class='ocrx_word' id='word_1_367' title='bbox 1618 4449 1639 4522; x_wconf 78' lang='lat'><strong>⁰,</strong></span> <span class='ocrx_word' id='word_1_368' title='bbox 1673 4441 1708 4503; x_wconf 94' lang='lat' dir='ltr'><strong>in</strong></span> <span class='ocrx_word' id='word_1_369' title='bbox 1737 4461 1823 4526; x_wconf 89' lang='lat' dir='ltr'><strong>pago</strong></span> 
     </span>
     <span class='ocr_line' id='line_1_35' title="bbox 172 4539 1824 4627; baseline 0.001 -22"><span class='ocrx_word' id='word_1_370' title='bbox 172 4539 354 4626; x_wconf 86' lang='lat' dir='ltr'><strong>Agartinga</strong></span> <span class='ocrx_word' id='word_1_371' title='bbox 379 4545 414 4608; x_wconf 95' lang='lat' dir='ltr'><strong>in</strong></span> <span class='ocrx_word' id='word_1_372' title='bbox 436 4544 593 4608; x_wconf 88' lang='lat' dir='ltr'><strong>comitatu</strong></span> <span class='ocrx_word' id='word_1_373' title='bbox 616 4539 794 4627; x_wconf 57' lang='lat' dir='ltr'><strong>sigiberti*</strong></span> <span class='ocrx_word' id='word_1_374' title='bbox 822 4545 856 4607; x_wconf 93' lang='lat' dir='ltr'><strong>in</strong></span> <span class='ocrx_word' id='word_1_375' title='bbox 877 4542 1002 4608; x_wconf 89' lang='lat' dir='ltr'><strong>Vuercs</strong></span> <span class='ocrx_word' id='word_1_376' title='bbox 1025 4561 1052 4606; x_wconf 90' lang='lat'><strong>11</strong></span> <span class='ocrx_word' id='word_1_377' title='bbox 1074 4542 1231 4624; x_wconf 87' lang='lat' dir='ltr'><strong>familias,</strong></span> <span class='ocrx_word' id='word_1_378' title='bbox 1265 4543 1300 4605; x_wconf 92' lang='lat' dir='ltr'><strong>in</strong></span> <span class='ocrx_word' id='word_1_379' title='bbox 1322 4541 1526 4607; x_wconf 88' lang='lat' dir='ltr'><strong>Vuestereim</strong></span> <span class='ocrx_word' id='word_1_380' title='bbox 1550 4560 1562 4605; x_wconf 96' lang='lat'><em>1</em></span> <span class='ocrx_word' id='word_1_381' title='bbox 1583 4543 1757 4626; x_wconf 86' lang='lat' dir='ltr'><strong>familiam,</strong></span> <span class='ocrx_word' id='word_1_382' title='bbox 1791 4546 1824 4607; x_wconf 93' lang='lat' dir='ltr'><strong>in</strong></span> 
     </span>
    </p>

    <p class='ocr_par' dir='ltr' id='par_1_15' title="bbox 122 4645 1825 5042">
     <span class='ocr_line' id='line_1_36' title="bbox 122 4645 1825 4731; baseline 0.002 -25"><span class='ocrx_word' id='word_1_383' title='bbox 122 4658 154 4706; x_wconf 79' lang='lat' dir='ltr'><strong>aa</strong></span> <span class='ocrx_word' id='word_1_384' title='bbox 174 4645 361 4711; x_wconf 80' lang='lat' dir='ltr'><strong>Holnidde⁰</strong></span> <span class='ocrx_word' id='word_1_385' title='bbox 390 4663 403 4710; x_wconf 94' lang='lat'>1</span> <span class='ocrx_word' id='word_1_386' title='bbox 424 4646 600 4729; x_wconf 84' lang='lat' dir='ltr'><strong>familiam,</strong></span> <span class='ocrx_word' id='word_1_387' title='bbox 635 4648 669 4710; x_wconf 93' lang='lat' dir='ltr'><strong>in</strong></span> <span class='ocrx_word' id='word_1_388' title='bbox 692 4645 847 4731; x_wconf 87' lang='lat' dir='ltr'><strong>Anarupe</strong></span> <span class='ocrx_word' id='word_1_389' title='bbox 873 4664 887 4710; x_wconf 92' lang='lat'>1</span> <span class='ocrx_word' id='word_1_390' title='bbox 909 4646 1083 4730; x_wconf 89' lang='lat' dir='ltr'><strong>familiam,</strong></span> <span class='ocrx_word' id='word_1_391' title='bbox 1118 4648 1151 4711; x_wconf 93' lang='lat' dir='ltr'><strong>in</strong></span> <span class='ocrx_word' id='word_1_392' title='bbox 1174 4645 1367 4731; x_wconf 88' lang='lat' dir='ltr'><strong>Laasdorpe</strong></span> <span class='ocrx_word' id='word_1_393' title='bbox 1396 4662 1409 4709; x_wconf 95' lang='lat'>1</span> <span class='ocrx_word' id='word_1_394' title='bbox 1430 4645 1590 4711; x_wconf 91' lang='lat' dir='ltr'><strong>familiam</strong></span> <span class='ocrx_word' id='word_1_395' title='bbox 1601 4645 1619 4728; x_wconf 72' lang='lat'><strong>¹,</strong></span> <span class='ocrx_word' id='word_1_396' title='bbox 1654 4649 1687 4710; x_wconf 94' lang='lat' dir='ltr'><strong>in</strong></span> <span class='ocrx_word' id='word_1_397' title='bbox 1710 4647 1825 4711; x_wconf 83' lang='lat' dir='ltr'><strong>Tarse-</strong></span> 
     </span>
     <span class='ocr_line' id='line_1_37' title="bbox 171 4747 1824 4837; baseline 0.002 -25"><span class='ocrx_word' id='word_1_398' title='bbox 171 4747 289 4830; x_wconf 85' lang='lat' dir='ltr'><strong>burhc,</strong></span> <span class='ocrx_word' id='word_1_399' title='bbox 324 4749 358 4813; x_wconf 92' lang='lat' dir='ltr'><strong>in</strong></span> <span class='ocrx_word' id='word_1_400' title='bbox 381 4747 548 4831; x_wconf 87' lang='lat' dir='ltr'><strong>Ammere,</strong></span> <span class='ocrx_word' id='word_1_401' title='bbox 582 4751 617 4814; x_wconf 94' lang='lat' dir='ltr'><strong>in</strong></span> <span class='ocrx_word' id='word_1_402' title='bbox 639 4748 689 4812; x_wconf 90' lang='lat' dir='ltr'><strong>his</strong></span> <span class='ocrx_word' id='word_1_403' title='bbox 712 4759 745 4813; x_wconf 90' lang='lat' dir='ltr'><strong>et</strong></span> <span class='ocrx_word' id='word_1_404' title='bbox 767 4750 1023 4835; x_wconf 87' lang='lat' dir='ltr'><strong>praenominatis</strong></span> <span class='ocrx_word' id='word_1_405' title='bbox 1046 4751 1140 4835; x_wconf 87' lang='lat' dir='ltr'><strong>pagis</strong></span> <span class='ocrx_word' id='word_1_406' title='bbox 1164 4748 1321 4837; x_wconf 90' lang='lat' dir='ltr'><strong>quicquid</strong></span> <span class='ocrx_word' id='word_1_407' title='bbox 1349 4749 1434 4814; x_wconf 91' lang='lat' dir='ltr'><strong>idem</strong></span> <span class='ocrx_word' id='word_1_408' title='bbox 1463 4771 1537 4814; x_wconf 87' lang='lat' dir='ltr'><strong>eum</strong></span> <span class='ocrx_word' id='word_1_409' title='bbox 1562 4749 1711 4814; x_wconf 90' lang='lat' dir='ltr'><strong>omnibus</strong></span> <span class='ocrx_word' id='word_1_410' title='bbox 1733 4750 1824 4816; x_wconf 90' lang='lat' dir='ltr'><strong>adia-</strong></span> 
     </span>
     <span class='ocr_line' id='line_1_38' title="bbox 172 4853 1825 4938; baseline 0.002 -23"><span class='ocrx_word' id='word_1_411' title='bbox 172 4854 288 4916; x_wconf 91' lang='lat' dir='ltr'><strong>centiis</strong></span> <span class='ocrx_word' id='word_1_412' title='bbox 306 4854 383 4917; x_wconf 90' lang='lat' dir='ltr'><strong>suis.</strong></span> <span class='ocrx_word' id='word_1_413' title='bbox 418 4853 576 4918; x_wconf 90' lang='lat' dir='ltr'><strong>Iussimus</strong></span> <span class='ocrx_word' id='word_1_414' title='bbox 601 4874 729 4938; x_wconf 87' lang='lat' dir='ltr'><strong>quoque</strong></span> <span class='ocrx_word' id='word_1_415' title='bbox 752 4853 814 4918; x_wconf 92' lang='lat' dir='ltr'><strong>hoc</strong></span> <span class='ocrx_word' id='word_1_416' title='bbox 838 4875 993 4938; x_wconf 90' lang='lat' dir='ltr'><strong>praesens</strong></span> <span class='ocrx_word' id='word_1_417' title='bbox 1016 4862 1228 4938; x_wconf 90' lang='lat' dir='ltr'><strong>praeceptum</strong></span> <span class='ocrx_word' id='word_1_418' title='bbox 1250 4853 1412 4918; x_wconf 89' lang='lat' dir='ltr'><strong>conscribi</strong></span> <span class='ocrx_word' id='word_1_419' title='bbox 1436 4863 1561 4919; x_wconf 69' lang='lat' dir='ltr'><strong>manu⁸</strong></span> <span class='ocrx_word' id='word_1_420' title='bbox 1582 4863 1695 4918; x_wconf 89' lang='lat' dir='ltr'><strong>nostra</strong></span> <span class='ocrx_word' id='word_1_421' title='bbox 1717 4854 1825 4920; x_wconf 88' lang='lat' dir='ltr'><strong>firma·</strong></span> 
     </span>
     <span class='ocr_line' id='line_1_39' title="bbox 171 4955 783 5042; baseline 0.002 -21"><span class='ocrx_word' id='word_1_422' title='bbox 171 4965 241 5021; x_wconf 92' lang='lat' dir='ltr'><strong>tum</strong></span> <span class='ocrx_word' id='word_1_423' title='bbox 263 4955 426 5042; x_wconf 92' lang='lat' dir='ltr'><strong>anuloque</strong></span> <span class='ocrx_word' id='word_1_424' title='bbox 447 4966 560 5020; x_wconf 91' lang='lat' dir='ltr'><strong>nostro</strong></span> <span class='ocrx_word' id='word_1_425' title='bbox 582 4955 783 5022; x_wconf 89' lang='lat' dir='ltr'><strong>roboratum.</strong></span> 
     </span>
    </p>
   </div>
   <div class='ocr_carea' id='block_1_13' title="bbox 119 5093 1826 5284">
    <p class='ocr_par' dir='ltr' id='par_1_16' title="bbox 119 5093 1826 5284">
     <span class='ocr_line' id='line_1_40' title="bbox 273 5093 1226 5180; baseline -0.002 -20"><span class='ocrx_word' id='word_1_426' title='bbox 273 5093 287 5176; x_wconf 66' lang='grc' dir='ltr'>ξ</span> <span class='ocrx_word' id='word_1_427' title='bbox 309 5093 446 5179; x_wconf 91' lang='lat' dir='ltr'><strong>Signum</strong></span> <span class='ocrx_word' id='word_1_428' title='bbox 469 5095 578 5160; x_wconf 91' lang='lat' dir='ltr'><strong>domni</strong></span> <span class='ocrx_word' id='word_1_429' title='bbox 603 5093 733 5160; x_wconf 90' lang='lat' dir='ltr'><strong>Ottonis</strong></span> <span class='ocrx_word' id='word_1_430' title='bbox 759 5095 849 5175; x_wconf 72' lang='lat' dir='ltr'><strong>(MP.)</strong></span> <span class='ocrx_word' id='word_1_431' title='bbox 875 5096 1071 5159; x_wconf 90' lang='lat' dir='ltr'><strong>serenissimi</strong></span> <span class='ocrx_word' id='word_1_432' title='bbox 1094 5097 1189 5180; x_wconf 87' lang='lat' dir='ltr'><strong>regis.</strong></span> <span class='ocrx_word' id='word_1_433' title='bbox 1212 5095 1226 5177; x_wconf 69' lang='grc' dir='ltr'><strong>ξ)</strong></span> 
     </span>
     <span class='ocr_line' id='line_1_41' title="bbox 119 5196 1826 5284; baseline 0 -20"><span class='ocrx_word' id='word_1_434' title='bbox 119 5229 153 5277; x_wconf 83' lang='lat'><strong>40</strong></span> <span class='ocrx_word' id='word_1_435' title='bbox 272 5196 286 5277; x_wconf 61' lang='lat' dir='ltr'><strong>l</strong></span> <span class='ocrx_word' id='word_1_436' title='bbox 307 5198 399 5264; x_wconf 92' lang='lat' dir='ltr'><strong>Brun</strong></span> <span class='ocrx_word' id='word_1_437' title='bbox 414 5198 629 5264; x_wconf 89' lang='lat' dir='ltr'><strong>cancellarius</strong></span> <span class='ocrx_word' id='word_1_438' title='bbox 645 5198 794 5263; x_wconf 87' lang='lat' dir='ltr'><strong>advicem</strong></span> <span class='ocrx_word' id='word_1_439' title='bbox 809 5198 972 5262; x_wconf 88' lang='lat' dir='ltr'><strong>Friduriei</strong></span> <span class='ocrx_word' id='word_1_440' title='bbox 992 5197 1250 5284; x_wconf 66' lang='lat' dir='ltr'><strong>archicpellanil</strong></span> <span class='ocrx_word' id='word_1_441' title='bbox 1272 5201 1460 5282; x_wconf 91' lang='lat' dir='ltr'><strong>recognovi.</strong></span> <span class='ocrx_word' id='word_1_442' title='bbox 1483 5197 1497 5278; x_wconf 69' lang='grc' dir='ltr'><strong><em>Ε</em></strong></span> <span class='ocrx_word' id='word_1_443' title='bbox 1521 5202 1591 5280; x_wconf 84' lang='lat' dir='ltr'><strong>(SR.</strong></span> <span class='ocrx_word' id='word_1_444' title='bbox 1606 5201 1682 5281; x_wconf 87' lang='lat' dir='ltr'><strong>NN.)</strong></span> <span class='ocrx_word' id='word_1_445' title='bbox 1707 5201 1765 5283; x_wconf 86' lang='lat' dir='ltr'><strong>(SI.</strong></span> <span class='ocrx_word' id='word_1_446' title='bbox 1785 5202 1826 5282; x_wconf 92' lang='lat'><strong>1.)</strong></span> 
     </span>
    </p>
   </div>
   <div class='ocr_carea' id='block_1_14' title="bbox 273 5368 1215 5440">
    <p class='ocr_par' dir='ltr' id='par_1_17' title="bbox 273 5368 1215 5440">
     <span class='ocr_line' id='line_1_42' title="bbox 273 5368 1215 5440; baseline -0.002 -16"><span class='ocrx_word' id='word_1_447' title='bbox 273 5368 315 5424; x_wconf 72' lang='lat'><strong>⁸⁰.</strong></span> <span class='ocrx_word' id='word_1_448' title='bbox 344 5373 396 5428; x_wconf 69' lang='lat' dir='ltr'><strong>itt</strong></span> <span class='ocrx_word' id='word_1_449' title='bbox 421 5387 487 5423; x_wconf 82' lang='lat' dir='ltr'><strong>corr.</strong></span> <span class='ocrx_word' id='word_1_450' title='bbox 509 5387 558 5422; x_wconf 76' lang='lat' dir='ltr'><strong>aru</strong></span> <span class='ocrx_word' id='word_1_451' title='bbox 581 5389 596 5422; x_wconf 89' lang='lat' dir='ltr'><strong>c</strong></span> <span class='ocrx_word' id='word_1_452' title='bbox 699 5375 727 5440; x_wconf 80' lang='lat' dir='ltr'><strong>g)</strong></span> <span class='ocrx_word' id='word_1_453' title='bbox 746 5372 794 5423; x_wconf 81' lang='lat' dir='ltr'><strong>dcr</strong></span> <span class='ocrx_word' id='word_1_454' title='bbox 811 5377 875 5422; x_wconf 67' lang='grc' dir='ltr'><strong>Μία</strong></span> <span class='ocrx_word' id='word_1_455' title='bbox 893 5370 1040 5422; x_wconf 77' lang='lat' dir='ltr'><strong>Bachotaba</strong></span> <span class='ocrx_word' id='word_1_456' title='bbox 1056 5369 1109 5434; x_wconf 79' lang='lat' dir='ltr'><strong>aas</strong></span> <span class='ocrx_word' id='word_1_457' title='bbox 1119 5371 1215 5423; x_wconf 68' lang='lat' dir='ltr'><strong>aem.</strong></span> 
     </span>
    </p>
   </div>
   <div class='ocr_carea' id='block_1_15' title="bbox 118 5454 1826 5803">
    <p class='ocr_par' dir='ltr' id='par_1_18' title="bbox 272 5454 1825 5526">
     <span class='ocr_line' id='line_1_43' title="bbox 272 5454 1825 5526; baseline 0.001 -17"><span class='ocrx_word' id='word_1_458' title='bbox 272 5454 314 5509; x_wconf 79' lang='lat' dir='ltr'><strong>tl.</strong></span> <span class='ocrx_word' id='word_1_459' title='bbox 343 5455 450 5525; x_wconf 83' lang='lat' dir='ltr'><strong>[Sicksl]</strong></span> <span class='ocrx_word' id='word_1_460' title='bbox 537 5461 563 5519; x_wconf 82' lang='lat' dir='ltr'><strong>a)</strong></span> <span class='ocrx_word' id='word_1_461' title='bbox 583 5474 648 5509; x_wconf 76' lang='lat' dir='ltr'><strong>corr.</strong></span> <span class='ocrx_word' id='word_1_462' title='bbox 667 5475 715 5509; x_wconf 74' lang='lat' dir='ltr'><strong>aar</strong></span> <span class='ocrx_word' id='word_1_463' title='bbox 738 5459 877 5510; x_wconf 86' lang='lat' dir='ltr'><strong>liberalitis</strong></span> <span class='ocrx_word' id='word_1_464' title='bbox 958 5460 986 5520; x_wconf 90' lang='lat' dir='ltr'><strong>b)</strong></span> <span class='ocrx_word' id='word_1_465' title='bbox 1006 5456 1029 5509; x_wconf 79' lang='lat' dir='ltr'><strong><em>A</em></strong></span> <span class='ocrx_word' id='word_1_466' title='bbox 1111 5461 1135 5522; x_wconf 91' lang='lat' dir='ltr'><strong>c)</strong></span> <span class='ocrx_word' id='word_1_467' title='bbox 1154 5461 1183 5510; x_wconf 89' lang='lat' dir='ltr'><strong>in</strong></span> <span class='ocrx_word' id='word_1_468' title='bbox 1201 5460 1279 5526; x_wconf 74' lang='lat' dir='ltr'><strong>&#39;l&#39;vng</strong></span> <span class='ocrx_word' id='word_1_469' title='bbox 1296 5460 1329 5510; x_wconf 76' lang='lat' dir='ltr'><strong>iet</strong></span> <span class='ocrx_word' id='word_1_470' title='bbox 1346 5475 1397 5512; x_wconf 79' lang='lat' dir='ltr'><strong>oon</strong></span> <span class='ocrx_word' id='word_1_471' title='bbox 1413 5458 1477 5512; x_wconf 89' lang='lat' dir='ltr'><strong>BD.</strong></span> <span class='ocrx_word' id='word_1_472' title='bbox 1494 5473 1538 5510; x_wconf 75' lang='lat' dir='ltr'><strong>aaa</strong></span> <span class='ocrx_word' id='word_1_473' title='bbox 1549 5459 1625 5512; x_wconf 67' lang='lat' dir='ltr'><strong>mas</strong></span> <span class='ocrx_word' id='word_1_474' title='bbox 1642 5460 1691 5512; x_wconf 80' lang='lat' dir='ltr'><strong>der</strong></span> <span class='ocrx_word' id='word_1_475' title='bbox 1708 5463 1734 5512; x_wconf 82' lang='grc'><strong>6.</strong></span> <span class='ocrx_word' id='word_1_476' title='bbox 1746 5459 1825 5523; x_wconf 73' lang='lat' dir='ltr'><strong>Zeila,</strong></span> 
     </span>
    </p>

    <p class='ocr_par' dir='ltr' id='par_1_19' title="bbox 341 5525 1826 5596">
     <span class='ocr_line' id='line_1_44' title="bbox 341 5525 1826 5596; baseline 0.002 -18"><span class='ocrx_word' id='word_1_477' title='bbox 341 5527 388 5578; x_wconf 79' lang='lat' dir='ltr'><strong>dar</strong></span> <span class='ocrx_word' id='word_1_478' title='bbox 406 5525 468 5577; x_wconf 75' lang='lat' dir='ltr'><strong>Raet</strong></span> <span class='ocrx_word' id='word_1_479' title='bbox 484 5543 532 5577; x_wconf 79' lang='lat' dir='ltr'><strong>cor</strong></span> <span class='ocrx_word' id='word_1_480' title='bbox 548 5525 653 5592; x_wconf 74' lang='lat' dir='ltr'><strong>Arasonq</strong></span> <span class='ocrx_word' id='word_1_481' title='bbox 670 5528 718 5578; x_wconf 77' lang='lat' dir='ltr'><strong>der</strong></span> <span class='ocrx_word' id='word_1_482' title='bbox 735 5533 759 5579; x_wconf 83' lang='lat'><strong>6.</strong></span> <span class='ocrx_word' id='word_1_483' title='bbox 778 5528 848 5578; x_wconf 80' lang='lat' dir='ltr'><strong>Zeila</strong></span> <span class='ocrx_word' id='word_1_484' title='bbox 864 5526 1052 5593; x_wconf 68' lang='lat' dir='ltr'><strong>mcquoqan</strong></span> <span class='ocrx_word' id='word_1_485' title='bbox 1142 5529 1170 5590; x_wconf 90' lang='lat' dir='ltr'><strong>d)</strong></span> <span class='ocrx_word' id='word_1_486' title='bbox 1187 5527 1316 5582; x_wconf 71' lang='lat' dir='ltr'><strong>causale</strong></span> <span class='ocrx_word' id='word_1_487' title='bbox 1338 5529 1526 5596; x_wconf 68' lang='lat' dir='ltr'><strong>wquuqen</strong></span> <span class='ocrx_word' id='word_1_488' title='bbox 1624 5531 1648 5589; x_wconf 86' lang='lat' dir='ltr'><strong>s)</strong></span> <span class='ocrx_word' id='word_1_489' title='bbox 1668 5531 1731 5581; x_wconf 76' lang='lat' dir='ltr'><strong>iiber</strong></span> <span class='ocrx_word' id='word_1_490' title='bbox 1749 5547 1764 5581; x_wconf 91' lang='lat' dir='ltr'><strong>o</strong></span> <span class='ocrx_word' id='word_1_491' title='bbox 1783 5531 1826 5580; x_wconf 76' lang='lat' dir='ltr'><strong>cira</strong></span> 
     </span>
    </p>

    <p class='ocr_par' dir='ltr' id='par_1_20' title="bbox 342 5594 1825 5663">
     <span class='ocr_line' id='line_1_45' title="bbox 342 5594 1825 5663; baseline -0.001 -15"><span class='ocrx_word' id='word_1_492' title='bbox 342 5594 436 5660; x_wconf 76' lang='lat' dir='ltr'><strong>Scitoft</strong></span> <span class='ocrx_word' id='word_1_493' title='bbox 459 5610 488 5644; x_wconf 78' lang='lat' dir='ltr'><strong>ro</strong></span> <span class='ocrx_word' id='word_1_494' title='bbox 508 5595 570 5646; x_wconf 80' lang='lat' dir='ltr'><strong>dau</strong></span> <span class='ocrx_word' id='word_1_495' title='bbox 586 5597 725 5662; x_wconf 75' lang='lat' dir='ltr'><strong>miiylicber</strong></span> <span class='ocrx_word' id='word_1_496' title='bbox 744 5597 824 5648; x_wconf 75' lang='lat' dir='ltr'><strong>Weiss</strong></span> <span class='ocrx_word' id='word_1_497' title='bbox 847 5597 992 5648; x_wconf 87' lang='lat' dir='ltr'><strong>Hoilnidda</strong></span> <span class='ocrx_word' id='word_1_498' title='bbox 1012 5597 1123 5663; x_wconf 63' lang='lat' dir='ltr'><strong>comosa</strong></span> <span class='ocrx_word' id='word_1_499' title='bbox 1145 5599 1179 5648; x_wconf 76' lang='lat' dir='ltr'><strong>ist</strong></span> <span class='ocrx_word' id='word_1_500' title='bbox 1287 5599 1308 5660; x_wconf 90' lang='lat' dir='ltr'><strong>f)</strong></span> <span class='ocrx_word' id='word_1_501' title='bbox 1327 5599 1376 5651; x_wconf 79' lang='lat' dir='ltr'><strong>der</strong></span> <span class='ocrx_word' id='word_1_502' title='bbox 1393 5597 1529 5652; x_wconf 62' lang='lat' dir='ltr'><strong>mesas</strong></span> <span class='ocrx_word' id='word_1_503' title='bbox 1550 5597 1649 5649; x_wconf 66' lang='lat' dir='ltr'><strong>atam</strong></span> <span class='ocrx_word' id='word_1_504' title='bbox 1672 5598 1730 5648; x_wconf 80' lang='lat' dir='ltr'><strong>its&#39;cr</strong></span> <span class='ocrx_word' id='word_1_505' title='bbox 1751 5597 1825 5663; x_wconf 68' lang='lat' dir='ltr'><strong>clpa-</strong></span> 
     </span>
    </p>

    <p class='ocr_par' dir='ltr' id='par_1_21' title="bbox 118 5663 1825 5803">
     <span class='ocr_line' id='line_1_46' title="bbox 118 5663 1825 5734; baseline 0.002 -19"><span class='ocrx_word' id='word_1_506' title='bbox 118 5679 152 5727; x_wconf 78' lang='lat'><strong>45</strong></span> <span class='ocrx_word' id='word_1_507' title='bbox 342 5663 452 5716; x_wconf 73' lang='lat' dir='ltr'><strong>brociam</strong></span> <span class='ocrx_word' id='word_1_508' title='bbox 468 5663 524 5716; x_wconf 75' lang='lat' dir='ltr'><strong>aad</strong></span> <span class='ocrx_word' id='word_1_509' title='bbox 540 5665 591 5716; x_wconf 81' lang='lat' dir='ltr'><strong>don</strong></span> <span class='ocrx_word' id='word_1_510' title='bbox 608 5665 714 5718; x_wconf 69' lang='lat' dir='ltr'><strong>semme</strong></span> <span class='ocrx_word' id='word_1_511' title='bbox 732 5674 782 5718; x_wconf 78' lang='lat' dir='ltr'><strong>arat</strong></span> <span class='ocrx_word' id='word_1_512' title='bbox 800 5673 878 5718; x_wconf 77' lang='lat' dir='ltr'><strong>etwas</strong></span> <span class='ocrx_word' id='word_1_513' title='bbox 895 5670 983 5731; x_wconf 65' lang='lat' dir='ltr'><strong>rpite</strong></span> <span class='ocrx_word' id='word_1_514' title='bbox 1000 5665 1163 5734; x_wconf 66' lang='lat' dir='ltr'><strong>lirmqesslqt</strong></span> <span class='ocrx_word' id='word_1_515' title='bbox 1179 5684 1211 5717; x_wconf 75' lang='lat' dir='ltr'><strong>su</strong></span> <span class='ocrx_word' id='word_1_516' title='bbox 1228 5666 1311 5718; x_wconf 69' lang='lat' dir='ltr'><strong>habas</strong></span> <span class='ocrx_word' id='word_1_517' title='bbox 1392 5663 1393 5668; x_wconf 66' lang='grc'>’</span> <span class='ocrx_word' id='word_1_518' title='bbox 1413 5670 1443 5734; x_wconf 82' lang='lat' dir='ltr'><strong>g)</strong></span> <span class='ocrx_word' id='word_1_519' title='bbox 1461 5668 1513 5730; x_wconf 82' lang='lat' dir='ltr'><strong>aas</strong></span> <span class='ocrx_word' id='word_1_520' title='bbox 1529 5667 1630 5730; x_wconf 70' lang='lat' dir='ltr'><strong>Bane,</strong></span> <span class='ocrx_word' id='word_1_521' title='bbox 1658 5668 1745 5719; x_wconf 68' lang='lat' dir='ltr'><strong>adem</strong></span> <span class='ocrx_word' id='word_1_522' title='bbox 1762 5666 1825 5719; x_wconf 89' lang='lat' dir='ltr'><strong>BD.</strong></span> 
     </span>
     <span class='ocr_line' id='line_1_47' title="bbox 342 5733 1026 5803; baseline 0.007 -20"><span class='ocrx_word' id='word_1_523' title='bbox 342 5733 525 5801; x_wconf 67' lang='lat' dir='ltr'><strong>arrprs‘inylicb</strong></span> <span class='ocrx_word' id='word_1_524' title='bbox 542 5735 674 5787; x_wconf 78' lang='lat' dir='ltr'><strong>conscribi</strong></span> <span class='ocrx_word' id='word_1_525' title='bbox 692 5737 824 5803; x_wconf 87' lang='lat' dir='ltr'><strong>anuloque</strong></span> <span class='ocrx_word' id='word_1_526' title='bbox 840 5742 932 5803; x_wconf 64' lang='lat' dir='ltr'><strong>gustat</strong></span> <span class='ocrx_word' id='word_1_527' title='bbox 950 5735 1026 5788; x_wconf 77' lang='lat' dir='ltr'><strong>botta.</strong></span> 
     </span>
    </p>
   </div>
   <div class='ocr_carea' id='block_1_16' title="bbox 0 0 2284 6420">
    <p class='ocr_par' dir='ltr' id='par_1_22' title="bbox 0 0 2284 6420">
     <span class='ocr_line' id='line_1_48' title="bbox 0 0 2284 6420; baseline 0 0"><span class='ocrx_word' id='word_1_528' title='bbox 0 0 2284 6420; x_wconf 95' lang='lat' dir='ltr'><strong> </strong></span> 
     </span>
    </p>
   </div>
  </div>
 </body>
</html>
