<?xml version="1.0" encoding="UTF-8"?>
<!DOCTYPE html PUBLIC "-//W3C//DTD XHTML 1.0 Transitional//EN"
    "http://www.w3.org/TR/xhtml1/DTD/xhtml1-transitional.dtd">
<html xmlns="http://www.w3.org/1999/xhtml" xml:lang="en" lang="en">
 <head>
  <title>
</title>
<meta http-equiv="Content-Type" content="text/html;charset=utf-8" />
  <meta name='ocr-system' content='tesseract 3.04.00' />
  <meta name='ocr-capabilities' content='ocr_page ocr_carea ocr_par ocr_line ocrx_word'/>
</head>
<body>
  <div class='ocr_page' id='page_1' title='image "./monumentagerman00gescgoog/monumentagerman00gescgoog_0445.png"; bbox 0 0 4576 6428; ppageno 0'>
   <div class='ocr_carea' id='block_1_1' title="bbox 428 421 1479 490">
    <p class='ocr_par' dir='ltr' id='par_1_1' title="bbox 428 421 1479 490">
     <span class='ocr_line' id='line_1_1' title="bbox 428 421 1479 490; baseline 0 -5"><span class='ocrx_word' id='word_1_1' title='bbox 428 421 491 487; x_wconf 85' lang='grc'><strong>416</strong></span> <span class='ocrx_word' id='word_1_2' title='bbox 1024 431 1479 490; x_wconf 81' lang='lat' dir='ltr'><strong>KAISERURKUNDEN.</strong></span> 
     </span>
    </p>
   </div>
   <div class='ocr_carea' id='block_1_2' title="bbox 428 611 2136 2668">
    <p class='ocr_par' dir='ltr' id='par_1_2' title="bbox 428 611 2136 2668">
     <span class='ocr_line' id='line_1_2' title="bbox 432 611 2085 698; baseline 0.002 -22"><span class='ocrx_word' id='word_1_3' title='bbox 432 621 468 676; x_wconf 92' lang='lat' dir='ltr'><strong>ut</strong></span> <span class='ocrx_word' id='word_1_4' title='bbox 496 611 594 678; x_wconf 64' lang='lat' dir='ltr'><strong>locaa</strong></span> <span class='ocrx_word' id='word_1_5' title='bbox 617 611 819 678; x_wconf 77' lang='lat' dir='ltr'>venerabilia</span> <span class='ocrx_word' id='word_1_6' title='bbox 845 612 955 676; x_wconf 92' lang='lat' dir='ltr'><strong>divino</strong></span> <span class='ocrx_word' id='word_1_7' title='bbox 979 611 1080 677; x_wconf 90' lang='lat' dir='ltr'><strong>cultui</strong></span> <span class='ocrx_word' id='word_1_8' title='bbox 1103 621 1281 697; x_wconf 88' lang='lat' dir='ltr'><strong>preparata</strong></span> <span class='ocrx_word' id='word_1_9' title='bbox 1303 614 1358 698; x_wconf 89' lang='lat' dir='ltr'><strong>pia</strong></span> <span class='ocrx_word' id='word_1_10' title='bbox 1381 614 1499 697; x_wconf 86' lang='lat' dir='ltr'><strong>iugiter</strong></span> <span class='ocrx_word' id='word_1_11' title='bbox 1522 611 1749 678; x_wconf 83' lang='lat' dir='ltr'><strong>sollicitudinis</strong></span> <span class='ocrx_word' id='word_1_12' title='bbox 1772 613 1941 698; x_wconf 85' lang='lat' dir='ltr'><strong>vigilantia</strong></span> <span class='ocrx_word' id='word_1_13' title='bbox 1963 625 2085 680; x_wconf 89' lang='lat' dir='ltr'><strong>contra</strong></span> 
     </span>
     <span class='ocr_line' id='line_1_3' title="bbox 430 714 2083 805; baseline 0.001 -25"><span class='ocrx_word' id='word_1_14' title='bbox 430 717 588 781; x_wconf 88' lang='lat' dir='ltr'><strong>irruentes</strong></span> <span class='ocrx_word' id='word_1_15' title='bbox 618 716 760 805; x_wconf 89' lang='lat' dir='ltr'><strong>undique</strong></span> <span class='ocrx_word' id='word_1_16' title='bbox 789 715 956 781; x_wconf 82' lang='lat' dir='ltr'><strong>molestias</strong></span> <span class='ocrx_word' id='word_1_17' title='bbox 979 718 1105 780; x_wconf 88' lang='lat' dir='ltr'><strong>muniat</strong></span> <span class='ocrx_word' id='word_1_18' title='bbox 1116 714 1139 797; x_wconf 70' lang='lat' dir='ltr'><strong>l,</strong></span> <span class='ocrx_word' id='word_1_19' title='bbox 1174 725 1209 781; x_wconf 91' lang='lat' dir='ltr'><strong>ut</strong></span> <span class='ocrx_word' id='word_1_20' title='bbox 1231 716 1345 780; x_wconf 90' lang='lat' dir='ltr'><strong>famuli</strong></span> <span class='ocrx_word' id='word_1_21' title='bbox 1368 715 1490 781; x_wconf 83' lang='lat' dir='ltr'><strong>Christi</strong></span> <span class='ocrx_word' id='word_1_22' title='bbox 1515 718 1549 781; x_wconf 91' lang='lat' dir='ltr'><strong>in</strong></span> <span class='ocrx_word' id='word_1_23' title='bbox 1572 717 1697 781; x_wconf 91' lang='lat' dir='ltr'><strong>eisdem</strong></span> <span class='ocrx_word' id='word_1_24' title='bbox 1719 717 1800 781; x_wconf 93' lang='lat' dir='ltr'><strong>locis</strong></span> <span class='ocrx_word' id='word_1_25' title='bbox 1823 740 1883 802; x_wconf 93' lang='lat' dir='ltr'><strong>pro</strong></span> <span class='ocrx_word' id='word_1_26' title='bbox 1907 741 1964 804; x_wconf 89' lang='lat' dir='ltr'><strong>spe</strong></span> <span class='ocrx_word' id='word_1_27' title='bbox 1987 721 2083 804; x_wconf 86' lang='lat' dir='ltr'><strong>regni</strong></span> 
     </span>
     <span class='ocr_line' id='line_1_4' title="bbox 430 818 2082 907; baseline 0.002 -23"><span class='ocrx_word' id='word_1_28' title='bbox 430 819 560 884; x_wconf 89' lang='lat' dir='ltr'><strong>celestis</strong></span> <span class='ocrx_word' id='word_1_29' title='bbox 583 819 762 885; x_wconf 78' lang='lat' dir='ltr'><strong>laboraturi</strong></span> <span class='ocrx_word' id='word_1_30' title='bbox 787 829 884 905; x_wconf 87' lang='lat' dir='ltr'><strong>atque</strong></span> <span class='ocrx_word' id='word_1_31' title='bbox 907 842 966 906; x_wconf 88' lang='lat' dir='ltr'><strong>pro</strong></span> <span class='ocrx_word' id='word_1_32' title='bbox 990 821 1137 904; x_wconf 89' lang='lat' dir='ltr'><strong>peccatis</strong></span> <span class='ocrx_word' id='word_1_33' title='bbox 1159 818 1213 884; x_wconf 90' lang='lat' dir='ltr'><strong>vel</strong></span> <span class='ocrx_word' id='word_1_34' title='bbox 1237 819 1469 886; x_wconf 88' lang='lat' dir='ltr'><strong>offensionibus</strong></span> <span class='ocrx_word' id='word_1_35' title='bbox 1499 819 1611 906; x_wconf 93' lang='lat' dir='ltr'><strong>populi</strong></span> <span class='ocrx_word' id='word_1_36' title='bbox 1640 819 1771 885; x_wconf 91' lang='lat' dir='ltr'><strong>domino</strong></span> <span class='ocrx_word' id='word_1_37' title='bbox 1802 821 2015 907; x_wconf 80' lang='lat' dir='ltr'><strong>supplicaturi</strong></span> <span class='ocrx_word' id='word_1_38' title='bbox 2041 845 2082 887; x_wconf 88' lang='lat' dir='ltr'><strong>eo</strong></span> 
     </span>
     <span class='ocr_line' id='line_1_5' title="bbox 429 921 2082 1009; baseline 0 -21"><span class='ocrx_word' id='word_1_39' title='bbox 429 922 623 988; x_wconf 79' lang='lat' dir='ltr'><strong>liberiores⁰</strong></span> <span class='ocrx_word' id='word_1_40' title='bbox 651 947 708 1008; x_wconf 71' lang='lat' dir='ltr'><strong>sue</strong></span> <span class='ocrx_word' id='word_1_41' title='bbox 739 922 943 988; x_wconf 85' lang='lat' dir='ltr'><strong>liberalitatis</strong></span> <span class='ocrx_word' id='word_1_42' title='bbox 974 925 1040 987; x_wconf 92' lang='lat' dir='ltr'><strong>otio</strong></span> <span class='ocrx_word' id='word_1_43' title='bbox 1070 921 1215 988; x_wconf 83' lang='lat' dir='ltr'><strong>vacare‘l</strong></span> <span class='ocrx_word' id='word_1_44' title='bbox 1242 925 1390 1006; x_wconf 88' lang='lat' dir='ltr'><strong>valeant,</strong></span> <span class='ocrx_word' id='word_1_45' title='bbox 1419 933 1451 988; x_wconf 92' lang='lat' dir='ltr'><strong>et</strong></span> <span class='ocrx_word' id='word_1_46' title='bbox 1481 925 1635 1009; x_wconf 87' lang='lat' dir='ltr'><strong>quoniam</strong></span> <span class='ocrx_word' id='word_1_47' title='bbox 1663 923 1918 990; x_wconf 85' lang='lat' dir='ltr'><strong>stabilimentum</strong></span> <span class='ocrx_word' id='word_1_48' title='bbox 1948 927 2082 991; x_wconf 89' lang='lat' dir='ltr'><strong>servicii</strong></span> 
     </span>
     <span class='ocr_line' id='line_1_6' title="bbox 431 1026 2120 1114; baseline 0.003 -24"><span class='ocrx_word' id='word_1_49' title='bbox 431 1027 555 1092; x_wconf 83' lang='lat' dir='ltr'><strong>divini⁰</strong></span> <span class='ocrx_word' id='word_1_50' title='bbox 579 1037 683 1093; x_wconf 88' lang='lat' dir='ltr'><strong>status</strong></span> <span class='ocrx_word' id='word_1_51' title='bbox 708 1038 740 1093; x_wconf 89' lang='lat' dir='ltr'><strong>et</strong></span> <span class='ocrx_word' id='word_1_52' title='bbox 763 1030 963 1114; x_wconf 81' lang='lat' dir='ltr'><strong>prosperitas</strong></span> <span class='ocrx_word' id='word_1_53' title='bbox 987 1049 1059 1092; x_wconf 91' lang='lat' dir='ltr'><strong>esse</strong></span> <span class='ocrx_word' id='word_1_54' title='bbox 1081 1026 1224 1092; x_wconf 89' lang='lat' dir='ltr'><strong>ereditur</strong></span> <span class='ocrx_word' id='word_1_55' title='bbox 1246 1029 1336 1113; x_wconf 87' lang='lat' dir='ltr'><strong>regni</strong></span> <span class='ocrx_word' id='word_1_56' title='bbox 1359 1027 1411 1092; x_wconf 85' lang='lat' dir='ltr'><strong>vel</strong></span> <span class='ocrx_word' id='word_1_57' title='bbox 1434 1028 1560 1112; x_wconf 89' lang='lat' dir='ltr'><strong>imperii</strong></span> <span class='ocrx_word' id='word_1_58' title='bbox 1583 1029 1718 1092; x_wconf 88' lang='lat' dir='ltr'><strong>terreni:</strong></span> <span class='ocrx_word' id='word_1_59' title='bbox 1741 1027 1864 1092; x_wconf 88' lang='lat' dir='ltr'><strong>idcirco</strong></span> <span class='ocrx_word' id='word_1_60' title='bbox 1887 1051 1947 1094; x_wconf 89' lang='lat' dir='ltr'><strong>uos</strong></span> <span class='ocrx_word' id='word_1_61' title='bbox 1966 1027 2081 1094; x_wconf 91' lang='lat' dir='ltr'><strong>divino</strong></span> <span class='ocrx_word' id='word_1_62' title='bbox 2102 1047 2120 1095; x_wconf 84' lang='lat'>5</span> 
     </span>
     <span class='ocr_line' id='line_1_7' title="bbox 429 1131 2083 1218; baseline 0.003 -23"><span class='ocrx_word' id='word_1_63' title='bbox 429 1133 584 1197; x_wconf 88' lang='lat' dir='ltr'><strong>instinctu</strong></span> <span class='ocrx_word' id='word_1_64' title='bbox 612 1134 726 1196; x_wconf 93' lang='lat' dir='ltr'><strong>moniti</strong></span> <span class='ocrx_word' id='word_1_65' title='bbox 757 1155 814 1217; x_wconf 92' lang='lat' dir='ltr'><strong>pro</strong></span> <span class='ocrx_word' id='word_1_66' title='bbox 843 1131 986 1197; x_wconf 89' lang='lat' dir='ltr'><strong>remedio</strong></span> <span class='ocrx_word' id='word_1_67' title='bbox 1017 1132 1125 1214; x_wconf 72' lang='lat' dir='ltr'><strong>anime</strong></span> <span class='ocrx_word' id='word_1_68' title='bbox 1153 1140 1263 1215; x_wconf 73' lang='lat' dir='ltr'><strong>nostre</strong></span> <span class='ocrx_word' id='word_1_69' title='bbox 1295 1131 1477 1218; x_wconf 68' lang='lat' dir='ltr'><strong>dilectoque</strong></span> <span class='ocrx_word' id='word_1_70' title='bbox 1500 1133 1649 1217; x_wconf 82' lang='lat' dir='ltr'><strong>coniugis</strong></span> <span class='ocrx_word' id='word_1_71' title='bbox 1672 1143 1781 1218; x_wconf 72' lang='lat' dir='ltr'><strong>nostro</strong></span> <span class='ocrx_word' id='word_1_72' title='bbox 1805 1132 2017 1199; x_wconf 73' lang='lat' dir='ltr'><strong>Adelheidisf</strong></span> <span class='ocrx_word' id='word_1_73' title='bbox 2048 1144 2083 1200; x_wconf 85' lang='lat' dir='ltr'><strong>et</strong></span> 
     </span>
     <span class='ocr_line' id='line_1_8' title="bbox 429 1233 2080 1324; baseline 0.004 -26"><span class='ocrx_word' id='word_1_74' title='bbox 429 1234 486 1299; x_wconf 91' lang='lat' dir='ltr'><strong>filii</strong></span> <span class='ocrx_word' id='word_1_75' title='bbox 509 1237 612 1300; x_wconf 86' lang='lat' dir='ltr'><strong>nostri</strong></span> <span class='ocrx_word' id='word_1_76' title='bbox 636 1237 823 1300; x_wconf 73' lang='lat' dir='ltr'><strong>carissimig</strong></span> <span class='ocrx_word' id='word_1_77' title='bbox 847 1233 989 1316; x_wconf 89' lang='lat' dir='ltr'><strong>Ottonis,</strong></span> <span class='ocrx_word' id='word_1_78' title='bbox 1012 1256 1071 1319; x_wconf 91' lang='lat' dir='ltr'><strong>pro</strong></span> <span class='ocrx_word' id='word_1_79' title='bbox 1096 1244 1183 1299; x_wconf 87' lang='lat' dir='ltr'><strong>statu</strong></span> <span class='ocrx_word' id='word_1_80' title='bbox 1199 1258 1328 1322; x_wconf 91' lang='lat' dir='ltr'><strong>quoque</strong></span> <span class='ocrx_word' id='word_1_81' title='bbox 1344 1234 1402 1300; x_wconf 73' lang='lat' dir='ltr'><strong>eth</strong></span> <span class='ocrx_word' id='word_1_82' title='bbox 1425 1237 1649 1302; x_wconf 83' lang='lat' dir='ltr'><strong>incolumitate</strong></span> <span class='ocrx_word' id='word_1_83' title='bbox 1665 1240 1757 1322; x_wconf 87' lang='lat' dir='ltr'><strong>regni</strong></span> <span class='ocrx_word' id='word_1_84' title='bbox 1773 1247 1805 1302; x_wconf 90' lang='lat' dir='ltr'><strong>et</strong></span> <span class='ocrx_word' id='word_1_85' title='bbox 1823 1240 1948 1324; x_wconf 88' lang='lat' dir='ltr'><strong>imperii</strong></span> <span class='ocrx_word' id='word_1_86' title='bbox 1975 1241 2080 1304; x_wconf 86' lang='lat' dir='ltr'><strong>nostri</strong></span> 
     </span>
     <span class='ocr_line' id='line_1_9' title="bbox 428 1333 2081 1428; baseline 0.002 -26"><span class='ocrx_word' id='word_1_87' title='bbox 428 1337 573 1403; x_wconf 88' lang='lat' dir='ltr'><strong>bannum</strong></span> <span class='ocrx_word' id='word_1_88' title='bbox 600 1347 712 1423; x_wconf 70' lang='lat' dir='ltr'><strong>nostre</strong></span> <span class='ocrx_word' id='word_1_89' title='bbox 740 1339 828 1422; x_wconf 74' lang='lat' dir='ltr'><strong>regie</strong></span> <span class='ocrx_word' id='word_1_90' title='bbox 858 1336 909 1402; x_wconf 89' lang='lat' dir='ltr'><strong>vel</strong></span> <span class='ocrx_word' id='word_1_91' title='bbox 940 1339 1148 1422; x_wconf 73' lang='lat' dir='ltr'><strong>imperatorie</strong></span> <span class='ocrx_word' id='word_1_92' title='bbox 1178 1338 1346 1422; x_wconf 83' lang='lat' dir='ltr'><strong>dignitatis</strong></span> <span class='ocrx_word' id='word_1_93' title='bbox 1376 1340 1409 1402; x_wconf 94' lang='lat' dir='ltr'><strong>in</strong></span> <span class='ocrx_word' id='word_1_94' title='bbox 1441 1339 1520 1404; x_wconf 91' lang='lat' dir='ltr'><strong>urbe</strong></span> <span class='ocrx_word' id='word_1_95' title='bbox 1549 1339 1797 1426; x_wconf 81' lang='lat' dir='ltr'><strong>Magadsburgi</strong></span> <span class='ocrx_word' id='word_1_96' title='bbox 1831 1333 1972 1428; x_wconf 87' lang='lat' dir='ltr'><strong>etopus</strong></span> <span class='ocrx_word' id='word_1_97' title='bbox 2002 1365 2081 1407; x_wconf 89' lang='lat' dir='ltr'><strong>con·</strong></span> 
     </span>
     <span class='ocr_line' id='line_1_10' title="bbox 430 1439 2080 1530; baseline 0.002 -24"><span class='ocrx_word' id='word_1_98' title='bbox 430 1440 582 1526; x_wconf 77' lang='lat' dir='ltr'><strong>struende</strong></span> <span class='ocrx_word' id='word_1_99' title='bbox 604 1439 722 1507; x_wconf 83' lang='lat' dir='ltr'><strong>urbisk</strong></span> <span class='ocrx_word' id='word_1_100' title='bbox 745 1465 765 1506; x_wconf 89' lang='lat' dir='ltr'><strong>a</strong></span> <span class='ocrx_word' id='word_1_101' title='bbox 788 1439 1139 1506; x_wconf 89' lang='lat' dir='ltr'><strong>circummanentibus¹</strong></span> <span class='ocrx_word' id='word_1_102' title='bbox 1162 1440 1291 1506; x_wconf 88' lang='lat' dir='ltr'><strong>illarum</strong></span> <span class='ocrx_word' id='word_1_103' title='bbox 1314 1444 1455 1528; x_wconf 83' lang='lat' dir='ltr'><strong>partium</strong></span> <span class='ocrx_word' id='word_1_104' title='bbox 1477 1441 1594 1508; x_wconf 90' lang='lat' dir='ltr'><strong>incolis</strong></span> <span class='ocrx_word' id='word_1_105' title='bbox 1617 1453 1728 1509; x_wconf 91' lang='lat' dir='ltr'><strong>nostro</strong></span> <span class='ocrx_word' id='word_1_106' title='bbox 1751 1445 1842 1528; x_wconf 83' lang='lat' dir='ltr'><strong>regio</strong></span> <span class='ocrx_word' id='word_1_107' title='bbox 1865 1445 1918 1511; x_wconf 89' lang='lat' dir='ltr'><strong>vel</strong></span> <span class='ocrx_word' id='word_1_108' title='bbox 1940 1447 2080 1530; x_wconf 88' lang='lat' dir='ltr'><strong>impera-</strong></span> 
     </span>
     <span class='ocr_line' id='line_1_11' title="bbox 428 1542 2136 1635; baseline 0.006 -27"><span class='ocrx_word' id='word_1_109' title='bbox 428 1547 511 1610; x_wconf 93' lang='lat' dir='ltr'><strong>torio</strong></span> <span class='ocrx_word' id='word_1_110' title='bbox 541 1547 602 1610; x_wconf 91' lang='lat' dir='ltr'><strong>iuri</strong></span> <span class='ocrx_word' id='word_1_111' title='bbox 633 1544 777 1610; x_wconf 89' lang='lat' dir='ltr'><strong>debitum</strong></span> <span class='ocrx_word' id='word_1_112' title='bbox 806 1543 943 1628; x_wconf 74' lang='lat' dir='ltr'><strong>ecclesie</strong></span> <span class='ocrx_word' id='word_1_113' title='bbox 972 1545 1007 1607; x_wconf 95' lang='lat' dir='ltr'><strong>in</strong></span> <span class='ocrx_word' id='word_1_114' title='bbox 1036 1542 1150 1608; x_wconf 89' lang='lat' dir='ltr'><strong>eadem</strong></span> <span class='ocrx_word' id='word_1_115' title='bbox 1182 1545 1315 1609; x_wconf 87' lang='lat' dir='ltr'><strong>civitate</strong></span> <span class='ocrx_word' id='word_1_116' title='bbox 1346 1555 1533 1632; x_wconf 72' lang='lat' dir='ltr'><strong>constructe</strong></span> <span class='ocrx_word' id='word_1_117' title='bbox 1566 1559 1745 1635; x_wconf 89' lang='lat' dir='ltr'><strong>sanctoque</strong></span> <span class='ocrx_word' id='word_1_118' title='bbox 1775 1549 1935 1616; x_wconf 80' lang='lat' dir='ltr'><strong>Mauricio</strong></span> <span class='ocrx_word' id='word_1_119' title='bbox 1963 1552 1996 1614; x_wconf 92' lang='lat' dir='ltr'><strong>in</strong></span> <span class='ocrx_word' id='word_1_120' title='bbox 2027 1553 2078 1616; x_wconf 90' lang='lat' dir='ltr'><strong>ius</strong></span> <span class='ocrx_word' id='word_1_121' title='bbox 2101 1572 2136 1618; x_wconf 91' lang='lat'><strong>10</strong></span> 
     </span>
     <span class='ocr_line' id='line_1_12' title="bbox 429 1646 2080 1736; baseline 0.004 -24"><span class='ocrx_word' id='word_1_122' title='bbox 429 1658 621 1734; x_wconf 92' lang='lat' dir='ltr'><strong>perpetuum</strong></span> <span class='ocrx_word' id='word_1_123' title='bbox 649 1647 827 1715; x_wconf 87' lang='lat' dir='ltr'><strong>liberaliter</strong></span> <span class='ocrx_word' id='word_1_124' title='bbox 856 1650 1036 1729; x_wconf 83' lang='lat' dir='ltr'><strong>offerimus3</strong></span> <span class='ocrx_word' id='word_1_125' title='bbox 1071 1658 1103 1710; x_wconf 90' lang='lat' dir='ltr'><strong>et</strong></span> <span class='ocrx_word' id='word_1_126' title='bbox 1124 1669 1165 1712; x_wconf 93' lang='lat' dir='ltr'><strong>ne</strong></span> <span class='ocrx_word' id='word_1_127' title='bbox 1189 1646 1241 1712; x_wconf 91' lang='lat' dir='ltr'><strong>vel</strong></span> <span class='ocrx_word' id='word_1_128' title='bbox 1264 1647 1355 1712; x_wconf 89' lang='lat' dir='ltr'><strong>Iudei</strong></span> <span class='ocrx_word' id='word_1_129' title='bbox 1377 1649 1430 1712; x_wconf 89' lang='lat' dir='ltr'><strong>vel</strong></span> <span class='ocrx_word' id='word_1_130' title='bbox 1457 1653 1555 1716; x_wconf 88' lang='lat' dir='ltr'><strong>ceteri</strong></span> <span class='ocrx_word' id='word_1_131' title='bbox 1585 1650 1630 1717; x_wconf 92' lang='lat' dir='ltr'><strong>ibi</strong></span> <span class='ocrx_word' id='word_1_132' title='bbox 1659 1662 1828 1717; x_wconf 87' lang='lat' dir='ltr'><strong>manentes</strong></span> <span class='ocrx_word' id='word_1_133' title='bbox 1856 1655 2080 1736; x_wconf 85' lang='lat' dir='ltr'><strong>negotiatores</strong></span> 
     </span>
     <span class='ocr_line' id='line_1_13' title="bbox 428 1741 2079 1841; baseline 0.002 -24"><span class='ocrx_word' id='word_1_134' title='bbox 428 1745 529 1818; x_wconf 88' lang='lat' dir='ltr'><strong>ullam</strong></span> <span class='ocrx_word' id='word_1_135' title='bbox 551 1752 682 1818; x_wconf 89' lang='lat' dir='ltr'><strong>aliunde</strong></span> <span class='ocrx_word' id='word_1_136' title='bbox 704 1753 767 1818; x_wconf 87' lang='lat' dir='ltr'><strong>nisi</strong></span> <span class='ocrx_word' id='word_1_137' title='bbox 790 1752 832 1817; x_wconf 88' lang='lat' dir='ltr'><strong>ab</strong></span> <span class='ocrx_word' id='word_1_138' title='bbox 855 1752 911 1818; x_wconf 94' lang='lat' dir='ltr'><strong>illo</strong></span> <span class='ocrx_word' id='word_1_139' title='bbox 935 1754 990 1838; x_wconf 89' lang='lat' dir='ltr'><strong>qui</strong></span> <span class='ocrx_word' id='word_1_140' title='bbox 1013 1751 1117 1816; x_wconf 89' lang='lat' dir='ltr'><strong>eidem</strong></span> <span class='ocrx_word' id='word_1_141' title='bbox 1142 1750 1279 1835; x_wconf 73' lang='lat' dir='ltr'><strong>ecclesie</strong></span> <span class='ocrx_word' id='word_1_142' title='bbox 1302 1753 1473 1838; x_wconf 88' lang='lat' dir='ltr'><strong>prefuerit,</strong></span> <span class='ocrx_word' id='word_1_143' title='bbox 1498 1755 1710 1820; x_wconf 89' lang='lat' dir='ltr'><strong>districtionis</strong></span> <span class='ocrx_word' id='word_1_144' title='bbox 1735 1741 1791 1822; x_wconf 82' lang='lat' dir='ltr'><strong>aut</strong></span> <span class='ocrx_word' id='word_1_145' title='bbox 1814 1757 1985 1841; x_wconf 77' lang='lat' dir='ltr'><strong>discipline</strong></span> <span class='ocrx_word' id='word_1_146' title='bbox 2008 1779 2079 1821; x_wconf 87' lang='lat' dir='ltr'><strong>sen-</strong></span> 
     </span>
     <span class='ocr_line' id='line_1_14' title="bbox 429 1837 2079 1944; baseline 0.002 -25"><span class='ocrx_word' id='word_1_147' title='bbox 429 1858 564 1921; x_wconf 89' lang='lat' dir='ltr'><strong>tentiam</strong></span> <span class='ocrx_word' id='word_1_148' title='bbox 586 1856 638 1921; x_wconf 89' lang='lat' dir='ltr'><strong>vel</strong></span> <span class='ocrx_word' id='word_1_149' title='bbox 660 1855 807 1944; x_wconf 83' lang='lat' dir='ltr'><strong>regulam</strong></span> <span class='ocrx_word' id='word_1_150' title='bbox 830 1858 1027 1938; x_wconf 87' lang='lat' dir='ltr'><strong>sustineant,</strong></span> <span class='ocrx_word' id='word_1_151' title='bbox 1062 1854 1212 1920; x_wconf 91' lang='lat' dir='ltr'><strong>volumus</strong></span> <span class='ocrx_word' id='word_1_152' title='bbox 1242 1864 1274 1919; x_wconf 93' lang='lat' dir='ltr'><strong>et</strong></span> <span class='ocrx_word' id='word_1_153' title='bbox 1302 1854 1437 1920; x_wconf 90' lang='lat' dir='ltr'><strong>firmiter</strong></span> <span class='ocrx_word' id='word_1_154' title='bbox 1465 1855 1623 1922; x_wconf 90' lang='lat' dir='ltr'><strong>iubemus.</strong></span> <span class='ocrx_word' id='word_1_155' title='bbox 1669 1858 1845 1944; x_wconf 88' lang='lat' dir='ltr'><strong>Proscripti</strong></span> <span class='ocrx_word' id='word_1_156' title='bbox 1869 1881 1945 1924; x_wconf 90' lang='lat' dir='ltr'><strong>vero</strong></span> <span class='ocrx_word' id='word_1_157' title='bbox 1975 1837 2079 1923; x_wconf 60' lang='lat' dir='ltr'><strong>n&#39;ostri</strong></span> 
     </span>
     <span class='ocr_line' id='line_1_15' title="bbox 429 1959 2079 2049; baseline 0 -23"><span class='ocrx_word' id='word_1_158' title='bbox 429 1961 529 2030; x_wconf 92' lang='lat' dir='ltr'><strong>banni</strong></span> <span class='ocrx_word' id='word_1_159' title='bbox 559 1960 620 2027; x_wconf 90' lang='lat' dir='ltr'><strong>deo</strong></span> <span class='ocrx_word' id='word_1_160' title='bbox 652 1972 831 2049; x_wconf 86' lang='lat' dir='ltr'><strong>sanctoque</strong></span> <span class='ocrx_word' id='word_1_161' title='bbox 853 1962 1013 2026; x_wconf 86' lang='lat' dir='ltr'><strong>Mauricio</strong></span> <span class='ocrx_word' id='word_1_162' title='bbox 1037 1985 1058 2025; x_wconf 89' lang='lat' dir='ltr'><strong>a</strong></span> <span class='ocrx_word' id='word_1_163' title='bbox 1080 1961 1174 2026; x_wconf 91' lang='lat' dir='ltr'><strong>nobis</strong></span> <span class='ocrx_word' id='word_1_164' title='bbox 1199 1959 1299 2025; x_wconf 91' lang='lat' dir='ltr'><strong>oblati</strong></span> <span class='ocrx_word' id='word_1_165' title='bbox 1322 1959 1431 2024; x_wconf 89' lang='lat' dir='ltr'><strong>nullus</strong></span> <span class='ocrx_word' id='word_1_166' title='bbox 1453 1960 1506 2025; x_wconf 89' lang='lat' dir='ltr'><strong>vel</strong></span> <span class='ocrx_word' id='word_1_167' title='bbox 1529 1982 1638 2026; x_wconf 91' lang='lat' dir='ltr'><strong>comes</strong></span> <span class='ocrx_word' id='word_1_168' title='bbox 1661 1961 1713 2026; x_wconf 89' lang='lat' dir='ltr'><strong>vel</strong></span> <span class='ocrx_word' id='word_1_169' title='bbox 1736 1963 1878 2028; x_wconf 89' lang='lat' dir='ltr'><strong>vicarius</strong></span> <span class='ocrx_word' id='word_1_170' title='bbox 1901 1961 1953 2026; x_wconf 90' lang='lat' dir='ltr'><strong>vel</strong></span> <span class='ocrx_word' id='word_1_171' title='bbox 1976 1961 2079 2027; x_wconf 84' lang='lat' dir='ltr'><strong>iudex</strong></span> 
     </span>
     <span class='ocr_line' id='line_1_16' title="bbox 428 2062 2134 2150; baseline 0.004 -22"><span class='ocrx_word' id='word_1_172' title='bbox 428 2064 480 2128; x_wconf 89' lang='lat' dir='ltr'><strong>vel</strong></span> <span class='ocrx_word' id='word_1_173' title='bbox 503 2063 652 2130; x_wconf 90' lang='lat' dir='ltr'><strong>tribunus</strong></span> <span class='ocrx_word' id='word_1_174' title='bbox 675 2065 727 2131; x_wconf 89' lang='lat' dir='ltr'><strong>vel</strong></span> <span class='ocrx_word' id='word_1_175' title='bbox 750 2074 886 2131; x_wconf 86' lang='lat' dir='ltr'><strong>exactor</strong></span> <span class='ocrx_word' id='word_1_176' title='bbox 909 2063 1049 2129; x_wconf 84' lang='lat' dir='ltr'><strong>velulis</strong></span> <span class='ocrx_word' id='word_1_177' title='bbox 1071 2064 1181 2150; x_wconf 89' lang='lat' dir='ltr'><strong>aliqua</strong></span> <span class='ocrx_word' id='word_1_178' title='bbox 1204 2085 1346 2150; x_wconf 89' lang='lat' dir='ltr'><strong>persona</strong></span> <span class='ocrx_word' id='word_1_179' title='bbox 1373 2065 1408 2127; x_wconf 93' lang='lat' dir='ltr'><strong>in</strong></span> <span class='ocrx_word' id='word_1_180' title='bbox 1437 2062 1551 2129; x_wconf 85' lang='lat' dir='ltr'><strong>eadem</strong></span> <span class='ocrx_word' id='word_1_181' title='bbox 1580 2065 1711 2129; x_wconf 86' lang='lat' dir='ltr'><strong>civitate</strong></span> <span class='ocrx_word' id='word_1_182' title='bbox 1738 2064 1799 2129; x_wconf 91' lang='lat' dir='ltr'><strong>sibi</strong></span> <span class='ocrx_word' id='word_1_183' title='bbox 1823 2064 2001 2150; x_wconf 86' lang='lat' dir='ltr'><strong>usurpandi</strong></span> <span class='ocrx_word' id='word_1_184' title='bbox 2025 2064 2079 2129; x_wconf 91' lang='lat' dir='ltr'><strong>vel</strong></span> <span class='ocrx_word' id='word_1_185' title='bbox 2101 2087 2134 2134; x_wconf 81' lang='lat'><strong>15</strong></span> 
     </span>
     <span class='ocr_line' id='line_1_17' title="bbox 429 2167 2079 2254; baseline 0.001 -22"><span class='ocrx_word' id='word_1_186' title='bbox 429 2168 528 2232; x_wconf 88' lang='lat' dir='ltr'><strong>aliam</strong></span> <span class='ocrx_word' id='word_1_187' title='bbox 550 2167 694 2254; x_wconf 86' lang='lat' dir='ltr'><strong>aliquam</strong></span> <span class='ocrx_word' id='word_1_188' title='bbox 715 2171 749 2233; x_wconf 90' lang='lat' dir='ltr'><strong>in</strong></span> <span class='ocrx_word' id='word_1_189' title='bbox 772 2170 960 2254; x_wconf 89' lang='lat' dir='ltr'><strong>prescriptis</strong></span> <span class='ocrx_word' id='word_1_190' title='bbox 983 2167 1088 2250; x_wconf 86' lang='lat' dir='ltr'><strong>legem</strong></span> <span class='ocrx_word' id='word_1_191' title='bbox 1111 2177 1168 2232; x_wconf 89' lang='lat' dir='ltr'><strong>aut</strong></span> <span class='ocrx_word' id='word_1_192' title='bbox 1191 2167 1397 2253; x_wconf 85' lang='lat' dir='ltr'><strong>disciplinam</strong></span> <span class='ocrx_word' id='word_1_193' title='bbox 1421 2168 1594 2234; x_wconf 85' lang='lat' dir='ltr'><strong>exercendi</strong></span> <span class='ocrx_word' id='word_1_194' title='bbox 1622 2177 1820 2253; x_wconf 84' lang='lat' dir='ltr'><strong>potestatem</strong></span> <span class='ocrx_word' id='word_1_195' title='bbox 1848 2168 1986 2252; x_wconf 85' lang='lat' dir='ltr'><strong>habeat,</strong></span> <span class='ocrx_word' id='word_1_196' title='bbox 2014 2171 2079 2234; x_wconf 89' lang='lat' dir='ltr'><strong>nisi</strong></span> 
     </span>
     <span class='ocr_line' id='line_1_18' title="bbox 428 2263 2079 2358; baseline 0.001 -23"><span class='ocrx_word' id='word_1_197' title='bbox 428 2275 498 2357; x_wconf 90' lang='lat' dir='ltr'><strong>ipse</strong></span> <span class='ocrx_word' id='word_1_198' title='bbox 522 2275 576 2358; x_wconf 92' lang='lat' dir='ltr'><strong>qui</strong></span> <span class='ocrx_word' id='word_1_199' title='bbox 599 2272 705 2338; x_wconf 89' lang='lat' dir='ltr'><strong>eidem</strong></span> <span class='ocrx_word' id='word_1_200' title='bbox 728 2273 800 2337; x_wconf 93' lang='lat' dir='ltr'><strong>loco</strong></span> <span class='ocrx_word' id='word_1_201' title='bbox 824 2271 876 2336; x_wconf 92' lang='lat' dir='ltr'><strong>vel</strong></span> <span class='ocrx_word' id='word_1_202' title='bbox 899 2263 1036 2356; x_wconf 71' lang='lat' dir='ltr'><strong>ecclesie</strong></span> <span class='ocrx_word' id='word_1_203' title='bbox 1059 2271 1230 2356; x_wconf 85' lang='lat' dir='ltr'><strong>prefuerit,</strong></span> <span class='ocrx_word' id='word_1_204' title='bbox 1261 2271 1344 2335; x_wconf 76' lang='lat' dir='ltr'><strong>vel¹¹¹</strong></span> <span class='ocrx_word' id='word_1_205' title='bbox 1368 2271 1550 2337; x_wconf 86' lang='lat' dir='ltr'><strong>advocatus</strong></span> <span class='ocrx_word' id='word_1_206' title='bbox 1573 2294 1670 2358; x_wconf 91' lang='lat' dir='ltr'><strong>quem</strong></span> <span class='ocrx_word' id='word_1_207' title='bbox 1693 2283 1804 2339; x_wconf 91' lang='lat' dir='ltr'><strong>nostro</strong></span> <span class='ocrx_word' id='word_1_208' title='bbox 1830 2295 1992 2338; x_wconf 89' lang='lat' dir='ltr'><strong>consensu</strong></span> <span class='ocrx_word' id='word_1_209' title='bbox 2015 2273 2079 2337; x_wconf 90' lang='lat' dir='ltr'><strong>sibi</strong></span> 
     </span>
     <span class='ocr_line' id='line_1_19' title="bbox 428 2373 2080 2470; baseline 0 -30"><span class='ocrx_word' id='word_1_210' title='bbox 428 2385 460 2441; x_wconf 90' lang='lat' dir='ltr'><strong>et</strong></span> <span class='ocrx_word' id='word_1_211' title='bbox 489 2375 595 2440; x_wconf 87' lang='lat' dir='ltr'><strong>eidem</strong></span> <span class='ocrx_word' id='word_1_212' title='bbox 624 2375 762 2470; x_wconf 81' lang='lat' dir='ltr'><strong>ecclesie</strong></span> <span class='ocrx_word' id='word_1_213' title='bbox 791 2375 1023 2460; x_wconf 85' lang='lat' dir='ltr'><strong>proficiendum</strong></span> <span class='ocrx_word' id='word_1_214' title='bbox 1052 2373 1195 2458; x_wconf 86' lang='lat' dir='ltr'><strong>elegerit.</strong></span> <span class='ocrx_word' id='word_1_215' title='bbox 1240 2375 1284 2438; x_wconf 84' lang='lat' dir='ltr'><strong>Et</strong></span> <span class='ocrx_word' id='word_1_216' title='bbox 1307 2385 1342 2440; x_wconf 89' lang='lat' dir='ltr'><strong>ut</strong></span> <span class='ocrx_word' id='word_1_217' title='bbox 1364 2375 1426 2439; x_wconf 90' lang='lat' dir='ltr'><strong>hoc</strong></span> <span class='ocrx_word' id='word_1_218' title='bbox 1450 2377 1653 2440; x_wconf 87' lang='lat' dir='ltr'><strong>auctoritatis</strong></span> <span class='ocrx_word' id='word_1_219' title='bbox 1681 2384 1790 2460; x_wconf 72' lang='lat' dir='ltr'><strong>nostre</strong></span> <span class='ocrx_word' id='word_1_220' title='bbox 1819 2386 2008 2462; x_wconf 87' lang='lat' dir='ltr'><strong>preceptum</strong></span> <span class='ocrx_word' id='word_1_221' title='bbox 2031 2379 2080 2440; x_wconf 93' lang='lat' dir='ltr'><strong>in·</strong></span> 
     </span>
     <span class='ocr_line' id='line_1_20' title="bbox 429 2476 2080 2562; baseline 0.002 -20"><span class='ocrx_word' id='word_1_222' title='bbox 429 2476 586 2556; x_wconf 87' lang='lat' dir='ltr'><strong>convulsa</strong></span> <span class='ocrx_word' id='word_1_223' title='bbox 610 2487 641 2543; x_wconf 88' lang='lat' dir='ltr'><strong>et</strong></span> <span class='ocrx_word' id='word_1_224' title='bbox 663 2478 848 2544; x_wconf 88' lang='lat' dir='ltr'><strong>inmutilata</strong></span> <span class='ocrx_word' id='word_1_225' title='bbox 870 2478 1022 2543; x_wconf 89' lang='lat' dir='ltr'><strong>firmitate</strong></span> <span class='ocrx_word' id='word_1_226' title='bbox 1047 2487 1237 2562; x_wconf 87' lang='lat' dir='ltr'><strong>permaneat</strong></span> <span class='ocrx_word' id='word_1_227' title='bbox 1249 2488 1271 2561; x_wconf 84' lang='lat'><strong>¹¹,</strong></span> <span class='ocrx_word' id='word_1_228' title='bbox 1295 2477 1380 2542; x_wconf 90' lang='lat' dir='ltr'><strong>hanc</strong></span> <span class='ocrx_word' id='word_1_229' title='bbox 1404 2487 1530 2544; x_wconf 86' lang='lat' dir='ltr'><strong>cartam</strong></span> <span class='ocrx_word' id='word_1_230' title='bbox 1552 2479 1715 2544; x_wconf 91' lang='lat' dir='ltr'><strong>conscribi</strong></span> <span class='ocrx_word' id='word_1_231' title='bbox 1734 2489 1767 2544; x_wconf 91' lang='lat' dir='ltr'><strong>et</strong></span> <span class='ocrx_word' id='word_1_232' title='bbox 1784 2480 1873 2546; x_wconf 87' lang='lat' dir='ltr'><strong>anuli</strong></span> <span class='ocrx_word' id='word_1_233' title='bbox 1896 2484 1998 2546; x_wconf 89' lang='lat' dir='ltr'><strong>nostri</strong></span> <span class='ocrx_word' id='word_1_234' title='bbox 2022 2483 2080 2546; x_wconf 90' lang='lat' dir='ltr'><strong>im-</strong></span> 
     </span>
     <span class='ocr_line' id='line_1_21' title="bbox 428 2581 2134 2668; baseline 0.002 -22"><span class='ocrx_word' id='word_1_235' title='bbox 428 2583 597 2668; x_wconf 88' lang='lat' dir='ltr'><strong>pressione</strong></span> <span class='ocrx_word' id='word_1_236' title='bbox 621 2584 742 2666; x_wconf 84' lang='lat' dir='ltr'><strong>signari</strong></span> <span class='ocrx_word' id='word_1_237' title='bbox 766 2583 937 2664; x_wconf 88' lang='lat' dir='ltr'><strong>iussimus,</strong></span> <span class='ocrx_word' id='word_1_238' title='bbox 965 2603 1063 2667; x_wconf 89' lang='lat' dir='ltr'><strong>quam</strong></span> <span class='ocrx_word' id='word_1_239' title='bbox 1087 2590 1120 2646; x_wconf 93' lang='lat' dir='ltr'><strong>et</strong></span> <span class='ocrx_word' id='word_1_240' title='bbox 1141 2603 1240 2646; x_wconf 85' lang='lat' dir='ltr'><strong>manu</strong></span> <span class='ocrx_word' id='word_1_241' title='bbox 1262 2585 1396 2667; x_wconf 91' lang='lat' dir='ltr'><strong>propria</strong></span> <span class='ocrx_word' id='word_1_242' title='bbox 1420 2581 1535 2648; x_wconf 89' lang='lat' dir='ltr'><strong>subtus</strong></span> <span class='ocrx_word' id='word_1_243' title='bbox 1557 2583 1769 2648; x_wconf 89' lang='lat' dir='ltr'><strong>firmavimus.</strong></span> <span class='ocrx_word' id='word_1_244' title='bbox 2098 2602 2134 2650; x_wconf 77' lang='lat'><strong>20</strong></span> 
     </span>
    </p>
   </div>
   <div class='ocr_carea' id='block_1_3' title="bbox 530 2718 1880 2910">
    <p class='ocr_par' dir='ltr' id='par_1_3' title="bbox 530 2718 1880 2910">
     <span class='ocr_line' id='line_1_22' title="bbox 532 2718 1880 2806; baseline -0.001 -21"><span class='ocrx_word' id='word_1_245' title='bbox 532 2719 667 2804; x_wconf 83' lang='lat' dir='ltr'><strong>Signum</strong></span> <span class='ocrx_word' id='word_1_246' title='bbox 690 2718 802 2784; x_wconf 92' lang='lat' dir='ltr'><strong>domni</strong></span> <span class='ocrx_word' id='word_1_247' title='bbox 826 2718 957 2785; x_wconf 90' lang='lat' dir='ltr'><strong>Ottonis</strong></span> <span class='ocrx_word' id='word_1_248' title='bbox 979 2722 1090 2804; x_wconf 89' lang='lat' dir='ltr'><strong>magni</strong></span> <span class='ocrx_word' id='word_1_249' title='bbox 1114 2729 1146 2784; x_wconf 87' lang='lat' dir='ltr'><strong>et</strong></span> <span class='ocrx_word' id='word_1_250' title='bbox 1170 2721 1260 2801; x_wconf 81' lang='grc' dir='ltr'><strong>(Μ.)0</strong></span> <span class='ocrx_word' id='word_1_251' title='bbox 1283 2722 1487 2786; x_wconf 88' lang='lat' dir='ltr'><strong>invictissimi</strong></span> <span class='ocrx_word' id='word_1_252' title='bbox 1511 2722 1716 2806; x_wconf 89' lang='lat' dir='ltr'><strong>imperatoris</strong></span> <span class='ocrx_word' id='word_1_253' title='bbox 1740 2722 1880 2805; x_wconf 85' lang='lat' dir='ltr'><strong>augusti.</strong></span> 
     </span>
     <span class='ocr_line' id='line_1_23' title="bbox 530 2821 1815 2910; baseline 0 -23"><span class='ocrx_word' id='word_1_254' title='bbox 530 2822 728 2900; x_wconf 81' lang='lat' dir='ltr'><strong>Lindolfusp</strong></span> <span class='ocrx_word' id='word_1_255' title='bbox 751 2822 966 2888; x_wconf 88' lang='lat' dir='ltr'><strong>cancellarius</strong></span> <span class='ocrx_word' id='word_1_256' title='bbox 990 2821 1138 2888; x_wconf 89' lang='lat' dir='ltr'><strong>advicem</strong></span> <span class='ocrx_word' id='word_1_257' title='bbox 1162 2823 1326 2888; x_wconf 90' lang='lat' dir='ltr'><strong>Brunonis</strong></span> <span class='ocrx_word' id='word_1_258' title='bbox 1350 2823 1605 2910; x_wconf 87' lang='lat' dir='ltr'><strong>archicapellani</strong></span> <span class='ocrx_word' id='word_1_259' title='bbox 1627 2825 1815 2908; x_wconf 84' lang='lat' dir='ltr'><strong>recognovi.</strong></span> 
     </span>
    </p>
   </div>
   <div class='ocr_carea' id='block_1_4' title="bbox 427 2959 2134 3241">
    <p class='ocr_par' dir='ltr' id='par_1_4' title="bbox 427 2959 2134 3241">
     <span class='ocr_line' id='line_1_24' title="bbox 532 2959 2077 3046; baseline 0.003 -22"><span class='ocrx_word' id='word_1_260' title='bbox 532 2959 647 3024; x_wconf 74' lang='lat' dir='ltr'><strong>Datatl</strong></span> <span class='ocrx_word' id='word_1_261' title='bbox 671 2979 729 3024; x_wconf 86' lang='lat' dir='ltr'><strong>vn.</strong></span> <span class='ocrx_word' id='word_1_262' title='bbox 754 2961 797 3025; x_wconf 90' lang='lat' dir='ltr'><strong>id.</strong></span> <span class='ocrx_word' id='word_1_263' title='bbox 820 2959 889 3024; x_wconf 92' lang='lat' dir='ltr'><strong>iulii</strong></span> <span class='ocrx_word' id='word_1_264' title='bbox 913 2981 999 3025; x_wconf 89' lang='lat' dir='ltr'><strong>auno</strong></span> <span class='ocrx_word' id='word_1_265' title='bbox 1024 2959 1186 3046; x_wconf 74' lang='lat' dir='ltr'><strong>dominice</strong></span> <span class='ocrx_word' id='word_1_266' title='bbox 1209 2963 1443 3028; x_wconf 87' lang='lat' dir='ltr'><strong>incarnationis</strong></span> <span class='ocrx_word' id='word_1_267' title='bbox 1467 2978 1658 3044; x_wconf 80' lang='lat' dir='ltr'><strong>ncoccnxv,</strong></span> <span class='ocrx_word' id='word_1_268' title='bbox 1684 2961 1862 3026; x_wconf 87' lang='lat' dir='ltr'><strong>indictione</strong></span> <span class='ocrx_word' id='word_1_269' title='bbox 1886 2979 1964 3044; x_wconf 75' lang='lat' dir='ltr'><strong>vni,</strong></span> <span class='ocrx_word' id='word_1_270' title='bbox 1989 2985 2077 3028; x_wconf 87' lang='lat' dir='ltr'><strong>anno</strong></span> 
     </span>
     <span class='ocr_line' id='line_1_25' title="bbox 427 3063 2077 3150; baseline 0.002 -23"><span class='ocrx_word' id='word_1_271' title='bbox 427 3066 519 3149; x_wconf 86' lang='lat' dir='ltr'><strong>regni</strong></span> <span class='ocrx_word' id='word_1_272' title='bbox 549 3063 659 3128; x_wconf 88' lang='lat' dir='ltr'><strong>domni</strong></span> <span class='ocrx_word' id='word_1_273' title='bbox 690 3063 821 3134; x_wconf 91' lang='lat' dir='ltr'><strong>Ottonis</strong></span> <span class='ocrx_word' id='word_1_274' title='bbox 843 3082 935 3146; x_wconf 83' lang='lat' dir='ltr'><strong>xxx,</strong></span> <span class='ocrx_word' id='word_1_275' title='bbox 971 3065 1097 3150; x_wconf 91' lang='lat' dir='ltr'><strong>imperii</strong></span> <span class='ocrx_word' id='word_1_276' title='bbox 1127 3076 1329 3149; x_wconf 81' lang='lat' dir='ltr'><strong>autem11113</strong></span> <span class='ocrx_word' id='word_1_277' title='bbox 1365 3075 1475 3131; x_wconf 88' lang='lat' dir='ltr'><strong>actum</strong></span> <span class='ocrx_word' id='word_1_278' title='bbox 1504 3065 1754 3150; x_wconf 77' lang='lat' dir='ltr'><strong>Magadaburg‘</strong></span> <span class='ocrx_word' id='word_1_279' title='bbox 1786 3065 1927 3150; x_wconf 77' lang='lat' dir='ltr'><strong>palati03</strong></span> <span class='ocrx_word' id='word_1_280' title='bbox 1961 3066 1994 3128; x_wconf 88' lang='lat' dir='ltr'><strong>in</strong></span> <span class='ocrx_word' id='word_1_281' title='bbox 2024 3065 2077 3130; x_wconf 91' lang='lat' dir='ltr'><strong>dei</strong></span> 
     </span>
     <span class='ocr_line' id='line_1_26' title="bbox 428 3169 2134 3241; baseline 0.004 -7"><span class='ocrx_word' id='word_1_282' title='bbox 428 3172 559 3234; x_wconf 90' lang='lat' dir='ltr'><strong>nomine</strong></span> <span class='ocrx_word' id='word_1_283' title='bbox 583 3169 720 3236; x_wconf 88' lang='lat' dir='ltr'><strong>feliciter</strong></span> <span class='ocrx_word' id='word_1_284' title='bbox 742 3181 872 3235; x_wconf 81' lang='lat' dir='ltr'><strong>amen·</strong></span> <span class='ocrx_word' id='word_1_285' title='bbox 1689 3187 1690 3190; x_wconf 76' lang='grc'>’</span> <span class='ocrx_word' id='word_1_286' title='bbox 2098 3195 2134 3241; x_wconf 78' lang='lat'><strong>25</strong></span> 
     </span>
    </p>
   </div>
   <div class='ocr_carea' id='block_1_5' title="bbox 1207 3340 1294 3416">
    <p class='ocr_par' dir='ltr' id='par_1_5' title="bbox 1207 3340 1294 3416">
     <span class='ocr_line' id='line_1_27' title="bbox 1207 3340 1294 3416; baseline 0.011 -1"><span class='ocrx_word' id='word_1_287' title='bbox 1207 3340 1294 3416; x_wconf 83' lang='lat'>301.</span> 
     </span>
    </p>
   </div>
   <div class='ocr_carea' id='block_1_6' title="bbox 438 3494 2079 3593">
    <p class='ocr_par' dir='ltr' id='par_1_6' title="bbox 438 3494 2079 3593">
     <span class='ocr_line' id='line_1_28' title="bbox 438 3494 2079 3593; baseline -0.002 -22"><span class='ocrx_word' id='word_1_288' title='bbox 438 3496 518 3572; x_wconf 83' lang='lat' dir='ltr'><strong>Ono</strong></span> <span class='ocrx_word' id='word_1_289' title='bbox 550 3497 697 3570; x_wconf 83' lang='lat' dir='ltr'><strong>ocrlcibt</strong></span> <span class='ocrx_word' id='word_1_290' title='bbox 730 3497 800 3569; x_wconf 80' lang='lat' dir='ltr'><strong>deri</strong></span> <span class='ocrx_word' id='word_1_291' title='bbox 833 3497 1007 3570; x_wconf 72' lang='lat' dir='ltr'><strong>Briidern</strong></span> <span class='ocrx_word' id='word_1_292' title='bbox 1040 3496 1105 3570; x_wconf 85' lang='lat' dir='ltr'><strong>der</strong></span> <span class='ocrx_word' id='word_1_293' title='bbox 1138 3495 1374 3570; x_wconf 81' lang='lat' dir='ltr'><strong>Morizlcircbc</strong></span> <span class='ocrx_word' id='word_1_294' title='bbox 1407 3522 1452 3568; x_wconf 80' lang='lat' dir='ltr'><strong>an</strong></span> <span class='ocrx_word' id='word_1_295' title='bbox 1485 3495 1712 3593; x_wconf 69' lang='lat' dir='ltr'><strong>Mapdebargr</strong></span> <span class='ocrx_word' id='word_1_296' title='bbox 1744 3495 1814 3567; x_wconf 83' lang='lat' dir='ltr'><strong>den</strong></span> <span class='ocrx_word' id='word_1_297' title='bbox 1841 3494 1981 3585; x_wconf 83' lang='lat' dir='ltr'><strong>Morlct,</strong></span> <span class='ocrx_word' id='word_1_298' title='bbox 2019 3496 2079 3568; x_wconf 85' lang='lat' dir='ltr'><strong>dic</strong></span> 
     </span>
    </p>
   </div>
   <div class='ocr_carea' id='block_1_7' title="bbox 429 3616 2031 3814">
    <p class='ocr_par' dir='ltr' id='par_1_7' title="bbox 429 3616 2031 3814">
     <span class='ocr_line' id='line_1_29' title="bbox 429 3616 1584 3716; baseline -0.002 -26"><span class='ocrx_word' id='word_1_299' title='bbox 429 3619 561 3690; x_wconf 78' lang='lat' dir='ltr'><strong>liftinas</strong></span> <span class='ocrx_word' id='word_1_300' title='bbox 587 3618 667 3691; x_wconf 74' lang='lat' dir='ltr'><strong>eund</strong></span> <span class='ocrx_word' id='word_1_301' title='bbox 692 3618 765 3691; x_wconf 83' lang='lat' dir='ltr'><strong>den·</strong></span> <span class='ocrx_word' id='word_1_302' title='bbox 786 3631 1002 3716; x_wconf 75' lang='lat' dir='ltr'><strong>ycsumrnten</strong></span> <span class='ocrx_word' id='word_1_303' title='bbox 1028 3618 1169 3716; x_wconf 71' lang='lat' dir='ltr'><strong>Ertrap&#39;</strong></span> <span class='ocrx_word' id='word_1_304' title='bbox 1196 3617 1256 3692; x_wconf 83' lang='lat' dir='ltr'><strong>des</strong></span> <span class='ocrx_word' id='word_1_305' title='bbox 1285 3617 1399 3690; x_wconf 83' lang='lat' dir='ltr'><strong>Zolles</strong></span> <span class='ocrx_word' id='word_1_306' title='bbox 1426 3616 1584 3690; x_wconf 73' lang='lat' dir='ltr'><strong>doselbst</strong></span> 
     </span>
     <span class='ocr_line' id='line_1_30' title="bbox 1615 3740 2031 3814; baseline 0.002 -16"><span class='ocrx_word' id='word_1_307' title='bbox 1615 3740 1800 3814; x_wconf 68' lang='lat' dir='ltr'><strong>ilfuqdeburq</strong></span> <span class='ocrx_word' id='word_1_308' title='bbox 1822 3743 1885 3802; x_wconf 83' lang='lat'><strong>965</strong></span> <span class='ocrx_word' id='word_1_309' title='bbox 1909 3741 1979 3801; x_wconf 73' lang='lat' dir='ltr'><strong>Jatr·</strong></span> <span class='ocrx_word' id='word_1_310' title='bbox 2002 3745 2031 3801; x_wconf 92' lang='lat'><strong>9.</strong></span> 
     </span>
    </p>
   </div>
   <div class='ocr_carea' id='block_1_8' title="bbox 533 3876 2208 3958">
    <p class='ocr_par' dir='ltr' id='par_1_8' title="bbox 533 3876 2208 3958">
     <span class='ocr_line' id='line_1_31' title="bbox 533 3876 2208 3958; baseline 0.005 -19"><span class='ocrx_word' id='word_1_311' title='bbox 533 3879 782 3954; x_wconf 70' lang='lat' dir='ltr'><strong>ortqiaatdipzom</strong></span> <span class='ocrx_word' id='word_1_312' title='bbox 804 3882 845 3938; x_wconf 87' lang='lat' dir='ltr'><strong>im</strong></span> <span class='ocrx_word' id='word_1_313' title='bbox 867 3881 895 3940; x_wconf 82' lang='lat' dir='ltr'><strong>lc.</strong></span> <span class='ocrx_word' id='word_1_314' title='bbox 920 3880 1123 3939; x_wconf 83' lang='lat' dir='ltr'><strong>Staatsorcbio</strong></span> <span class='ocrx_word' id='word_1_315' title='bbox 1143 3897 1184 3937; x_wconf 74' lang='lat' dir='ltr'><strong>su</strong></span> <span class='ocrx_word' id='word_1_316' title='bbox 1206 3878 1312 3937; x_wconf 81' lang='lat' dir='ltr'><strong>Berlin</strong></span> <span class='ocrx_word' id='word_1_317' title='bbox 1336 3876 1400 3958; x_wconf 80' lang='lat' dir='ltr'><em>(A).</em></span> <span class='ocrx_word' id='word_1_318' title='bbox 2095 3897 2132 3946; x_wconf 79' lang='lat'><strong>30</strong></span> <span class='ocrx_word' id='word_1_319' title='bbox 2203 3951 2208 3958; x_wconf 67' lang='grc'><strong><em>,</em></strong></span> 
     </span>
    </p>
   </div>
   <div class='ocr_carea' id='block_1_9' title="bbox 530 4013 2131 4714">
    <p class='ocr_par' dir='ltr' id='par_1_9' title="bbox 530 4013 2131 4714">
     <span class='ocr_line' id='line_1_32' title="bbox 535 4013 2076 4093; baseline -0.003 -15"><span class='ocrx_word' id='word_1_320' title='bbox 535 4018 699 4078; x_wconf 78' lang='lat' dir='ltr'><strong>ll&#39;idakiad</strong></span> <span class='ocrx_word' id='word_1_321' title='bbox 721 4019 765 4078; x_wconf 82' lang='lat' dir='ltr'><strong>cd.</strong></span> <span class='ocrx_word' id='word_1_322' title='bbox 788 4018 917 4076; x_wconf 83' lang='lat' dir='ltr'><strong>lifeibom</strong></span> <span class='ocrx_word' id='word_1_323' title='bbox 939 4020 1002 4078; x_wconf 88' lang='grc'><strong>125</strong></span> <span class='ocrx_word' id='word_1_324' title='bbox 1025 4035 1082 4076; x_wconf 82' lang='lat' dir='ltr'><strong>aas</strong></span> <span class='ocrx_word' id='word_1_325' title='bbox 1104 4018 1137 4075; x_wconf 84' lang='lat' dir='ltr'><em>F</em></span> <span class='ocrx_word' id='word_1_326' title='bbox 1157 4041 1197 4070; x_wconf 94' lang='lat'>=</span> <span class='ocrx_word' id='word_1_327' title='bbox 1220 4017 1338 4076; x_wconf 69' lang='lat' dir='ltr'><strong>mater</strong></span> <span class='ocrx_word' id='word_1_328' title='bbox 1358 4018 1495 4090; x_wconf 80' lang='lat' dir='ltr'><strong>Disquis.</strong></span> <span class='ocrx_word' id='word_1_329' title='bbox 1519 4016 1656 4089; x_wconf 73' lang='lat' dir='ltr'><strong>stupidae</strong></span> <span class='ocrx_word' id='word_1_330' title='bbox 1680 4016 1789 4076; x_wconf 79' lang='lat' dir='ltr'><strong>Sason.</strong></span> <span class='ocrx_word' id='word_1_331' title='bbox 1813 4021 1847 4074; x_wconf 81' lang='lat' dir='ltr'><strong>rt⁰</strong></span> <span class='ocrx_word' id='word_1_332' title='bbox 1863 4020 1947 4077; x_wconf 84' lang='lat'><em>1190</em></span> <span class='ocrx_word' id='word_1_333' title='bbox 1970 4013 2012 4093; x_wconf 88' lang='grc' dir='ltr'><strong>(α)</strong></span> <span class='ocrx_word' id='word_1_334' title='bbox 2035 4039 2076 4068; x_wconf 95' lang='lat'><strong><em>=</em></strong></span> 
     </span>
     <span class='ocr_line' id='line_1_33' title="bbox 534 4119 2077 4195; baseline -0.001 -14"><span class='ocrx_word' id='word_1_335' title='bbox 534 4121 717 4194; x_wconf 68' lang='lat' dir='ltr'><strong>Sopittarius</strong></span> <span class='ocrx_word' id='word_1_336' title='bbox 740 4120 810 4180; x_wconf 79' lang='lat' dir='ltr'><strong>Ant.</strong></span> <span class='ocrx_word' id='word_1_337' title='bbox 833 4121 1028 4195; x_wconf 70' lang='lat' dir='ltr'><strong>Mopdcbury.</strong></span> <span class='ocrx_word' id='word_1_338' title='bbox 1053 4122 1096 4179; x_wconf 83' lang='lat' dir='ltr'><strong>cd.</strong></span> <span class='ocrx_word' id='word_1_339' title='bbox 1117 4129 1141 4190; x_wconf 86' lang='lat' dir='ltr'><strong>J,</strong></span> <span class='ocrx_word' id='word_1_340' title='bbox 1166 4124 1207 4180; x_wconf 83' lang='grc'><strong>46</strong></span> <span class='ocrx_word' id='word_1_341' title='bbox 1230 4120 1450 4194; x_wconf 71' lang='lat' dir='ltr'><strong>uocollsttiodiq</strong></span> <span class='ocrx_word' id='word_1_342' title='bbox 1472 4143 1511 4194; x_wconf 58' lang='lat'><strong>7-</strong></span> <span class='ocrx_word' id='word_1_343' title='bbox 1537 4120 1579 4177; x_wconf 84' lang='lat' dir='ltr'><strong>cd.</strong></span> <span class='ocrx_word' id='word_1_344' title='bbox 1600 4127 1641 4188; x_wconf 88' lang='lat'><strong>11,</strong></span> <span class='ocrx_word' id='word_1_345' title='bbox 1665 4121 1717 4189; x_wconf 87' lang='grc'><strong>35,</strong></span> <span class='ocrx_word' id='word_1_346' title='bbox 1743 4143 1782 4172; x_wconf 87' lang='lat'><strong><em>=</em></strong></span> <span class='ocrx_word' id='word_1_347' title='bbox 1805 4121 1934 4179; x_wconf 82' lang='lat' dir='ltr'><strong>Meibom</strong></span> <span class='ocrx_word' id='word_1_348' title='bbox 1964 4119 2016 4179; x_wconf 84' lang='lat' dir='ltr'><strong>SS.</strong></span> <span class='ocrx_word' id='word_1_349' title='bbox 2046 4125 2077 4188; x_wconf 87' lang='lat'><strong>1,</strong></span> 
     </span>
     <span class='ocr_line' id='line_1_34' title="bbox 532 4220 2079 4299; baseline -0.001 -15"><span class='ocrx_word' id='word_1_350' title='bbox 532 4229 603 4295; x_wconf 76' lang='lat'><strong>749,</strong></span> <span class='ocrx_word' id='word_1_351' title='bbox 629 4249 669 4277; x_wconf 91' lang='lat'><strong><em>=</em></strong></span> <span class='ocrx_word' id='word_1_352' title='bbox 693 4225 795 4299; x_wconf 73' lang='lat' dir='ltr'><strong>Lrtnip</strong></span> <span class='ocrx_word' id='word_1_353' title='bbox 817 4225 885 4285; x_wconf 76' lang='grc' dir='ltr'><strong>ΒΑ.</strong></span> <span class='ocrx_word' id='word_1_354' title='bbox 911 4220 974 4296; x_wconf 75' lang='lat'><strong>10⁶,</strong></span> <span class='ocrx_word' id='word_1_355' title='bbox 999 4229 1062 4286; x_wconf 80' lang='lat'><strong>346</strong></span> <span class='ocrx_word' id='word_1_356' title='bbox 1091 4229 1204 4295; x_wconf 65' lang='grc'><strong><em>11113,</em></strong></span> <span class='ocrx_word' id='word_1_357' title='bbox 1230 4247 1268 4278; x_wconf 93' lang='lat'>=</span> <span class='ocrx_word' id='word_1_358' title='bbox 1293 4223 1457 4296; x_wconf 74' lang='lat' dir='ltr'><strong>Leuckscld</strong></span> <span class='ocrx_word' id='word_1_359' title='bbox 1487 4222 1557 4283; x_wconf 69' lang='lat' dir='ltr'><strong>„lat</strong></span> <span class='ocrx_word' id='word_1_360' title='bbox 1588 4225 1777 4282; x_wconf 67' lang='lat' dir='ltr'><strong>buccararios</strong></span> <span class='ocrx_word' id='word_1_361' title='bbox 1809 4225 1879 4295; x_wconf 75' lang='lat'><strong>157,</strong></span> <span class='ocrx_word' id='word_1_362' title='bbox 1905 4246 1943 4274; x_wconf 93' lang='lat'>=</span> <span class='ocrx_word' id='word_1_363' title='bbox 1968 4224 2079 4282; x_wconf 85' lang='lat' dir='ltr'><strong>Hirscb</strong></span> 
     </span>
     <span class='ocr_line' id='line_1_35' title="bbox 532 4326 2077 4403; baseline -0.001 -16"><span class='ocrx_word' id='word_1_364' title='bbox 532 4329 731 4388; x_wconf 73' lang='lat' dir='ltr'><strong>Mbararcbio</strong></span> <span class='ocrx_word' id='word_1_365' title='bbox 748 4335 777 4399; x_wconf 86' lang='lat'><strong>1,</strong></span> <span class='ocrx_word' id='word_1_366' title='bbox 797 4332 816 4388; x_wconf 79' lang='grc'><strong><em>4</em></strong></span> <span class='ocrx_word' id='word_1_367' title='bbox 837 4336 872 4387; x_wconf 76' lang='lat' dir='ltr'><strong>rt⁰</strong></span> <span class='ocrx_word' id='word_1_368' title='bbox 887 4330 916 4399; x_wconf 88' lang='lat'><strong>5,</strong></span> <span class='ocrx_word' id='word_1_369' title='bbox 942 4351 980 4380; x_wconf 93' lang='lat'>=</span> <span class='ocrx_word' id='word_1_370' title='bbox 1006 4328 1188 4403; x_wconf 69' lang='lat' dir='ltr'><strong>Sopittorias</strong></span> <span class='ocrx_word' id='word_1_371' title='bbox 1210 4331 1243 4386; x_wconf 83' lang='lat' dir='ltr'><strong>in</strong></span> <span class='ocrx_word' id='word_1_372' title='bbox 1261 4329 1379 4402; x_wconf 76' lang='lat' dir='ltr'><strong>Boyscrr</strong></span> <span class='ocrx_word' id='word_1_373' title='bbox 1395 4326 1472 4400; x_wconf 58' lang='lat' dir='ltr'><strong>Atta.</strong></span> <span class='ocrx_word' id='word_1_374' title='bbox 1490 4327 1680 4400; x_wconf 55' lang='lat' dir='ltr'><strong>Marrucini,</strong></span> <span class='ocrx_word' id='word_1_375' title='bbox 1698 4331 1763 4388; x_wconf 87' lang='grc'><strong>102</strong></span> <span class='ocrx_word' id='word_1_376' title='bbox 1785 4328 2010 4402; x_wconf 71' lang='lat' dir='ltr'><strong>ansollsto&#39;ndiy.</strong></span> <span class='ocrx_word' id='word_1_377' title='bbox 2035 4362 2077 4371; x_wconf 97' lang='lat'>-</span> 
     </span>
     <span class='ocr_line' id='line_1_36' title="bbox 532 4430 2131 4510; baseline 0 -18"><span class='ocrx_word' id='word_1_378' title='bbox 532 4430 691 4510; x_wconf 71' lang='lat' dir='ltr'><strong>(Sarabos)</strong></span> <span class='ocrx_word' id='word_1_379' title='bbox 712 4432 893 4492; x_wconf 79' lang='lat' dir='ltr'><strong>Grr&#39;tudlr&#39;clrc</strong></span> <span class='ocrx_word' id='word_1_380' title='bbox 916 4432 1146 4506; x_wconf 73' lang='lat' dir='ltr'><strong>Wiedcrlepursq,</strong></span> <span class='ocrx_word' id='word_1_381' title='bbox 1166 4433 1250 4506; x_wconf 82' lang='lat' dir='ltr'><strong>Beyl.</strong></span> <span class='ocrx_word' id='word_1_382' title='bbox 1266 4435 1309 4491; x_wconf 85' lang='lat'><strong>38</strong></span> <span class='ocrx_word' id='word_1_383' title='bbox 1326 4437 1397 4490; x_wconf 81' lang='lat' dir='ltr'><strong>n⁰7</strong></span> <span class='ocrx_word' id='word_1_384' title='bbox 1418 4449 1474 4490; x_wconf 81' lang='lat' dir='ltr'><strong>aas</strong></span> <span class='ocrx_word' id='word_1_385' title='bbox 1490 4430 1556 4490; x_wconf 82' lang='lat' dir='ltr'><strong>MS.</strong></span> <span class='ocrx_word' id='word_1_386' title='bbox 1574 4431 1624 4491; x_wconf 82' lang='lat' dir='ltr'><strong>des</strong></span> <span class='ocrx_word' id='word_1_387' title='bbox 1644 4431 1781 4491; x_wconf 77' lang='lat' dir='ltr'><strong>otcarius</strong></span> <span class='ocrx_word' id='word_1_388' title='bbox 1796 4432 1860 4490; x_wconf 75' lang='lat' dir='ltr'><strong>aad</strong></span> <span class='ocrx_word' id='word_1_389' title='bbox 1875 4451 1895 4490; x_wconf 88' lang='lat' dir='ltr'><strong>o</strong></span> <span class='ocrx_word' id='word_1_390' title='bbox 1918 4455 1957 4485; x_wconf 90' lang='lat'><strong><em>=</em></strong></span> <span class='ocrx_word' id='word_1_391' title='bbox 1981 4433 2078 4492; x_wconf 79' lang='lat' dir='ltr'><strong>Rath·</strong></span> <span class='ocrx_word' id='word_1_392' title='bbox 2096 4451 2131 4498; x_wconf 79' lang='lat'><strong>35</strong></span> 
     </span>
     <span class='ocr_line' id='line_1_37' title="bbox 530 4519 2076 4610; baseline 0.001 -14"><span class='ocrx_word' id='word_1_393' title='bbox 530 4555 621 4596; x_wconf 82' lang='lat' dir='ltr'><strong>marm</strong></span> <span class='ocrx_word' id='word_1_394' title='bbox 640 4519 741 4596; x_wconf 75' lang='lat' dir='ltr'><strong>Gessit.</strong></span> <span class='ocrx_word' id='word_1_395' title='bbox 765 4537 794 4598; x_wconf 80' lang='lat' dir='ltr'><strong>d.</strong></span> <span class='ocrx_word' id='word_1_396' title='bbox 819 4537 904 4597; x_wconf 83' lang='lat' dir='ltr'><strong>Stadt</strong></span> <span class='ocrx_word' id='word_1_397' title='bbox 927 4537 1113 4610; x_wconf 69' lang='lat' dir='ltr'><strong>Maqdebury</strong></span> <span class='ocrx_word' id='word_1_398' title='bbox 1136 4541 1166 4606; x_wconf 85' lang='lat'><strong>1,</strong></span> <span class='ocrx_word' id='word_1_399' title='bbox 1189 4539 1253 4596; x_wconf 77' lang='lat'><strong>380</strong></span> <span class='ocrx_word' id='word_1_400' title='bbox 1275 4542 1310 4594; x_wconf 62' lang='grc' dir='ltr'><strong>πθ</strong></span> <span class='ocrx_word' id='word_1_401' title='bbox 1330 4539 1361 4594; x_wconf 86' lang='grc'><strong>2.</strong></span> <span class='ocrx_word' id='word_1_402' title='bbox 1385 4567 1427 4578; x_wconf 93' lang='lat'><em>-</em></span> <span class='ocrx_word' id='word_1_403' title='bbox 1446 4534 1577 4594; x_wconf 80' lang='lat' dir='ltr'><strong>Gerclcen</strong></span> <span class='ocrx_word' id='word_1_404' title='bbox 1601 4534 1663 4593; x_wconf 77' lang='lat' dir='ltr'><strong>OD.</strong></span> <span class='ocrx_word' id='word_1_405' title='bbox 1687 4535 1857 4594; x_wconf 69' lang='lat' dir='ltr'><strong>Brasiai.</strong></span> <span class='ocrx_word' id='word_1_406' title='bbox 1881 4539 1911 4606; x_wconf 88' lang='grc'><strong>3,</strong></span> <span class='ocrx_word' id='word_1_407' title='bbox 1935 4540 1978 4596; x_wconf 84' lang='grc'><strong>37</strong></span> <span class='ocrx_word' id='word_1_408' title='bbox 1999 4543 2033 4594; x_wconf 80' lang='lat' dir='ltr'><strong>a⁰</strong></span> <span class='ocrx_word' id='word_1_409' title='bbox 2056 4541 2076 4598; x_wconf 87' lang='grc'><em>2</em></span> 
     </span>
     <span class='ocr_line' id='line_1_38' title="bbox 530 4638 2004 4714; baseline 0.001 -15"><span class='ocrx_word' id='word_1_410' title='bbox 530 4658 586 4700; x_wconf 85' lang='lat' dir='ltr'><strong>aas</strong></span> <span class='ocrx_word' id='word_1_411' title='bbox 609 4638 647 4712; x_wconf 77' lang='lat' dir='ltr'><strong>A,</strong></span> <span class='ocrx_word' id='word_1_412' title='bbox 671 4642 726 4698; x_wconf 82' lang='lat' dir='ltr'><strong>mit</strong></span> <span class='ocrx_word' id='word_1_413' title='bbox 748 4655 811 4702; x_wconf 90' lang='lat'><em>1111.</em></span> <span class='ocrx_word' id='word_1_414' title='bbox 836 4639 874 4700; x_wconf 89' lang='lat' dir='ltr'><strong>id.</strong></span> <span class='ocrx_word' id='word_1_415' title='bbox 898 4639 970 4700; x_wconf 90' lang='lat' dir='ltr'><strong>iulii.</strong></span> <span class='ocrx_word' id='word_1_416' title='bbox 994 4673 1036 4682; x_wconf 90' lang='lat'>—</span> <span class='ocrx_word' id='word_1_417' title='bbox 1059 4639 1189 4698; x_wconf 81' lang='lat' dir='ltr'><strong>Bo&#39;bmer</strong></span> <span class='ocrx_word' id='word_1_418' title='bbox 1209 4640 1282 4713; x_wconf 74' lang='lat' dir='ltr'><strong>Ray,</strong></span> <span class='ocrx_word' id='word_1_419' title='bbox 1306 4643 1370 4699; x_wconf 84' lang='lat'><strong>303</strong></span> <span class='ocrx_word' id='word_1_420' title='bbox 1391 4657 1432 4698; x_wconf 78' lang='lat' dir='ltr'><strong>aa</strong></span> <span class='ocrx_word' id='word_1_421' title='bbox 1455 4638 1525 4698; x_wconf 81' lang='lat' dir='ltr'><strong>Jolt</strong></span> <span class='ocrx_word' id='word_1_422' title='bbox 1547 4642 1598 4698; x_wconf 86' lang='grc'><strong>12.</strong></span> <span class='ocrx_word' id='word_1_423' title='bbox 1624 4671 1666 4682; x_wconf 94' lang='lat'>-</span> <span class='ocrx_word' id='word_1_424' title='bbox 1689 4639 1818 4713; x_wconf 68' lang='lat' dir='ltr'><strong>Stanmf</strong></span> <span class='ocrx_word' id='word_1_425' title='bbox 1835 4641 1906 4714; x_wconf 71' lang='lat' dir='ltr'><strong>Rey.</strong></span> <span class='ocrx_word' id='word_1_426' title='bbox 1930 4643 2004 4701; x_wconf 79' lang='lat'><strong><em>381.</em></strong></span> 
     </span>
    </p>
   </div>
   <div class='ocr_carea' id='block_1_10' title="bbox 531 4775 2077 4942">
    <p class='ocr_par' dir='ltr' id='par_1_10' title="bbox 531 4775 2077 4942">
     <span class='ocr_line' id='line_1_39' title="bbox 534 4775 2077 4851; baseline -0.001 -13"><span class='ocrx_word' id='word_1_427' title='bbox 534 4780 596 4838; x_wconf 80' lang='lat' dir='ltr'><strong>Von</strong></span> <span class='ocrx_word' id='word_1_428' title='bbox 617 4778 686 4838; x_wconf 83' lang='lat' dir='ltr'><strong>LK.</strong></span> <span class='ocrx_word' id='word_1_429' title='bbox 710 4779 901 4837; x_wconf 82' lang='lat' dir='ltr'><strong>onmittclbor</strong></span> <span class='ocrx_word' id='word_1_430' title='bbox 921 4778 998 4836; x_wconf 80' lang='lat' dir='ltr'><strong>nach</strong></span> <span class='ocrx_word' id='word_1_431' title='bbox 1018 4775 1085 4835; x_wconf 81' lang='grc' dir='ltr'><strong>ΒΟ.</strong></span> <span class='ocrx_word' id='word_1_432' title='bbox 1102 4781 1165 4838; x_wconf 82' lang='grc'><strong>299</strong></span> <span class='ocrx_word' id='word_1_433' title='bbox 1185 4777 1380 4850; x_wconf 68' lang='lat' dir='ltr'><strong>pesclu-ichen,</strong></span> <span class='ocrx_word' id='word_1_434' title='bbox 1405 4775 1497 4836; x_wconf 81' lang='lat' dir='ltr'><strong>daber</strong></span> <span class='ocrx_word' id='word_1_435' title='bbox 1517 4777 1594 4835; x_wconf 81' lang='lat' dir='ltr'><strong>auch</strong></span> <span class='ocrx_word' id='word_1_436' title='bbox 1615 4778 1669 4835; x_wconf 81' lang='lat' dir='ltr'><strong>mit</strong></span> <span class='ocrx_word' id='word_1_437' title='bbox 1692 4777 1754 4848; x_wconf 79' lang='lat' dir='ltr'><strong>fast</strong></span> <span class='ocrx_word' id='word_1_438' title='bbox 1774 4777 1913 4851; x_wconf 69' lang='lat' dir='ltr'><strong>qteicbcm</strong></span> <span class='ocrx_word' id='word_1_439' title='bbox 1928 4778 2077 4837; x_wconf 80' lang='lat' dir='ltr'><strong>Protoboll</strong></span> 
     </span>
     <span class='ocr_line' id='line_1_40' title="bbox 531 4884 675 4942; baseline 0 0"><span class='ocrx_word' id='word_1_440' title='bbox 531 4884 675 4942; x_wconf 76' lang='lat' dir='ltr'><strong>narseten.</strong></span> 
     </span>
    </p>
   </div>
   <div class='ocr_carea' id='block_1_11' title="bbox 428 5047 2130 5241">
    <p class='ocr_par' dir='ltr' id='par_1_11' title="bbox 428 5047 2130 5241">
     <span class='ocr_line' id='line_1_41' title="bbox 534 5047 2130 5137; baseline 0.003 -22"><span class='ocrx_word' id='word_1_441' title='bbox 534 5053 592 5133; x_wconf 82' lang='lat' dir='ltr'><strong>(O.)</strong></span> <span class='ocrx_word' id='word_1_442' title='bbox 616 5053 629 5137; x_wconf 67' lang='grc' dir='ltr'>ξ</span> <span class='ocrx_word' id='word_1_443' title='bbox 651 5051 690 5116; x_wconf 93' lang='lat' dir='ltr'><strong>In</strong></span> <span class='ocrx_word' id='word_1_444' title='bbox 712 5053 843 5118; x_wconf 86' lang='lat' dir='ltr'><strong>nornine</strong></span> <span class='ocrx_word' id='word_1_445' title='bbox 867 5060 1001 5116; x_wconf 86' lang='lat' dir='ltr'><strong>sanctae</strong></span> <span class='ocrx_word' id='word_1_446' title='bbox 1025 5059 1057 5115; x_wconf 90' lang='lat' dir='ltr'><strong>et</strong></span> <span class='ocrx_word' id='word_1_447' title='bbox 1079 5049 1267 5116; x_wconf 87' lang='lat' dir='ltr'><strong>individuae</strong></span> <span class='ocrx_word' id='word_1_448' title='bbox 1290 5051 1453 5116; x_wconf 88' lang='lat' dir='ltr'><strong>trinitatis.</strong></span> <span class='ocrx_word' id='word_1_449' title='bbox 1498 5049 1577 5116; x_wconf 93' lang='lat' dir='ltr'><strong>Otto</strong></span> <span class='ocrx_word' id='word_1_450' title='bbox 1606 5050 1717 5115; x_wconf 90' lang='lat' dir='ltr'><strong>divina</strong></span> <span class='ocrx_word' id='word_1_451' title='bbox 1743 5050 1874 5114; x_wconf 87' lang='lat' dir='ltr'><strong>favente</strong></span> <span class='ocrx_word' id='word_1_452' title='bbox 1903 5047 2076 5113; x_wconf 86' lang='lat' dir='ltr'><strong>clementia</strong></span> <span class='ocrx_word' id='word_1_453' title='bbox 2094 5069 2130 5118; x_wconf 76' lang='lat'><strong>40</strong></span> 
     </span>
     <span class='ocr_line' id='line_1_42' title="bbox 428 5149 2077 5241; baseline -0.002 -21"><span class='ocrx_word' id='word_1_454' title='bbox 428 5158 606 5241; x_wconf 75' lang='lat' dir='ltr'><strong>imperator</strong></span> <span class='ocrx_word' id='word_1_455' title='bbox 628 5164 795 5239; x_wconf 76' lang='lat' dir='ltr'><strong>augustus.</strong></span> <span class='ocrx_word' id='word_1_456' title='bbox 884 5171 951 5220; x_wconf 87' lang='lat' dir='ltr'><strong>Cum</strong></span> <span class='ocrx_word' id='word_1_457' title='bbox 973 5171 1088 5235; x_wconf 87' lang='lat' dir='ltr'><strong>plurima</strong></span> <span class='ocrx_word' id='word_1_458' title='bbox 1110 5175 1306 5221; x_wconf 86' lang='lat' dir='ltr'><strong>antecessorum</strong></span> <span class='ocrx_word' id='word_1_459' title='bbox 1329 5177 1487 5233; x_wconf 87' lang='lat' dir='ltr'><strong>nostrorum,</strong></span> <span class='ocrx_word' id='word_1_460' title='bbox 1513 5171 1701 5235; x_wconf 86' lang='lat' dir='ltr'><strong>imperatorum</strong></span> <span class='ocrx_word' id='word_1_461' title='bbox 1723 5168 1848 5218; x_wconf 86' lang='lat' dir='ltr'><strong>videlicet</strong></span> <span class='ocrx_word' id='word_1_462' title='bbox 1872 5175 1918 5218; x_wconf 89' lang='lat' dir='ltr'><strong>aut</strong></span> <span class='ocrx_word' id='word_1_463' title='bbox 1940 5183 2040 5233; x_wconf 77' lang='lat' dir='ltr'><strong>regum,</strong></span> <span class='ocrx_word' id='word_1_464' title='bbox 2063 5149 2077 5232; x_wconf 75' lang='lat' dir='ltr'><strong>ll</strong></span> 
     </span>
    </p>
   </div>
   <div class='ocr_carea' id='block_1_12' title="bbox 514 5305 2129 5792">
    <p class='ocr_par' dir='ltr' id='par_1_12' title="bbox 514 5305 2129 5792">
     <span class='ocr_line' id='line_1_43' title="bbox 514 5305 2076 5378; baseline -0.005 -14"><span class='ocrx_word' id='word_1_465' title='bbox 514 5309 571 5364; x_wconf 79' lang='lat' dir='ltr'><strong>toti.</strong></span> <span class='ocrx_word' id='word_1_466' title='bbox 601 5308 809 5378; x_wconf 84' lang='lat' dir='ltr'><strong>[Foltn·Hertel]</strong></span> <span class='ocrx_word' id='word_1_467' title='bbox 898 5313 924 5370; x_wconf 89' lang='lat' dir='ltr'><strong>a)</strong></span> <span class='ocrx_word' id='word_1_468' title='bbox 943 5308 1006 5374; x_wconf 73' lang='lat' dir='ltr'><strong>De,</strong></span> <span class='ocrx_word' id='word_1_469' title='bbox 1025 5310 1125 5362; x_wconf 84' lang='lat' dir='ltr'><strong>totaO</strong></span> <span class='ocrx_word' id='word_1_470' title='bbox 1207 5311 1236 5372; x_wconf 91' lang='lat' dir='ltr'><strong>b)</strong></span> <span class='ocrx_word' id='word_1_471' title='bbox 1257 5307 1289 5369; x_wconf 78' lang='lat' dir='ltr'><strong>G,</strong></span> <span class='ocrx_word' id='word_1_472' title='bbox 1308 5312 1428 5360; x_wconf 85' lang='lat' dir='ltr'><strong>muniant</strong></span> <span class='ocrx_word' id='word_1_473' title='bbox 1448 5309 1472 5360; x_wconf 84' lang='lat'><em>0</em></span> <span class='ocrx_word' id='word_1_474' title='bbox 1491 5309 1546 5360; x_wconf 77' lang='lat' dir='ltr'><strong>aad</strong></span> <span class='ocrx_word' id='word_1_475' title='bbox 1563 5309 1651 5360; x_wconf 71' lang='grc' dir='ltr'><strong>ώαυο</strong></span> <span class='ocrx_word' id='word_1_476' title='bbox 1670 5307 1699 5359; x_wconf 94' lang='lat' dir='ltr'><em>D</em></span> <span class='ocrx_word' id='word_1_477' title='bbox 1715 5323 1761 5360; x_wconf 82' lang='lat' dir='ltr'><strong>cor</strong></span> <span class='ocrx_word' id='word_1_478' title='bbox 1781 5307 1916 5359; x_wconf 66' lang='lat' dir='ltr'><strong>Censetur</strong></span> <span class='ocrx_word' id='word_1_479' title='bbox 2001 5308 2026 5368; x_wconf 84' lang='lat' dir='ltr'><strong>c)</strong></span> <span class='ocrx_word' id='word_1_480' title='bbox 2048 5305 2076 5366; x_wconf 86' lang='lat'><strong>0,</strong></span> 
     </span>
     <span class='ocr_line' id='line_1_44' title="bbox 598 5375 2078 5442; baseline -0.002 -13"><span class='ocrx_word' id='word_1_481' title='bbox 598 5381 721 5430; x_wconf 88' lang='lat' dir='ltr'><strong>liberiore</strong></span> <span class='ocrx_word' id='word_1_482' title='bbox 739 5379 775 5440; x_wconf 88' lang='lat' dir='ltr'><strong>D,</strong></span> <span class='ocrx_word' id='word_1_483' title='bbox 799 5380 915 5430; x_wconf 87' lang='lat' dir='ltr'><strong>liberiori</strong></span> <span class='ocrx_word' id='word_1_484' title='bbox 939 5397 1004 5429; x_wconf 83' lang='lat' dir='ltr'><strong>corr.</strong></span> <span class='ocrx_word' id='word_1_485' title='bbox 1032 5395 1079 5429; x_wconf 73' lang='lat' dir='ltr'><strong>aar</strong></span> <span class='ocrx_word' id='word_1_486' title='bbox 1102 5379 1246 5432; x_wconf 85' lang='lat' dir='ltr'><strong>liberaliori</strong></span> <span class='ocrx_word' id='word_1_487' title='bbox 1267 5377 1292 5430; x_wconf 79' lang='lat' dir='ltr'><em>G</em></span> <span class='ocrx_word' id='word_1_488' title='bbox 1396 5378 1423 5442; x_wconf 80' lang='lat' dir='ltr'><strong>d)</strong></span> <span class='ocrx_word' id='word_1_489' title='bbox 1444 5395 1539 5430; x_wconf 86' lang='lat' dir='ltr'><strong>vacare</strong></span> <span class='ocrx_word' id='word_1_490' title='bbox 1563 5381 1622 5429; x_wconf 91' lang='lat' dir='ltr'><strong>ocio</strong></span> <span class='ocrx_word' id='word_1_491' title='bbox 1642 5378 1670 5429; x_wconf 89' lang='lat' dir='ltr'><em>D</em></span> <span class='ocrx_word' id='word_1_492' title='bbox 1773 5377 1798 5442; x_wconf 89' lang='lat' dir='ltr'><strong>e)</strong></span> <span class='ocrx_word' id='word_1_493' title='bbox 1818 5378 1901 5426; x_wconf 87' lang='lat' dir='ltr'><strong>divini</strong></span> <span class='ocrx_word' id='word_1_494' title='bbox 1925 5377 2031 5427; x_wconf 83' lang='lat' dir='ltr'><strong>servicii</strong></span> <span class='ocrx_word' id='word_1_495' title='bbox 2048 5375 2078 5426; x_wconf 93' lang='lat' dir='ltr'><em>D</em></span> 
     </span>
     <span class='ocr_line' id='line_1_45' title="bbox 598 5443 2076 5514; baseline -0.005 -14"><span class='ocrx_word' id='word_1_496' title='bbox 598 5446 667 5511; x_wconf 59' lang='lat' dir='ltr'><strong>fif),</strong></span> <span class='ocrx_word' id='word_1_497' title='bbox 686 5448 830 5500; x_wconf 81' lang='lat' dir='ltr'><strong>Adellredis</strong></span> <span class='ocrx_word' id='word_1_498' title='bbox 846 5447 895 5499; x_wconf 80' lang='lat'><strong>01&gt;</strong></span> <span class='ocrx_word' id='word_1_499' title='bbox 971 5452 998 5514; x_wconf 80' lang='lat' dir='ltr'><strong>g)</strong></span> <span class='ocrx_word' id='word_1_500' title='bbox 1019 5450 1147 5500; x_wconf 82' lang='lat' dir='ltr'><strong>carissimi</strong></span> <span class='ocrx_word' id='word_1_501' title='bbox 1166 5446 1333 5499; x_wconf 81' lang='lat' dir='ltr'><strong>carissimiO</strong></span> <span class='ocrx_word' id='word_1_502' title='bbox 1407 5448 1434 5507; x_wconf 84' lang='lat' dir='ltr'><strong>lr)</strong></span> <span class='ocrx_word' id='word_1_503' title='bbox 1454 5449 1481 5497; x_wconf 82' lang='lat' dir='ltr'><strong>in</strong></span> <span class='ocrx_word' id='word_1_504' title='bbox 1500 5447 1528 5497; x_wconf 93' lang='lat' dir='ltr'><em>D</em></span> <span class='ocrx_word' id='word_1_505' title='bbox 1545 5463 1671 5498; x_wconf 58' lang='lat' dir='ltr'><strong>coranus</strong></span> <span class='ocrx_word' id='word_1_506' title='bbox 1688 5447 1739 5506; x_wconf 85' lang='lat' dir='ltr'><strong>vel,</strong></span> <span class='ocrx_word' id='word_1_507' title='bbox 1758 5443 1864 5500; x_wconf 62' lang='lat' dir='ltr'><strong>velot}</strong></span> <span class='ocrx_word' id='word_1_508' title='bbox 1932 5443 2076 5510; x_wconf 71' lang='lat' dir='ltr'><strong>iiMagde·</strong></span> 
     </span>
     <span class='ocr_line' id='line_1_46' title="bbox 599 5512 2129 5583; baseline -0.003 -15"><span class='ocrx_word' id='word_1_509' title='bbox 599 5519 666 5583; x_wconf 82' lang='lat' dir='ltr'><strong>burg</strong></span> <span class='ocrx_word' id='word_1_510' title='bbox 686 5515 711 5568; x_wconf 78' lang='lat' dir='ltr'><em>G</em></span> <span class='ocrx_word' id='word_1_511' title='bbox 806 5517 835 5582; x_wconf 86' lang='lat' dir='ltr'><strong>k)</strong></span> <span class='ocrx_word' id='word_1_512' title='bbox 854 5519 914 5568; x_wconf 90' lang='lat' dir='ltr'><strong>urbi</strong></span> <span class='ocrx_word' id='word_1_513' title='bbox 937 5518 988 5568; x_wconf 82' lang='lat' dir='ltr'><strong>alle</strong></span> <span class='ocrx_word' id='word_1_514' title='bbox 1086 5519 1105 5572; x_wconf 82' lang='lat' dir='ltr'><strong>ll</strong></span> <span class='ocrx_word' id='word_1_515' title='bbox 1125 5517 1374 5568; x_wconf 83' lang='lat' dir='ltr'><strong>circumiacentibus</strong></span> <span class='ocrx_word' id='word_1_516' title='bbox 1395 5515 1419 5567; x_wconf 82' lang='grc' dir='ltr'><em>θ</em></span> <span class='ocrx_word' id='word_1_517' title='bbox 1515 5515 1553 5581; x_wconf 76' lang='grc' dir='ltr'><strong>ιη)</strong></span> <span class='ocrx_word' id='word_1_518' title='bbox 1569 5515 1640 5579; x_wconf 70' lang='lat' dir='ltr'><strong>fehlt</strong></span> <span class='ocrx_word' id='word_1_519' title='bbox 1664 5518 1693 5564; x_wconf 83' lang='lat' dir='ltr'><strong>in</strong></span> <span class='ocrx_word' id='word_1_520' title='bbox 1714 5514 1770 5566; x_wconf 75' lang='lat' dir='ltr'><strong>Do</strong></span> <span class='ocrx_word' id='word_1_521' title='bbox 1866 5517 1893 5576; x_wconf 80' lang='lat' dir='ltr'><strong>n)</strong></span> <span class='ocrx_word' id='word_1_522' title='bbox 1914 5513 1949 5564; x_wconf 86' lang='lat' dir='ltr'><strong>Et</strong></span> <span class='ocrx_word' id='word_1_523' title='bbox 1972 5519 2001 5564; x_wconf 92' lang='lat' dir='ltr'><strong>ut</strong></span> <span class='ocrx_word' id='word_1_524' title='bbox 2024 5512 2076 5563; x_wconf 84' lang='lat' dir='ltr'><strong>hoc</strong></span> <span class='ocrx_word' id='word_1_525' title='bbox 2094 5516 2129 5564; x_wconf 77' lang='lat'><strong>45</strong></span> 
     </span>
     <span class='ocr_line' id='line_1_47' title="bbox 600 5581 2077 5653; baseline -0.003 -16"><span class='ocrx_word' id='word_1_526' title='bbox 600 5589 744 5638; x_wconf 81' lang='lat' dir='ltr'><strong>auctoritas</strong></span> <span class='ocrx_word' id='word_1_527' title='bbox 761 5593 850 5638; x_wconf 89' lang='lat' dir='ltr'><strong>nostre</strong></span> <span class='ocrx_word' id='word_1_528' title='bbox 867 5614 902 5624; x_wconf 93' lang='lat'>—</span> <span class='ocrx_word' id='word_1_529' title='bbox 919 5586 1120 5653; x_wconf 73' lang='lat' dir='ltr'><strong>permanenti),</strong></span> <span class='ocrx_word' id='word_1_530' title='bbox 1146 5589 1183 5638; x_wconf 85' lang='lat' dir='ltr'><strong>Et</strong></span> <span class='ocrx_word' id='word_1_531' title='bbox 1199 5593 1229 5637; x_wconf 88' lang='lat' dir='ltr'><strong>ut</strong></span> <span class='ocrx_word' id='word_1_532' title='bbox 1247 5586 1297 5636; x_wconf 88' lang='lat' dir='ltr'><strong>hec</strong></span> <span class='ocrx_word' id='word_1_533' title='bbox 1315 5601 1339 5636; x_wconf 88' lang='lat' dir='ltr'><strong>a.</strong></span> <span class='ocrx_word' id='word_1_534' title='bbox 1358 5603 1383 5636; x_wconf 92' lang='lat' dir='ltr'><strong>n.</strong></span> <span class='ocrx_word' id='word_1_535' title='bbox 1401 5591 1526 5652; x_wconf 85' lang='lat' dir='ltr'><strong>precepta</strong></span> <span class='ocrx_word' id='word_1_536' title='bbox 1544 5587 1561 5635; x_wconf 91' lang='lat' dir='ltr'><strong>i.</strong></span> <span class='ocrx_word' id='word_1_537' title='bbox 1581 5591 1607 5636; x_wconf 89' lang='lat' dir='ltr'><strong>et</strong></span> <span class='ocrx_word' id='word_1_538' title='bbox 1624 5587 1642 5637; x_wconf 88' lang='lat' dir='ltr'><strong>i.</strong></span> <span class='ocrx_word' id='word_1_539' title='bbox 1661 5585 1769 5635; x_wconf 82' lang='lat' dir='ltr'><strong>firmiter</strong></span> <span class='ocrx_word' id='word_1_540' title='bbox 1786 5587 1959 5650; x_wconf 86' lang='lat' dir='ltr'><strong>permaneant</strong></span> <span class='ocrx_word' id='word_1_541' title='bbox 1977 5581 2012 5644; x_wconf 91' lang='lat' dir='ltr'><strong>D,</strong></span> <span class='ocrx_word' id='word_1_542' title='bbox 2039 5583 2077 5632; x_wconf 80' lang='lat' dir='ltr'><strong>Et</strong></span> 
     </span>
     <span class='ocr_line' id='line_1_48' title="bbox 599 5649 2077 5724; baseline -0.004 -17"><span class='ocrx_word' id='word_1_543' title='bbox 599 5663 679 5707; x_wconf 91' lang='lat' dir='ltr'><strong>ut-</strong></span> <span class='ocrx_word' id='word_1_544' title='bbox 698 5657 849 5706; x_wconf 85' lang='lat' dir='ltr'><strong>inmutilata</strong></span> <span class='ocrx_word' id='word_1_545' title='bbox 866 5656 976 5707; x_wconf 87' lang='lat' dir='ltr'><strong>firmiter</strong></span> <span class='ocrx_word' id='word_1_546' title='bbox 994 5654 1190 5724; x_wconf 64' lang='lat' dir='ltr'><strong>permaneat&amp;</strong></span> <span class='ocrx_word' id='word_1_547' title='bbox 1288 5657 1315 5716; x_wconf 92' lang='lat' dir='ltr'><strong>o)</strong></span> <span class='ocrx_word' id='word_1_548' title='bbox 1333 5654 1403 5718; x_wconf 80' lang='lat' dir='ltr'><strong>sebit</strong></span> <span class='ocrx_word' id='word_1_549' title='bbox 1426 5657 1455 5704; x_wconf 84' lang='lat' dir='ltr'><strong>in</strong></span> <span class='ocrx_word' id='word_1_550' title='bbox 1476 5655 1506 5704; x_wconf 94' lang='lat' dir='ltr'><em>D</em></span> <span class='ocrx_word' id='word_1_551' title='bbox 1604 5657 1631 5721; x_wconf 87' lang='lat' dir='ltr'><strong>p)</strong></span> <span class='ocrx_word' id='word_1_552' title='bbox 1651 5653 1808 5720; x_wconf 83' lang='lat' dir='ltr'><strong>Rudclphus</strong></span> <span class='ocrx_word' id='word_1_553' title='bbox 1828 5653 1864 5717; x_wconf 93' lang='lat' dir='ltr'><strong>D,</strong></span> <span class='ocrx_word' id='word_1_554' title='bbox 1891 5651 2030 5703; x_wconf 80' lang='lat' dir='ltr'><strong>Lndolffns</strong></span> <span class='ocrx_word' id='word_1_555' title='bbox 2051 5649 2077 5702; x_wconf 77' lang='lat' dir='ltr'>G</span> 
     </span>
     <span class='ocr_line' id='line_1_49' title="bbox 598 5720 1929 5792; baseline -0.002 -18"><span class='ocrx_word' id='word_1_556' title='bbox 598 5728 625 5792; x_wconf 92' lang='lat' dir='ltr'><strong>q)</strong></span> <span class='ocrx_word' id='word_1_557' title='bbox 645 5725 680 5787; x_wconf 92' lang='lat' dir='ltr'><strong>D,</strong></span> <span class='ocrx_word' id='word_1_558' title='bbox 700 5727 798 5776; x_wconf 90' lang='lat' dir='ltr'><strong>Datum</strong></span> <span class='ocrx_word' id='word_1_559' title='bbox 819 5723 866 5776; x_wconf 74' lang='lat' dir='ltr'><strong>OG</strong></span> <span class='ocrx_word' id='word_1_560' title='bbox 952 5727 975 5788; x_wconf 92' lang='lat' dir='ltr'><strong>r)</strong></span> <span class='ocrx_word' id='word_1_561' title='bbox 995 5732 1054 5777; x_wconf 84' lang='lat' dir='ltr'><strong>acta</strong></span> <span class='ocrx_word' id='word_1_562' title='bbox 1071 5725 1256 5792; x_wconf 77' lang='lat' dir='ltr'><strong>Magadaburg</strong></span> <span class='ocrx_word' id='word_1_563' title='bbox 1276 5723 1309 5786; x_wconf 79' lang='lat' dir='ltr'><strong>G,</strong></span> <span class='ocrx_word' id='word_1_564' title='bbox 1327 5723 1496 5791; x_wconf 77' lang='lat' dir='ltr'><strong>Magdaburg</strong></span> <span class='ocrx_word' id='word_1_565' title='bbox 1515 5721 1564 5774; x_wconf 83' lang='lat' dir='ltr'><strong>OD</strong></span> <span class='ocrx_word' id='word_1_566' title='bbox 1650 5724 1673 5787; x_wconf 87' lang='lat' dir='ltr'><strong>s)</strong></span> <span class='ocrx_word' id='word_1_567' title='bbox 1689 5721 1753 5788; x_wconf 77' lang='lat' dir='ltr'><strong>Do,</strong></span> <span class='ocrx_word' id='word_1_568' title='bbox 1766 5721 1836 5786; x_wconf 76' lang='lat' dir='ltr'><strong>sebit</strong></span> <span class='ocrx_word' id='word_1_569' title='bbox 1853 5723 1882 5772; x_wconf 81' lang='lat' dir='ltr'><strong>in</strong></span> <span class='ocrx_word' id='word_1_570' title='bbox 1902 5720 1929 5772; x_wconf 83' lang='grc'><strong>0.</strong></span> 
     </span>
    </p>
   </div>
   <div class='ocr_carea' id='block_1_13' title="bbox 0 0 2292 6421">
    <p class='ocr_par' dir='ltr' id='par_1_13' title="bbox 0 0 2292 6421">
     <span class='ocr_line' id='line_1_50' title="bbox 0 0 2292 6421; baseline 0 0"><span class='ocrx_word' id='word_1_571' title='bbox 0 0 2292 6421; x_wconf 95' lang='lat' dir='ltr'><strong> </strong></span> 
     </span>
    </p>
   </div>
  </div>
 </body>
</html>
