<?xml version="1.0" encoding="UTF-8"?>
<!DOCTYPE html PUBLIC "-//W3C//DTD XHTML 1.0 Transitional//EN"
    "http://www.w3.org/TR/xhtml1/DTD/xhtml1-transitional.dtd">
<html xmlns="http://www.w3.org/1999/xhtml" xml:lang="en" lang="en">
 <head>
  <title>
</title>
<meta http-equiv="Content-Type" content="text/html;charset=utf-8" />
  <meta name='ocr-system' content='tesseract 3.04.00' />
  <meta name='ocr-capabilities' content='ocr_page ocr_carea ocr_par ocr_line ocrx_word'/>
</head>
<body>
  <div class='ocr_page' id='page_1' title='image "./monumentagerman00gescgoog_0640.png"; bbox 0 0 4546 6420; ppageno 0'>
   <div class='ocr_carea' id='block_1_1' title="bbox 825 417 1837 487">
    <p class='ocr_par' dir='ltr' id='par_1_1' title="bbox 825 417 1837 487">
     <span class='ocr_line' id='line_1_1' title="bbox 825 417 1837 487; baseline -0.005 -1"><span class='ocrx_word' id='word_1_1' title='bbox 825 427 996 487; x_wconf 72' lang='lat' dir='ltr'><strong>orto-1.</strong></span> <span class='ocrx_word' id='word_1_2' title='bbox 1021 424 1211 484; x_wconf 75' lang='lat' dir='ltr'><strong>ast-973.</strong></span> <span class='ocrx_word' id='word_1_3' title='bbox 1729 465 1730 470; x_wconf 18' lang='grc' dir='ltr'><strong>κ</strong></span> <span class='ocrx_word' id='word_1_4' title='bbox 1778 417 1837 482; x_wconf 87' lang='grc'><strong>611</strong></span> 
     </span>
    </p>
   </div>
   <div class='ocr_carea' id='block_1_2' title="bbox 194 608 1841 905">
    <p class='ocr_par' dir='ltr' id='par_1_2' title="bbox 194 608 1841 905">
     <span class='ocr_line' id='line_1_2' title="bbox 298 608 1841 693; baseline -0.002 -17"><span class='ocrx_word' id='word_1_5' title='bbox 298 611 421 676; x_wconf 89' lang='lat' dir='ltr'><strong>Datum</strong></span> <span class='ocrx_word' id='word_1_6' title='bbox 452 633 538 676; x_wconf 90' lang='lat' dir='ltr'><strong>anno</strong></span> <span class='ocrx_word' id='word_1_7' title='bbox 564 612 799 676; x_wconf 79' lang='lat' dir='ltr'><strong>incarnationis</strong></span> <span class='ocrx_word' id='word_1_8' title='bbox 828 610 951 675; x_wconf 90' lang='lat' dir='ltr'><strong>domini</strong></span> <span class='ocrx_word' id='word_1_9' title='bbox 974 611 1241 692; x_wconf 76' lang='lat' dir='ltr'><strong>nonagentesimo</strong></span> <span class='ocrx_word' id='word_1_10' title='bbox 1266 609 1472 693; x_wconf 81' lang='lat' dir='ltr'><strong>sexagesimo</strong></span> <span class='ocrx_word' id='word_1_11' title='bbox 1497 618 1630 688; x_wconf 84' lang='lat' dir='ltr'><strong>octavo,</strong></span> <span class='ocrx_word' id='word_1_12' title='bbox 1663 608 1841 674; x_wconf 84' lang='lat' dir='ltr'><strong>indictione</strong></span> 
     </span>
     <span class='ocr_line' id='line_1_3' title="bbox 194 713 1841 799; baseline -0.002 -18"><span class='ocrx_word' id='word_1_13' title='bbox 194 715 386 799; x_wconf 89' lang='lat' dir='ltr'><strong>undecima,</strong></span> <span class='ocrx_word' id='word_1_14' title='bbox 409 714 537 781; x_wconf 88' lang='lat' dir='ltr'><strong>decima</strong></span> <span class='ocrx_word' id='word_1_15' title='bbox 559 714 686 780; x_wconf 87' lang='lat' dir='ltr'><strong>calend.</strong></span> <span class='ocrx_word' id='word_1_16' title='bbox 708 716 895 798; x_wconf 79' lang='lat' dir='ltr'><strong>novembr.3</strong></span> <span class='ocrx_word' id='word_1_17' title='bbox 918 719 951 780; x_wconf 94' lang='lat' dir='ltr'><strong>in</strong></span> <span class='ocrx_word' id='word_1_18' title='bbox 973 713 1192 799; x_wconf 77' lang='lat' dir='ltr'><strong>Magdeburg3</strong></span> <span class='ocrx_word' id='word_1_19' title='bbox 1215 714 1305 799; x_wconf 85' lang='lat' dir='ltr'><strong>regni</strong></span> <span class='ocrx_word' id='word_1_20' title='bbox 1327 714 1430 777; x_wconf 80' lang='lat' dir='ltr'><strong>nostri</strong></span> <span class='ocrx_word' id='word_1_21' title='bbox 1453 714 1624 778; x_wconf 84' lang='lat' dir='ltr'><strong>trecesimo</strong></span> <span class='ocrx_word' id='word_1_22' title='bbox 1648 715 1759 795; x_wconf 86' lang='lat' dir='ltr'><strong>tercio,</strong></span> <span class='ocrx_word' id='word_1_23' title='bbox 1782 714 1841 778; x_wconf 91' lang='lat' dir='ltr'><strong>im·</strong></span> 
     </span>
     <span class='ocr_line' id='line_1_4' title="bbox 196 811 928 905; baseline 0 -21"><span class='ocrx_word' id='word_1_24' title='bbox 196 821 277 905; x_wconf 92' lang='lat' dir='ltr'><strong>perii</strong></span> <span class='ocrx_word' id='word_1_25' title='bbox 298 842 376 885; x_wconf 85' lang='lat' dir='ltr'><strong>vero</strong></span> <span class='ocrx_word' id='word_1_26' title='bbox 401 830 518 886; x_wconf 88' lang='lat' dir='ltr'><strong>octavo</strong></span> <span class='ocrx_word' id='word_1_27' title='bbox 542 817 669 885; x_wconf 76' lang='lat' dir='ltr'><strong>annis.b</strong></span> <span class='ocrx_word' id='word_1_28' title='bbox 926 811 928 818; x_wconf 69' lang='grc'><strong>’</strong></span> 
     </span>
    </p>
   </div>
   <div class='ocr_carea' id='block_1_3' title="bbox 160 1019 1109 1257">
    <p class='ocr_par' dir='ltr' id='par_1_3' title="bbox 160 1019 1109 1257">
     <span class='ocr_line' id='line_1_5' title="bbox 974 1019 1061 1094; baseline -0.011 0"><span class='ocrx_word' id='word_1_29' title='bbox 974 1019 1061 1094; x_wconf 69' lang='grc'><strong>451.</strong></span> 
     </span>
     <span class='ocr_line' id='line_1_6' title="bbox 160 1174 1109 1257; baseline -0.006 -15"><span class='ocrx_word' id='word_1_30' title='bbox 160 1193 178 1242; x_wconf 78' lang='lat' dir='ltr'><strong>s</strong></span> <span class='ocrx_word' id='word_1_31' title='bbox 930 1174 1109 1257; x_wconf 83' lang='lat' dir='ltr'><strong>(Uaecbt.)</strong></span> 
     </span>
    </p>
   </div>
   <div class='ocr_carea' id='block_1_4' title="bbox 205 1313 1843 1413">
    <p class='ocr_par' dir='ltr' id='par_1_4' title="bbox 205 1313 1843 1413">
     <span class='ocr_line' id='line_1_7' title="bbox 205 1313 1843 1413; baseline -0.003 -21"><span class='ocrx_word' id='word_1_32' title='bbox 205 1317 285 1394; x_wconf 88' lang='lat' dir='ltr'><strong>Otto</strong></span> <span class='ocrx_word' id='word_1_33' title='bbox 312 1316 453 1391; x_wconf 76' lang='lat' dir='ltr'><strong>sotenkt</strong></span> <span class='ocrx_word' id='word_1_34' title='bbox 477 1316 557 1390; x_wconf 82' lang='lat' dir='ltr'><strong>dem</strong></span> <span class='ocrx_word' id='word_1_35' title='bbox 583 1343 655 1389; x_wconf 81' lang='lat' dir='ltr'><strong>uon</strong></span> <span class='ocrx_word' id='word_1_36' title='bbox 682 1315 747 1388; x_wconf 86' lang='lat' dir='ltr'><strong>der</strong></span> <span class='ocrx_word' id='word_1_37' title='bbox 773 1314 951 1387; x_wconf 78' lang='lat' dir='ltr'><strong>Aebtt&#39;ssia</strong></span> <span class='ocrx_word' id='word_1_38' title='bbox 979 1313 1126 1388; x_wconf 73' lang='lat' dir='ltr'><strong>Homnae</strong></span> <span class='ocrx_word' id='word_1_39' title='bbox 1158 1315 1340 1413; x_wconf 65' lang='lat' dir='ltr'><strong>geleiteten</strong></span> <span class='ocrx_word' id='word_1_40' title='bbox 1366 1315 1656 1388; x_wconf 81' lang='lat' dir='ltr'><strong>Nonaenlcloster</strong></span> <span class='ocrx_word' id='word_1_41' title='bbox 1689 1341 1734 1387; x_wconf 83' lang='lat' dir='ltr'><strong>zu</strong></span> <span class='ocrx_word' id='word_1_42' title='bbox 1760 1313 1843 1387; x_wconf 85' lang='lat' dir='ltr'><strong>Hil-</strong></span> 
     </span>
    </p>
   </div>
   <div class='ocr_carea' id='block_1_5' title="bbox 201 1434 1798 1631">
    <p class='ocr_par' dir='ltr' id='par_1_5' title="bbox 201 1434 1798 1631">
     <span class='ocr_line' id='line_1_8' title="bbox 201 1434 1515 1534; baseline -0.005 -22"><span class='ocrx_word' id='word_1_43' title='bbox 201 1438 446 1512; x_wconf 71' lang='lat' dir='ltr'><strong>muretenses</strong></span> <span class='ocrx_word' id='word_1_44' title='bbox 472 1437 565 1512; x_wconf 76' lang='lat' dir='ltr'><strong>seclus</strong></span> <span class='ocrx_word' id='word_1_45' title='bbox 591 1436 720 1534; x_wconf 81' lang='lat' dir='ltr'><strong>Hafea</strong></span> <span class='ocrx_word' id='word_1_46' title='bbox 746 1435 826 1509; x_wconf 84' lang='lat' dir='ltr'><strong>aad</strong></span> <span class='ocrx_word' id='word_1_47' title='bbox 851 1435 919 1510; x_wconf 84' lang='lat' dir='ltr'><strong>alle</strong></span> <span class='ocrx_word' id='word_1_48' title='bbox 944 1435 1143 1508; x_wconf 68' lang='lat' dir='ltr'><strong>antibaren</strong></span> <span class='ocrx_word' id='word_1_49' title='bbox 1170 1435 1296 1510; x_wconf 76' lang='lat' dir='ltr'><strong>Rechts</strong></span> <span class='ocrx_word' id='word_1_50' title='bbox 1323 1437 1364 1509; x_wconf 84' lang='lat' dir='ltr'><strong>in</strong></span> <span class='ocrx_word' id='word_1_51' title='bbox 1390 1434 1515 1509; x_wconf 77' lang='lat' dir='ltr'><strong>Girate.</strong></span> 
     </span>
     <span class='ocr_line' id='line_1_9' title="bbox 1382 1557 1798 1631; baseline -0.002 -14"><span class='ocrx_word' id='word_1_52' title='bbox 1382 1557 1527 1617; x_wconf 79' lang='lat' dir='ltr'><strong>Rooermc</strong></span> <span class='ocrx_word' id='word_1_53' title='bbox 1549 1561 1612 1619; x_wconf 83' lang='lat'><strong>970</strong></span> <span class='ocrx_word' id='word_1_54' title='bbox 1635 1557 1726 1631; x_wconf 72' lang='lat' dir='ltr'><strong>April</strong></span> <span class='ocrx_word' id='word_1_55' title='bbox 1747 1561 1798 1618; x_wconf 88' lang='lat'><strong>11.</strong></span> 
     </span>
    </p>
   </div>
   <div class='ocr_carea' id='block_1_6' title="bbox 300 1744 1527 1818">
    <p class='ocr_par' dir='ltr' id='par_1_6' title="bbox 300 1744 1527 1818">
     <span class='ocr_line' id='line_1_10' title="bbox 300 1744 1527 1818; baseline -0.006 -9"><span class='ocrx_word' id='word_1_56' title='bbox 300 1747 441 1810; x_wconf 80' lang='lat' dir='ltr'><strong>Urlsunde</strong></span> <span class='ocrx_word' id='word_1_57' title='bbox 463 1747 512 1807; x_wconf 86' lang='lat' dir='ltr'><strong>des</strong></span> <span class='ocrx_word' id='word_1_58' title='bbox 535 1751 586 1807; x_wconf 89' lang='lat'><strong>11.</strong></span> <span class='ocrx_word' id='word_1_59' title='bbox 604 1746 657 1806; x_wconf 75' lang='lat' dir='ltr'><strong>Jlt.</strong></span> <span class='ocrx_word' id='word_1_60' title='bbox 681 1747 716 1804; x_wconf 79' lang='lat' dir='ltr'><strong>ia</strong></span> <span class='ocrx_word' id='word_1_61' title='bbox 736 1744 941 1818; x_wconf 75' lang='lat' dir='ltr'><strong>Diptomferm</strong></span> <span class='ocrx_word' id='word_1_62' title='bbox 962 1747 1006 1804; x_wconf 80' lang='lat' dir='ltr'><strong>im</strong></span> <span class='ocrx_word' id='word_1_63' title='bbox 1027 1746 1055 1804; x_wconf 80' lang='lat' dir='ltr'><strong>lt.</strong></span> <span class='ocrx_word' id='word_1_64' title='bbox 1072 1744 1275 1804; x_wconf 81' lang='lat' dir='ltr'><strong>Stactsarcbio</strong></span> <span class='ocrx_word' id='word_1_65' title='bbox 1296 1763 1337 1804; x_wconf 73' lang='lat' dir='ltr'><strong>aa</strong></span> <span class='ocrx_word' id='word_1_66' title='bbox 1359 1745 1527 1806; x_wconf 73' lang='lat' dir='ltr'><strong>Hemone.</strong></span> 
     </span>
    </p>
   </div>
   <div class='ocr_carea' id='block_1_7' title="bbox 145 1882 1842 2163">
    <p class='ocr_par' dir='ltr' id='par_1_7' title="bbox 145 1882 1842 2163">
     <span class='ocr_line' id='line_1_11' title="bbox 145 1882 1841 1960; baseline 0.001 -19"><span class='ocrx_word' id='word_1_67' title='bbox 145 1896 177 1943; x_wconf 88' lang='lat'><strong>10</strong></span> <span class='ocrx_word' id='word_1_68' title='bbox 302 1886 381 1960; x_wconf 65' lang='lat' dir='ltr'><strong>Orio.</strong></span> <span class='ocrx_word' id='word_1_69' title='bbox 402 1883 503 1956; x_wconf 66' lang='lat' dir='ltr'><strong>Grecis.</strong></span> <span class='ocrx_word' id='word_1_70' title='bbox 524 1886 553 1954; x_wconf 81' lang='lat'><strong>5,</strong></span> <span class='ocrx_word' id='word_1_71' title='bbox 575 1889 595 1943; x_wconf 85' lang='lat'><em>7</em></span> <span class='ocrx_word' id='word_1_72' title='bbox 615 1901 672 1943; x_wconf 73' lang='lat' dir='ltr'><strong>usas</strong></span> <span class='ocrx_word' id='word_1_73' title='bbox 688 1883 717 1942; x_wconf 81' lang='lat' dir='ltr'><strong><em>A</em></strong></span> <span class='ocrx_word' id='word_1_74' title='bbox 738 1885 821 1943; x_wconf 84' lang='lat' dir='ltr'><strong>aebst</strong></span> <span class='ocrx_word' id='word_1_75' title='bbox 835 1884 922 1944; x_wconf 79' lang='lat' dir='ltr'><strong>Fece.</strong></span> <span class='ocrx_word' id='word_1_76' title='bbox 949 1885 1097 1943; x_wconf 77' lang='lat' dir='ltr'><strong>==-Faes.</strong></span> <span class='ocrx_word' id='word_1_77' title='bbox 1122 1885 1155 1942; x_wconf 81' lang='lat' dir='ltr'><strong>ia</strong></span> <span class='ocrx_word' id='word_1_78' title='bbox 1177 1884 1309 1943; x_wconf 80' lang='lat' dir='ltr'><strong>Waltlrer</strong></span> <span class='ocrx_word' id='word_1_79' title='bbox 1324 1883 1455 1944; x_wconf 78' lang='lat' dir='ltr'><strong>Lexicoa</strong></span> <span class='ocrx_word' id='word_1_80' title='bbox 1469 1885 1542 1957; x_wconf 80' lang='lat' dir='ltr'><strong>dipl.</strong></span> <span class='ocrx_word' id='word_1_81' title='bbox 1561 1882 1629 1953; x_wconf 79' lang='lat' dir='ltr'><strong>ch.</strong></span> <span class='ocrx_word' id='word_1_82' title='bbox 1647 1885 1665 1943; x_wconf 87' lang='lat'><em>5</em></span> <span class='ocrx_word' id='word_1_83' title='bbox 1691 1907 1730 1936; x_wconf 94' lang='lat'><strong><em>=</em></strong></span> <span class='ocrx_word' id='word_1_84' title='bbox 1754 1882 1841 1943; x_wconf 79' lang='lat' dir='ltr'><strong>Fors.</strong></span> 
     </span>
     <span class='ocr_line' id='line_1_12' title="bbox 297 1985 1842 2061; baseline -0.001 -14"><span class='ocrx_word' id='word_1_85' title='bbox 297 1992 330 2048; x_wconf 84' lang='lat' dir='ltr'><strong>ia</strong></span> <span class='ocrx_word' id='word_1_86' title='bbox 352 1989 396 2047; x_wconf 85' lang='lat' dir='ltr'><strong>Le</strong></span> <span class='ocrx_word' id='word_1_87' title='bbox 416 1988 518 2046; x_wconf 82' lang='lat' dir='ltr'><strong>Maiae</strong></span> <span class='ocrx_word' id='word_1_88' title='bbox 530 1986 622 2059; x_wconf 67' lang='lat' dir='ltr'><strong>Duil.</strong></span> <span class='ocrx_word' id='word_1_89' title='bbox 641 1991 724 2059; x_wconf 79' lang='lat' dir='ltr'><strong>prat.</strong></span> <span class='ocrx_word' id='word_1_90' title='bbox 748 1985 847 2060; x_wconf 78' lang='lat' dir='ltr'><strong>suppl.</strong></span> <span class='ocrx_word' id='word_1_91' title='bbox 867 1988 908 2046; x_wconf 71' lang='lat'><strong>45</strong></span> <span class='ocrx_word' id='word_1_92' title='bbox 933 2009 973 2038; x_wconf 91' lang='lat'>=</span> <span class='ocrx_word' id='word_1_93' title='bbox 996 1987 1041 2045; x_wconf 84' lang='lat' dir='ltr'><strong>Le</strong></span> <span class='ocrx_word' id='word_1_94' title='bbox 1055 1987 1158 2045; x_wconf 79' lang='lat' dir='ltr'><strong>Maiae</strong></span> <span class='ocrx_word' id='word_1_95' title='bbox 1172 1987 1344 2046; x_wconf 76' lang='lat' dir='ltr'><strong>Praktiscte</strong></span> <span class='ocrx_word' id='word_1_96' title='bbox 1359 1988 1540 2061; x_wconf 72' lang='lat' dir='ltr'><strong>Aaweisaap</strong></span> <span class='ocrx_word' id='word_1_97' title='bbox 1562 2005 1620 2046; x_wconf 73' lang='lat' dir='ltr'><strong>aar</strong></span> <span class='ocrx_word' id='word_1_98' title='bbox 1633 1987 1718 2059; x_wconf 80' lang='lat' dir='ltr'><strong>Dipl.</strong></span> <span class='ocrx_word' id='word_1_99' title='bbox 1735 1985 1842 2058; x_wconf 80' lang='lat' dir='ltr'><strong>Sappl.</strong></span> 
     </span>
     <span class='ocr_line' id='line_1_13' title="bbox 300 2089 848 2163; baseline -0.004 -11"><span class='ocrx_word' id='word_1_100' title='bbox 300 2090 369 2163; x_wconf 83' lang='lat' dir='ltr'><strong>Taf.</strong></span> <span class='ocrx_word' id='word_1_101' title='bbox 394 2096 444 2152; x_wconf 73' lang='grc'><strong>49.</strong></span> <span class='ocrx_word' id='word_1_102' title='bbox 468 2123 510 2134; x_wconf 91' lang='lat'>-</span> <span class='ocrx_word' id='word_1_103' title='bbox 533 2089 661 2162; x_wconf 65' lang='lat' dir='ltr'><strong>&amp;omps</strong></span> <span class='ocrx_word' id='word_1_104' title='bbox 679 2091 752 2163; x_wconf 76' lang='lat' dir='ltr'><strong>aee.</strong></span> <span class='ocrx_word' id='word_1_105' title='bbox 776 2092 848 2150; x_wconf 77' lang='grc'><strong>189,</strong></span> 
     </span>
    </p>
   </div>
   <div class='ocr_carea' id='block_1_8' title="bbox 238 2225 1847 2717">
    <p class='ocr_par' dir='ltr' id='par_1_8' title="bbox 296 2225 1843 2300">
     <span class='ocr_line' id='line_1_14' title="bbox 296 2225 1843 2300; baseline -0.001 -13"><span class='ocrx_word' id='word_1_106' title='bbox 296 2229 546 2300; x_wconf 74' lang='lat' dir='ltr'><strong>Nucbeeieboune</strong></span> <span class='ocrx_word' id='word_1_107' title='bbox 568 2227 618 2285; x_wconf 87' lang='lat' dir='ltr'><strong>des</strong></span> <span class='ocrx_word' id='word_1_108' title='bbox 643 2225 793 2300; x_wconf 74' lang='lat' dir='ltr'><strong>Oiiyiaals</strong></span> <span class='ocrx_word' id='word_1_109' title='bbox 815 2246 871 2287; x_wconf 83' lang='lat' dir='ltr'><strong>uon</strong></span> <span class='ocrx_word' id='word_1_110' title='bbox 892 2228 959 2289; x_wconf 80' lang='grc'><strong>00.</strong></span> <span class='ocrx_word' id='word_1_111' title='bbox 976 2231 1049 2289; x_wconf 83' lang='lat'><em>395.</em></span> <span class='ocrx_word' id='word_1_112' title='bbox 1085 2227 1219 2300; x_wconf 77' lang='lat' dir='ltr'><strong>Entfuus</strong></span> <span class='ocrx_word' id='word_1_113' title='bbox 1241 2228 1330 2286; x_wconf 82' lang='lat' dir='ltr'><strong>schoa</strong></span> <span class='ocrx_word' id='word_1_114' title='bbox 1352 2228 1447 2286; x_wconf 84' lang='lat' dir='ltr'><strong>demit</strong></span> <span class='ocrx_word' id='word_1_115' title='bbox 1470 2227 1522 2286; x_wconf 81' lang='lat' dir='ltr'><strong>der</strong></span> <span class='ocrx_word' id='word_1_116' title='bbox 1540 2225 1681 2287; x_wconf 80' lang='lat' dir='ltr'><strong>Gedaalie</strong></span> <span class='ocrx_word' id='word_1_117' title='bbox 1703 2245 1744 2285; x_wconf 83' lang='lat' dir='ltr'><strong>aa</strong></span> <span class='ocrx_word' id='word_1_118' title='bbox 1761 2228 1843 2286; x_wconf 83' lang='lat' dir='ltr'><strong>Neu-</strong></span> 
     </span>
    </p>

    <p class='ocr_par' dir='ltr' id='par_1_9' title="bbox 298 2329 1844 2408">
     <span class='ocr_line' id='line_1_15' title="bbox 298 2329 1844 2408; baseline -0.001 -18"><span class='ocrx_word' id='word_1_119' title='bbox 298 2330 507 2404; x_wconf 73' lang='lat' dir='ltr'><strong>aassertipaae</strong></span> <span class='ocrx_word' id='word_1_120' title='bbox 532 2329 576 2408; x_wconf 88' lang='lat' dir='ltr'><strong>(so</strong></span> <span class='ocrx_word' id='word_1_121' title='bbox 593 2330 702 2388; x_wconf 77' lang='lat' dir='ltr'><strong>Fictor</strong></span> <span class='ocrx_word' id='word_1_122' title='bbox 719 2330 814 2391; x_wconf 84' lang='lat' dir='ltr'><strong>Bcitr.</strong></span> <span class='ocrx_word' id='word_1_123' title='bbox 834 2336 864 2402; x_wconf 86' lang='lat'><strong>1,</strong></span> <span class='ocrx_word' id='word_1_124' title='bbox 887 2331 973 2408; x_wconf 80' lang='lat'><strong>296),</strong></span> <span class='ocrx_word' id='word_1_125' title='bbox 996 2349 1028 2390; x_wconf 89' lang='lat' dir='ltr'><strong>so</strong></span> <span class='ocrx_word' id='word_1_126' title='bbox 1050 2334 1090 2390; x_wconf 84' lang='lat' dir='ltr'><strong>ist</strong></span> <span class='ocrx_word' id='word_1_127' title='bbox 1112 2332 1186 2390; x_wconf 75' lang='lat' dir='ltr'><strong>accit</strong></span> <span class='ocrx_word' id='word_1_128' title='bbox 1206 2349 1248 2389; x_wconf 78' lang='lat' dir='ltr'><strong>ea</strong></span> <span class='ocrx_word' id='word_1_129' title='bbox 1269 2332 1404 2390; x_wconf 82' lang='lat' dir='ltr'><strong>becclrtea</strong></span> <span class='ocrx_word' id='word_1_130' title='bbox 1427 2331 1495 2388; x_wconf 84' lang='lat' dir='ltr'><strong>dass</strong></span> <span class='ocrx_word' id='word_1_131' title='bbox 1518 2330 1585 2390; x_wconf 88' lang='lat' dir='ltr'><strong>DO.</strong></span> <span class='ocrx_word' id='word_1_132' title='bbox 1604 2333 1664 2390; x_wconf 78' lang='lat'><strong>451</strong></span> <span class='ocrx_word' id='word_1_133' title='bbox 1690 2333 1775 2388; x_wconf 71' lang='lat' dir='ltr'><strong>anea</strong></span> <span class='ocrx_word' id='word_1_134' title='bbox 1797 2331 1844 2389; x_wconf 81' lang='lat' dir='ltr'><strong>die</strong></span> 
     </span>
    </p>

    <p class='ocr_par' dir='ltr' id='par_1_10' title="bbox 298 2433 1843 2509">
     <span class='ocr_line' id='line_1_16' title="bbox 298 2433 1843 2509; baseline 0.002 -16"><span class='ocrx_word' id='word_1_135' title='bbox 298 2435 467 2508; x_wconf 72' lang='lat' dir='ltr'><strong>Fulseuuey</strong></span> <span class='ocrx_word' id='word_1_136' title='bbox 490 2434 564 2493; x_wconf 81' lang='lat' dir='ltr'><strong>wohl</strong></span> <span class='ocrx_word' id='word_1_137' title='bbox 586 2433 777 2492; x_wconf 71' lang='lat' dir='ltr'><strong>craterense</strong></span> <span class='ocrx_word' id='word_1_138' title='bbox 795 2436 908 2496; x_wconf 63' lang='lat' dir='ltr'><strong>mate</strong></span> <span class='ocrx_word' id='word_1_139' title='bbox 929 2455 969 2495; x_wconf 78' lang='lat' dir='ltr'><strong>eu</strong></span> <span class='ocrx_word' id='word_1_140' title='bbox 991 2436 1058 2496; x_wconf 91' lang='lat' dir='ltr'><strong>DO.</strong></span> <span class='ocrx_word' id='word_1_141' title='bbox 1076 2437 1140 2496; x_wconf 86' lang='grc'><strong>395</strong></span> <span class='ocrx_word' id='word_1_142' title='bbox 1163 2435 1226 2494; x_wconf 67' lang='grc'><strong>000</strong></span> <span class='ocrx_word' id='word_1_143' title='bbox 1246 2453 1288 2494; x_wconf 77' lang='lat' dir='ltr'><strong>eu</strong></span> <span class='ocrx_word' id='word_1_144' title='bbox 1310 2435 1413 2494; x_wconf 76' lang='lat' dir='ltr'><strong>dassen</strong></span> <span class='ocrx_word' id='word_1_145' title='bbox 1435 2435 1632 2509; x_wconf 72' lang='lat' dir='ltr'><strong>Bestdtiytmq</strong></span> <span class='ocrx_word' id='word_1_146' title='bbox 1655 2434 1843 2496; x_wconf 66' lang='grc'><strong><em>001120</em></strong></span> 
     </span>
    </p>

    <p class='ocr_par' dir='ltr' id='par_1_11' title="bbox 238 2537 1847 2717">
     <span class='ocr_line' id='line_1_17' title="bbox 299 2537 1847 2618; baseline -0.001 -20"><span class='ocrx_word' id='word_1_147' title='bbox 299 2539 443 2598; x_wconf 83' lang='lat' dir='ltr'><strong>darbietet</strong></span> <span class='ocrx_word' id='word_1_148' title='bbox 464 2538 528 2596; x_wconf 83' lang='lat' dir='ltr'><strong>aad</strong></span> <span class='ocrx_word' id='word_1_149' title='bbox 550 2537 619 2596; x_wconf 83' lang='lat' dir='ltr'><strong>dces</strong></span> <span class='ocrx_word' id='word_1_150' title='bbox 642 2539 704 2596; x_wconf 81' lang='lat' dir='ltr'><strong>sict</strong></span> <span class='ocrx_word' id='word_1_151' title='bbox 725 2538 822 2618; x_wconf 80' lang='lat' dir='ltr'><strong>dieser</strong></span> <span class='ocrx_word' id='word_1_152' title='bbox 839 2541 953 2599; x_wconf 79' lang='lat' dir='ltr'><strong>Zasate</strong></span> <span class='ocrx_word' id='word_1_153' title='bbox 966 2540 1046 2598; x_wconf 82' lang='lat' dir='ltr'><strong>aicbt</strong></span> <span class='ocrx_word' id='word_1_154' title='bbox 1061 2541 1116 2598; x_wconf 87' lang='lat' dir='ltr'><strong>mit</strong></span> <span class='ocrx_word' id='word_1_155' title='bbox 1132 2539 1197 2598; x_wconf 85' lang='lat' dir='ltr'><strong>dem</strong></span> <span class='ocrx_word' id='word_1_156' title='bbox 1211 2538 1252 2599; x_wconf 89' lang='lat' dir='ltr'><strong>D.</strong></span> <span class='ocrx_word' id='word_1_157' title='bbox 1271 2539 1410 2598; x_wconf 74' lang='lat' dir='ltr'><strong>Heinrich</strong></span> <span class='ocrx_word' id='word_1_158' title='bbox 1427 2547 1463 2598; x_wconf 80' lang='grc' dir='ltr'><strong>ΙΙ.</strong></span> <span class='ocrx_word' id='word_1_159' title='bbox 1486 2555 1551 2596; x_wconf 82' lang='lat' dir='ltr'><strong>com</strong></span> <span class='ocrx_word' id='word_1_160' title='bbox 1566 2538 1599 2597; x_wconf 84' lang='lat' dir='ltr'><strong>J.</strong></span> <span class='ocrx_word' id='word_1_161' title='bbox 1617 2541 1703 2598; x_wconf 82' lang='grc'><strong><em>1017</em></strong></span> <span class='ocrx_word' id='word_1_162' title='bbox 1718 2537 1847 2610; x_wconf 65' lang='lat' dir='ltr'><strong>&amp;omps</strong></span> 
     </span>
     <span class='ocr_line' id='line_1_18' title="bbox 238 2643 1686 2717; baseline 0.003 -23"><span class='ocrx_word' id='word_1_163' title='bbox 238 2683 242 2694; x_wconf 94' lang='lat'><em>.</em></span> <span class='ocrx_word' id='word_1_164' title='bbox 295 2643 367 2717; x_wconf 76' lang='lat' dir='ltr'><strong>Ray.</strong></span> <span class='ocrx_word' id='word_1_165' title='bbox 391 2645 475 2703; x_wconf 85' lang='lat'><em>1695</em></span> <span class='ocrx_word' id='word_1_166' title='bbox 498 2645 635 2715; x_wconf 66' lang='lat' dir='ltr'><strong>venriet.</strong></span> <span class='ocrx_word' id='word_1_167' title='bbox 1684 2643 1686 2646; x_wconf 78' lang='grc'>’</span> 
     </span>
    </p>
   </div>
   <div class='ocr_carea' id='block_1_9' title="bbox 145 2826 1882 4875">
    <p class='ocr_par' dir='ltr' id='par_1_12' title="bbox 145 2826 1882 4875">
     <span class='ocr_line' id='line_1_19' title="bbox 302 2826 1882 2913; baseline -0.002 -18"><span class='ocrx_word' id='word_1_168' title='bbox 302 2831 358 2911; x_wconf 82' lang='lat'>(0.)</span> <span class='ocrx_word' id='word_1_169' title='bbox 381 2831 394 2913; x_wconf 63' lang='grc' dir='ltr'><strong>ᾗ)</strong></span> <span class='ocrx_word' id='word_1_170' title='bbox 416 2829 455 2894; x_wconf 91' lang='lat' dir='ltr'><strong>In</strong></span> <span class='ocrx_word' id='word_1_171' title='bbox 477 2829 608 2895; x_wconf 90' lang='lat' dir='ltr'><strong>nomine</strong></span> <span class='ocrx_word' id='word_1_172' title='bbox 632 2838 744 2892; x_wconf 89' lang='lat' dir='ltr'><strong>sancte</strong></span> <span class='ocrx_word' id='word_1_173' title='bbox 768 2838 800 2893; x_wconf 93' lang='lat' dir='ltr'><strong>et</strong></span> <span class='ocrx_word' id='word_1_174' title='bbox 822 2827 989 2893; x_wconf 85' lang='lat' dir='ltr'><strong>individue</strong></span> <span class='ocrx_word' id='word_1_175' title='bbox 1012 2829 1176 2893; x_wconf 83' lang='lat' dir='ltr'><strong>trinitatis.</strong></span> <span class='ocrx_word' id='word_1_176' title='bbox 1212 2826 1291 2892; x_wconf 90' lang='lat' dir='ltr'><strong>Otto</strong></span> <span class='ocrx_word' id='word_1_177' title='bbox 1315 2827 1426 2892; x_wconf 88' lang='lat' dir='ltr'><strong>divina</strong></span> <span class='ocrx_word' id='word_1_178' title='bbox 1447 2827 1579 2891; x_wconf 86' lang='lat' dir='ltr'><strong>favente</strong></span> <span class='ocrx_word' id='word_1_179' title='bbox 1598 2826 1771 2892; x_wconf 89' lang='lat' dir='ltr'><strong>clementia</strong></span> <span class='ocrx_word' id='word_1_180' title='bbox 1785 2828 1842 2892; x_wconf 89' lang='lat' dir='ltr'><strong>im·</strong></span> <span class='ocrx_word' id='word_1_181' title='bbox 1881 2867 1882 2870; x_wconf 61' lang='lat'><em>=</em></span> 
     </span>
     <span class='ocr_line' id='line_1_20' title="bbox 198 2929 1845 3022; baseline -0.003 -22"><span class='ocrx_word' id='word_1_182' title='bbox 198 2945 328 3022; x_wconf 79' lang='lat' dir='ltr'><strong>perator</strong></span> <span class='ocrx_word' id='word_1_183' title='bbox 356 2942 524 3018; x_wconf 74' lang='lat' dir='ltr'><strong>augustus·</strong></span> <span class='ocrx_word' id='word_1_184' title='bbox 628 2948 751 2998; x_wconf 88' lang='lat' dir='ltr'><strong>Omnium</strong></span> <span class='ocrx_word' id='word_1_185' title='bbox 774 2955 865 3000; x_wconf 88' lang='lat' dir='ltr'><strong>sancte</strong></span> <span class='ocrx_word' id='word_1_186' title='bbox 887 2949 928 2998; x_wconf 89' lang='lat' dir='ltr'><strong>dei</strong></span> <span class='ocrx_word' id='word_1_187' title='bbox 952 2948 1082 2998; x_wconf 86' lang='lat' dir='ltr'><strong>aeclesiae</strong></span> <span class='ocrx_word' id='word_1_188' title='bbox 1104 2947 1221 2998; x_wconf 87' lang='lat' dir='ltr'><strong>fidelium</strong></span> <span class='ocrx_word' id='word_1_189' title='bbox 1243 2955 1445 3012; x_wconf 89' lang='lat' dir='ltr'><strong>nostrorumque</strong></span> <span class='ocrx_word' id='word_1_190' title='bbox 1467 2948 1628 3012; x_wconf 86' lang='lat' dir='ltr'><strong>presentium</strong></span> <span class='ocrx_word' id='word_1_191' title='bbox 1650 2929 1664 3015; x_wconf 63' lang='grc' dir='ltr'>ξ</span> <span class='ocrx_word' id='word_1_192' title='bbox 1686 2942 1796 2997; x_wconf 76' lang='lat' dir='ltr'><strong>scilict²</strong></span> <span class='ocrx_word' id='word_1_193' title='bbox 1818 2951 1845 2998; x_wconf 90' lang='lat' dir='ltr'><strong>et</strong></span> 
     </span>
     <span class='ocr_line' id='line_1_21' title="bbox 146 3049 1845 3116; baseline -0.004 -12"><span class='ocrx_word' id='word_1_194' title='bbox 146 3057 180 3104; x_wconf 80' lang='lat'><strong>20</strong></span> <span class='ocrx_word' id='word_1_195' title='bbox 198 3055 347 3106; x_wconf 81' lang='lat' dir='ltr'><strong>sutrrrorum</strong></span> <span class='ocrx_word' id='word_1_196' title='bbox 370 3055 474 3104; x_wconf 89' lang='lat' dir='ltr'><strong>noverit</strong></span> <span class='ocrx_word' id='word_1_197' title='bbox 496 3053 639 3114; x_wconf 88' lang='lat' dir='ltr'><strong>industria,</strong></span> <span class='ocrx_word' id='word_1_198' title='bbox 671 3052 784 3116; x_wconf 87' lang='lat' dir='ltr'><strong>qualiter</strong></span> <span class='ocrx_word' id='word_1_199' title='bbox 806 3067 854 3101; x_wconf 92' lang='lat' dir='ltr'><strong>nos</strong></span> <span class='ocrx_word' id='word_1_200' title='bbox 876 3067 923 3116; x_wconf 90' lang='lat' dir='ltr'><strong>per</strong></span> <span class='ocrx_word' id='word_1_201' title='bbox 946 3051 1090 3102; x_wconf 89' lang='lat' dir='ltr'><strong>remedium</strong></span> <span class='ocrx_word' id='word_1_202' title='bbox 1113 3053 1200 3116; x_wconf 73' lang='lat' dir='ltr'><strong>anime</strong></span> <span class='ocrx_word' id='word_1_203' title='bbox 1223 3056 1311 3116; x_wconf 76' lang='lat' dir='ltr'><strong>nostre</strong></span> <span class='ocrx_word' id='word_1_204' title='bbox 1334 3057 1537 3116; x_wconf 89' lang='lat' dir='ltr'><strong>nostrorumque</strong></span> <span class='ocrx_word' id='word_1_205' title='bbox 1560 3055 1713 3114; x_wconf 89' lang='lat' dir='ltr'><strong>pareutum,</strong></span> <span class='ocrx_word' id='word_1_206' title='bbox 1743 3049 1845 3100; x_wconf 89' lang='lat' dir='ltr'><strong>scilicet</strong></span> 
     </span>
     <span class='ocr_line' id='line_1_22' title="bbox 197 3153 1842 3224; baseline -0.003 -15"><span class='ocrx_word' id='word_1_207' title='bbox 197 3159 267 3224; x_wconf 79' lang='lat' dir='ltr'><strong>bone</strong></span> <span class='ocrx_word' id='word_1_208' title='bbox 289 3158 413 3222; x_wconf 73' lang='lat' dir='ltr'><strong>memorie</strong></span> <span class='ocrx_word' id='word_1_209' title='bbox 432 3157 515 3206; x_wconf 83' lang='lat' dir='ltr'><strong>nostri</strong></span> <span class='ocrx_word' id='word_1_210' title='bbox 534 3156 615 3220; x_wconf 88' lang='lat' dir='ltr'><strong>patris</strong></span> <span class='ocrx_word' id='word_1_211' title='bbox 630 3155 750 3204; x_wconf 86' lang='lat' dir='ltr'><strong>Heinrici</strong></span> <span class='ocrx_word' id='word_1_212' title='bbox 772 3155 842 3221; x_wconf 81' lang='lat' dir='ltr'><strong>regis</strong></span> <span class='ocrx_word' id='word_1_213' title='bbox 863 3159 1006 3220; x_wconf 75' lang='lat' dir='ltr'><strong>nostreque</strong></span> <span class='ocrx_word' id='word_1_214' title='bbox 1029 3153 1123 3218; x_wconf 74' lang='lat' dir='ltr'><strong>dilecte</strong></span> <span class='ocrx_word' id='word_1_215' title='bbox 1146 3156 1237 3204; x_wconf 90' lang='lat' dir='ltr'><strong>matris</strong></span> <span class='ocrx_word' id='word_1_216' title='bbox 1255 3154 1395 3204; x_wconf 87' lang='lat' dir='ltr'><strong>Mahttilde</strong></span> <span class='ocrx_word' id='word_1_217' title='bbox 1418 3156 1516 3220; x_wconf 74' lang='lat' dir='ltr'><strong>regine,</strong></span> <span class='ocrx_word' id='word_1_218' title='bbox 1539 3169 1589 3204; x_wconf 86' lang='lat' dir='ltr'><strong>nec</strong></span> <span class='ocrx_word' id='word_1_219' title='bbox 1611 3169 1665 3203; x_wconf 92' lang='lat' dir='ltr'><strong>non</strong></span> <span class='ocrx_word' id='word_1_220' title='bbox 1688 3159 1714 3204; x_wconf 90' lang='lat' dir='ltr'><strong>et</strong></span> <span class='ocrx_word' id='word_1_221' title='bbox 1736 3170 1783 3218; x_wconf 90' lang='lat' dir='ltr'><strong>per</strong></span> <span class='ocrx_word' id='word_1_222' title='bbox 1805 3155 1842 3204; x_wconf 94' lang='lat' dir='ltr'><strong>in-</strong></span> 
     </span>
     <span class='ocr_line' id='line_1_23' title="bbox 197 3255 1845 3325; baseline -0.002 -13"><span class='ocrx_word' id='word_1_223' title='bbox 197 3266 347 3312; x_wconf 82' lang='lat' dir='ltr'><strong>terventum</strong></span> <span class='ocrx_word' id='word_1_224' title='bbox 368 3255 400 3309; x_wconf 80' lang='lat' dir='ltr'><strong>ac</strong></span> <span class='ocrx_word' id='word_1_225' title='bbox 424 3260 579 3324; x_wconf 86' lang='lat' dir='ltr'><strong>petitionem</strong></span> <span class='ocrx_word' id='word_1_226' title='bbox 608 3257 703 3323; x_wconf 72' lang='lat' dir='ltr'><strong>dilecte</strong></span> <span class='ocrx_word' id='word_1_227' title='bbox 733 3259 854 3324; x_wconf 83' lang='lat' dir='ltr'><strong>coniugis</strong></span> <span class='ocrx_word' id='word_1_228' title='bbox 883 3263 972 3324; x_wconf 77' lang='lat' dir='ltr'><strong>nostre</strong></span> <span class='ocrx_word' id='word_1_229' title='bbox 1001 3257 1146 3324; x_wconf 69' lang='lat' dir='ltr'><strong>adelheide</strong></span> <span class='ocrx_word' id='word_1_230' title='bbox 1175 3264 1288 3325; x_wconf 78' lang='lat' dir='ltr'><strong>auguste</strong></span> <span class='ocrx_word' id='word_1_231' title='bbox 1316 3275 1510 3325; x_wconf 79' lang='lat' dir='ltr'><strong>regnorumque</strong></span> <span class='ocrx_word' id='word_1_232' title='bbox 1537 3263 1686 3309; x_wconf 87' lang='lat' dir='ltr'><strong>nostrorum</strong></span> <span class='ocrx_word' id='word_1_233' title='bbox 1716 3260 1845 3309; x_wconf 88' lang='lat' dir='ltr'><strong>consortis</strong></span> 
     </span>
     <span class='ocr_line' id='line_1_24' title="bbox 198 3356 1844 3427; baseline -0.002 -13"><span class='ocrx_word' id='word_1_234' title='bbox 198 3364 232 3414; x_wconf 90' lang='lat' dir='ltr'><strong>ad</strong></span> <span class='ocrx_word' id='word_1_235' title='bbox 255 3363 395 3414; x_wconf 87' lang='lat' dir='ltr'><strong>aeclesiam</strong></span> <span class='ocrx_word' id='word_1_236' title='bbox 417 3364 444 3411; x_wconf 91' lang='lat' dir='ltr'><strong>in</strong></span> <span class='ocrx_word' id='word_1_237' title='bbox 467 3361 748 3412; x_wconf 86' lang='lat' dir='ltr'><strong>Hildiuuardeshusun</strong></span> <span class='ocrx_word' id='word_1_238' title='bbox 770 3365 949 3412; x_wconf 80' lang='lat' dir='ltr'><strong>constructam</strong></span> <span class='ocrx_word' id='word_1_239' title='bbox 972 3377 1023 3427; x_wconf 74' lang='lat' dir='ltr'><strong>quq</strong></span> <span class='ocrx_word' id='word_1_240' title='bbox 1053 3367 1092 3412; x_wconf 85' lang='lat' dir='ltr'><strong>est</strong></span> <span class='ocrx_word' id='word_1_241' title='bbox 1120 3369 1274 3413; x_wconf 87' lang='lat' dir='ltr'><strong>consecrata</strong></span> <span class='ocrx_word' id='word_1_242' title='bbox 1301 3365 1329 3412; x_wconf 91' lang='lat' dir='ltr'><strong>in</strong></span> <span class='ocrx_word' id='word_1_243' title='bbox 1357 3364 1457 3413; x_wconf 91' lang='lat' dir='ltr'><strong>honore</strong></span> <span class='ocrx_word' id='word_1_244' title='bbox 1486 3365 1592 3412; x_wconf 86' lang='lat' dir='ltr'><strong>sauctae</strong></span> <span class='ocrx_word' id='word_1_245' title='bbox 1621 3361 1664 3412; x_wconf 89' lang='lat' dir='ltr'><strong>dei</strong></span> <span class='ocrx_word' id='word_1_246' title='bbox 1690 3356 1844 3426; x_wconf 79' lang='lat' dir='ltr'><strong>ginitricis⁸</strong></span> 
     </span>
     <span class='ocr_line' id='line_1_25' title="bbox 198 3459 1844 3534; baseline -0.002 -16"><span class='ocrx_word' id='word_1_247' title='bbox 198 3485 353 3534; x_wconf 86' lang='lat' dir='ltr'><strong>semperque</strong></span> <span class='ocrx_word' id='word_1_248' title='bbox 369 3469 479 3533; x_wconf 79' lang='lat' dir='ltr'><strong>virginis</strong></span> <span class='ocrx_word' id='word_1_249' title='bbox 494 3467 587 3531; x_wconf 66' lang='lat' dir='ltr'><strong>Muris,</strong></span> <span class='ocrx_word' id='word_1_250' title='bbox 611 3473 690 3531; x_wconf 86' lang='lat' dir='ltr'><strong>atque</strong></span> <span class='ocrx_word' id='word_1_251' title='bbox 710 3464 813 3514; x_wconf 87' lang='lat' dir='ltr'><strong>ancillis</strong></span> <span class='ocrx_word' id='word_1_252' title='bbox 836 3464 878 3515; x_wconf 91' lang='lat' dir='ltr'><strong>dei</strong></span> <span class='ocrx_word' id='word_1_253' title='bbox 901 3467 929 3514; x_wconf 93' lang='lat' dir='ltr'><strong>in</strong></span> <span class='ocrx_word' id='word_1_254' title='bbox 952 3464 1043 3515; x_wconf 89' lang='lat' dir='ltr'><strong>eodem</strong></span> <span class='ocrx_word' id='word_1_255' title='bbox 1066 3465 1125 3516; x_wconf 92' lang='lat' dir='ltr'><strong>loco</strong></span> <span class='ocrx_word' id='word_1_256' title='bbox 1149 3466 1198 3516; x_wconf 90' lang='lat' dir='ltr'><strong>deo</strong></span> <span class='ocrx_word' id='word_1_257' title='bbox 1222 3483 1376 3532; x_wconf 84' lang='lat' dir='ltr'><strong>semperque</strong></span> <span class='ocrx_word' id='word_1_258' title='bbox 1399 3468 1496 3532; x_wconf 84' lang='lat' dir='ltr'><strong>virgini</strong></span> <span class='ocrx_word' id='word_1_259' title='bbox 1511 3467 1596 3531; x_wconf 69' lang='lat' dir='ltr'><strong>Maris</strong></span> <span class='ocrx_word' id='word_1_260' title='bbox 1618 3459 1778 3532; x_wconf 71' lang='lat' dir='ltr'><strong>genitricis²</strong></span> <span class='ocrx_word' id='word_1_261' title='bbox 1801 3464 1844 3516; x_wconf 87' lang='lat' dir='ltr'><strong>dei</strong></span> 
     </span>
     <span class='ocr_line' id='line_1_26' title="bbox 145 3554 1843 3637; baseline -0.002 -16"><span class='ocrx_word' id='word_1_262' title='bbox 145 3575 179 3621; x_wconf 78' lang='lat'><strong>25</strong></span> <span class='ocrx_word' id='word_1_263' title='bbox 198 3566 378 3637; x_wconf 73' lang='lat' dir='ltr'><strong>devotisimq³</strong></span> <span class='ocrx_word' id='word_1_264' title='bbox 405 3570 597 3620; x_wconf 76' lang='lat' dir='ltr'><strong>famulantibus</strong></span> <span class='ocrx_word' id='word_1_265' title='bbox 619 3569 717 3634; x_wconf 87' lang='lat' dir='ltr'><strong>quibus</strong></span> <span class='ocrx_word' id='word_1_266' title='bbox 740 3569 899 3619; x_wconf 87' lang='lat' dir='ltr'><strong>venerabilis</strong></span> <span class='ocrx_word' id='word_1_267' title='bbox 922 3569 1057 3618; x_wconf 84' lang='lat' dir='ltr'><strong>abbatissa</strong></span> <span class='ocrx_word' id='word_1_268' title='bbox 1086 3554 1250 3618; x_wconf 66' lang='lat' dir='ltr'><strong>Hemme²</strong></span> <span class='ocrx_word' id='word_1_269' title='bbox 1277 3587 1382 3635; x_wconf 87' lang='lat' dir='ltr'><strong>preesse</strong></span> <span class='ocrx_word' id='word_1_270' title='bbox 1404 3570 1523 3632; x_wconf 88' lang='lat' dir='ltr'><strong>videtur,</strong></span> <span class='ocrx_word' id='word_1_271' title='bbox 1552 3585 1600 3633; x_wconf 90' lang='lat' dir='ltr'><strong>per</strong></span> <span class='ocrx_word' id='word_1_272' title='bbox 1622 3570 1704 3618; x_wconf 91' lang='lat' dir='ltr'><strong>nostri</strong></span> <span class='ocrx_word' id='word_1_273' title='bbox 1726 3569 1843 3632; x_wconf 85' lang='lat' dir='ltr'><strong>precepti</strong></span> 
     </span>
     <span class='ocr_line' id='line_1_27' title="bbox 196 3665 1845 3742; baseline -0.001 -18"><span class='ocrx_word' id='word_1_274' title='bbox 196 3677 319 3742; x_wconf 86' lang='lat' dir='ltr'><strong>paginam</strong></span> <span class='ocrx_word' id='word_1_275' title='bbox 342 3676 370 3723; x_wconf 92' lang='lat' dir='ltr'><strong>in</strong></span> <span class='ocrx_word' id='word_1_276' title='bbox 393 3675 528 3738; x_wconf 90' lang='lat' dir='ltr'><strong>proprium</strong></span> <span class='ocrx_word' id='word_1_277' title='bbox 552 3673 708 3722; x_wconf 87' lang='lat' dir='ltr'><strong>donavimus</strong></span> <span class='ocrx_word' id='word_1_278' title='bbox 731 3688 777 3723; x_wconf 88' lang='lat' dir='ltr'><strong>sex</strong></span> <span class='ocrx_word' id='word_1_279' title='bbox 800 3687 906 3723; x_wconf 88' lang='lat' dir='ltr'><strong>mansos</strong></span> <span class='ocrx_word' id='word_1_280' title='bbox 929 3689 988 3723; x_wconf 90' lang='lat' dir='ltr'><strong>cum</strong></span> <span class='ocrx_word' id='word_1_281' title='bbox 1007 3689 1053 3724; x_wconf 82' lang='lat' dir='ltr'><strong>sex</strong></span> <span class='ocrx_word' id='word_1_282' title='bbox 1072 3670 1212 3724; x_wconf 72' lang='lat' dir='ltr'><strong>lamaliis³</strong></span> <span class='ocrx_word' id='word_1_283' title='bbox 1235 3691 1315 3739; x_wconf 88' lang='lat' dir='ltr'><strong>snper</strong></span> <span class='ocrx_word' id='word_1_284' title='bbox 1332 3677 1404 3740; x_wconf 90' lang='lat' dir='ltr'><strong>ipsos</strong></span> <span class='ocrx_word' id='word_1_285' title='bbox 1420 3689 1524 3724; x_wconf 88' lang='lat' dir='ltr'><strong>mansos</strong></span> <span class='ocrx_word' id='word_1_286' title='bbox 1540 3665 1715 3722; x_wconf 72' lang='lat' dir='ltr'><strong>habitantes²</strong></span> <span class='ocrx_word' id='word_1_287' title='bbox 1736 3673 1765 3720; x_wconf 95' lang='lat' dir='ltr'><strong>in</strong></span> <span class='ocrx_word' id='word_1_288' title='bbox 1780 3671 1845 3722; x_wconf 85' lang='lat' dir='ltr'><strong>villa</strong></span> 
     </span>
     <span class='ocr_line' id='line_1_28' title="bbox 196 3760 1844 3848; baseline -0.005 -17"><span class='ocrx_word' id='word_1_289' title='bbox 196 3781 316 3831; x_wconf 86' lang='lat' dir='ltr'><strong>Gemmet</strong></span> <span class='ocrx_word' id='word_1_290' title='bbox 343 3779 371 3826; x_wconf 90' lang='lat' dir='ltr'><strong>in</strong></span> <span class='ocrx_word' id='word_1_291' title='bbox 400 3779 526 3828; x_wconf 85' lang='lat' dir='ltr'><strong>comitatu</strong></span> <span class='ocrx_word' id='word_1_292' title='bbox 554 3777 685 3826; x_wconf 88' lang='lat' dir='ltr'><strong>Bernonis</strong></span> <span class='ocrx_word' id='word_1_293' title='bbox 715 3778 818 3826; x_wconf 90' lang='lat' dir='ltr'><strong>comitis</strong></span> <span class='ocrx_word' id='word_1_294' title='bbox 847 3783 874 3828; x_wconf 93' lang='lat' dir='ltr'><strong>et</strong></span> <span class='ocrx_word' id='word_1_295' title='bbox 903 3760 1083 3848; x_wconf 71' lang='lat' dir='ltr'><strong>quiequidb</strong></span> <span class='ocrx_word' id='word_1_296' title='bbox 1106 3762 1150 3828; x_wconf 69' lang='lat' dir='ltr'><strong>ad</strong></span> <span class='ocrx_word' id='word_1_297' title='bbox 1171 3773 1318 3829; x_wconf 75' lang='lat' dir='ltr'><strong>nostram</strong></span> <span class='ocrx_word' id='word_1_298' title='bbox 1346 3779 1488 3828; x_wconf 87' lang='lat' dir='ltr'><strong>utilitatem</strong></span> <span class='ocrx_word' id='word_1_299' title='bbox 1515 3777 1644 3826; x_wconf 84' lang='lat' dir='ltr'><strong>hactenus</strong></span> <span class='ocrx_word' id='word_1_300' title='bbox 1672 3761 1706 3824; x_wconf 86' lang='lat' dir='ltr'><strong>ln</strong></span> <span class='ocrx_word' id='word_1_301' title='bbox 1732 3781 1844 3824; x_wconf 78' lang='lat' dir='ltr'><strong>marca</strong></span> 
     </span>
     <span class='ocr_line' id='line_1_29' title="bbox 196 3863 1844 3954; baseline -0.003 -22"><span class='ocrx_word' id='word_1_302' title='bbox 196 3868 420 3954; x_wconf 56' lang='lat' dir='ltr'><strong>prenominati}</strong></span> <span class='ocrx_word' id='word_1_303' title='bbox 444 3865 520 3948; x_wconf 79' lang='lat' dir='ltr'><strong>ville</strong></span> <span class='ocrx_word' id='word_1_304' title='bbox 545 3866 741 3949; x_wconf 76' lang='lat' dir='ltr'><strong>potestative</strong></span> <span class='ocrx_word' id='word_1_305' title='bbox 765 3863 948 3944; x_wconf 62' lang='lat' dir='ltr'><strong>bellumue,</strong></span> <span class='ocrx_word' id='word_1_306' title='bbox 973 3864 1101 3930; x_wconf 72' lang='lat' dir='ltr'><strong>slllvls⁰</strong></span> <span class='ocrx_word' id='word_1_307' title='bbox 1122 3883 1266 3932; x_wconf 81' lang='lat' dir='ltr'><strong>inretiferis</strong></span> <span class='ocrx_word' id='word_1_308' title='bbox 1289 3883 1436 3946; x_wconf 89' lang='lat' dir='ltr'><strong>ceterisque</strong></span> <span class='ocrx_word' id='word_1_309' title='bbox 1459 3880 1574 3930; x_wconf 87' lang='lat' dir='ltr'><strong>arbustis</strong></span> <span class='ocrx_word' id='word_1_310' title='bbox 1597 3897 1612 3928; x_wconf 77' lang='lat' dir='ltr'><strong>s</strong></span> <span class='ocrx_word' id='word_1_311' title='bbox 1635 3895 1694 3928; x_wconf 90' lang='lat' dir='ltr'><strong>curn</strong></span> <span class='ocrx_word' id='word_1_312' title='bbox 1717 3877 1844 3928; x_wconf 82' lang='lat' dir='ltr'><strong>aedificiis</strong></span> 
     </span>
     <span class='ocr_line' id='line_1_30' title="bbox 195 3966 1844 4054; baseline -0.002 -19"><span class='ocrx_word' id='word_1_313' title='bbox 195 3992 344 4035; x_wconf 90' lang='lat' dir='ltr'><strong>necnon</strong></span> <span class='ocrx_word' id='word_1_314' title='bbox 367 3977 400 4032; x_wconf 89' lang='lat' dir='ltr'><strong>et</strong></span> <span class='ocrx_word' id='word_1_315' title='bbox 422 3984 561 4047; x_wconf 80' lang='lat' dir='ltr'><strong>mancipiis</strong></span> <span class='ocrx_word' id='word_1_316' title='bbox 583 3977 650 4031; x_wconf 90' lang='lat' dir='ltr'><strong>tam</strong></span> <span class='ocrx_word' id='word_1_317' title='bbox 673 3966 749 4031; x_wconf 92' lang='lat' dir='ltr'><strong>inde</strong></span> <span class='ocrx_word' id='word_1_318' title='bbox 772 3966 937 4053; x_wconf 87' lang='lat' dir='ltr'><strong>defugatis</strong></span> <span class='ocrx_word' id='word_1_319' title='bbox 960 3990 1057 4054; x_wconf 92' lang='lat' dir='ltr'><strong>quam</strong></span> <span class='ocrx_word' id='word_1_320' title='bbox 1080 3968 1201 4034; x_wconf 91' lang='lat' dir='ltr'><strong>ibidem</strong></span> <span class='ocrx_word' id='word_1_321' title='bbox 1223 3971 1371 4051; x_wconf 87' lang='lat' dir='ltr'><strong>inventis,</strong></span> <span class='ocrx_word' id='word_1_322' title='bbox 1395 3987 1471 4035; x_wconf 82' lang='lat' dir='ltr'><strong>terris</strong></span> <span class='ocrx_word' id='word_1_323' title='bbox 1494 3984 1572 4034; x_wconf 82' lang='lat' dir='ltr'><strong>cultis</strong></span> <span class='ocrx_word' id='word_1_324' title='bbox 1595 3987 1622 4033; x_wconf 82' lang='lat' dir='ltr'><strong>et</strong></span> <span class='ocrx_word' id='word_1_325' title='bbox 1643 3983 1751 4032; x_wconf 82' lang='lat' dir='ltr'><strong>incultis</strong></span> <span class='ocrx_word' id='word_1_326' title='bbox 1774 3982 1844 4046; x_wconf 74' lang='lat' dir='ltr'><strong>agris</strong></span> 
     </span>
     <span class='ocr_line' id='line_1_31' title="bbox 146 4073 1845 4153; baseline -0.001 -17"><span class='ocrx_word' id='word_1_327' title='bbox 146 4090 179 4136; x_wconf 90' lang='grc'><strong>30</strong></span> <span class='ocrx_word' id='word_1_328' title='bbox 198 4089 298 4152; x_wconf 86' lang='lat' dir='ltr'><strong>campis</strong></span> <span class='ocrx_word' id='word_1_329' title='bbox 320 4088 403 4150; x_wconf 88' lang='lat' dir='ltr'><strong>pratis</strong></span> <span class='ocrx_word' id='word_1_330' title='bbox 425 4087 530 4150; x_wconf 85' lang='lat' dir='ltr'><strong>pascuis</strong></span> <span class='ocrx_word' id='word_1_331' title='bbox 546 4101 561 4132; x_wconf 73' lang='lat' dir='ltr'><strong>s</strong></span> <span class='ocrx_word' id='word_1_332' title='bbox 577 4086 652 4150; x_wconf 87' lang='lat' dir='ltr'><strong>aquis</strong></span> <span class='ocrx_word' id='word_1_333' title='bbox 675 4101 857 4151; x_wconf 90' lang='lat' dir='ltr'><strong>aquarumque</strong></span> <span class='ocrx_word' id='word_1_334' title='bbox 880 4086 1037 4137; x_wconf 83' lang='lat' dir='ltr'><strong>decursibus</strong></span> <span class='ocrx_word' id='word_1_335' title='bbox 1059 4088 1217 4138; x_wconf 87' lang='lat' dir='ltr'><strong>molendinis</strong></span> <span class='ocrx_word' id='word_1_336' title='bbox 1240 4089 1433 4153; x_wconf 88' lang='lat' dir='ltr'><strong>piscationibus</strong></span> <span class='ocrx_word' id='word_1_337' title='bbox 1455 4090 1506 4136; x_wconf 90' lang='lat' dir='ltr'><strong>viis</strong></span> <span class='ocrx_word' id='word_1_338' title='bbox 1528 4073 1556 4138; x_wconf 71' lang='lat' dir='ltr'><strong>vet</strong></span> <span class='ocrx_word' id='word_1_339' title='bbox 1577 4087 1657 4135; x_wconf 84' lang='lat' dir='ltr'><strong>inviis</strong></span> <span class='ocrx_word' id='word_1_340' title='bbox 1680 4086 1795 4136; x_wconf 87' lang='lat' dir='ltr'><strong>exitibus</strong></span> <span class='ocrx_word' id='word_1_341' title='bbox 1818 4090 1845 4136; x_wconf 91' lang='lat' dir='ltr'><strong>et</strong></span> 
     </span>
     <span class='ocr_line' id='line_1_32' title="bbox 197 4181 1845 4256; baseline -0.001 -16"><span class='ocrx_word' id='word_1_342' title='bbox 197 4189 327 4240; x_wconf 89' lang='lat' dir='ltr'><strong>reditibus</strong></span> <span class='ocrx_word' id='word_1_343' title='bbox 349 4190 459 4252; x_wconf 87' lang='lat' dir='ltr'><strong>quesitis</strong></span> <span class='ocrx_word' id='word_1_344' title='bbox 481 4192 507 4236; x_wconf 89' lang='lat' dir='ltr'><strong>et</strong></span> <span class='ocrx_word' id='word_1_345' title='bbox 530 4187 694 4251; x_wconf 88' lang='lat' dir='ltr'><strong>inquirendis</strong></span> <span class='ocrx_word' id='word_1_346' title='bbox 717 4188 860 4239; x_wconf 89' lang='lat' dir='ltr'><strong>mobilibus</strong></span> <span class='ocrx_word' id='word_1_347' title='bbox 884 4193 910 4239; x_wconf 90' lang='lat' dir='ltr'><strong>et</strong></span> <span class='ocrx_word' id='word_1_348' title='bbox 931 4190 1105 4240; x_wconf 88' lang='lat' dir='ltr'><strong>inmobilibus</strong></span> <span class='ocrx_word' id='word_1_349' title='bbox 1127 4191 1206 4240; x_wconf 89' lang='lat' dir='ltr'><strong>rebus</strong></span> <span class='ocrx_word' id='word_1_350' title='bbox 1229 4192 1352 4242; x_wconf 90' lang='lat' dir='ltr'><strong>omnibus</strong></span> <span class='ocrx_word' id='word_1_351' title='bbox 1370 4207 1386 4239; x_wconf 75' lang='lat' dir='ltr'><strong>a</strong></span> <span class='ocrx_word' id='word_1_352' title='bbox 1402 4193 1568 4256; x_wconf 87' lang='lat' dir='ltr'><strong>pertinentiis</strong></span> <span class='ocrx_word' id='word_1_353' title='bbox 1587 4197 1613 4240; x_wconf 89' lang='lat' dir='ltr'><strong>et</strong></span> <span class='ocrx_word' id='word_1_354' title='bbox 1630 4181 1845 4240; x_wconf 72' lang='lat' dir='ltr'><strong>adiacenentiis⁸</strong></span> 
     </span>
     <span class='ocr_line' id='line_1_33' title="bbox 197 4290 1844 4359; baseline -0.002 -17"><span class='ocrx_word' id='word_1_355' title='bbox 197 4309 249 4358; x_wconf 85' lang='lat' dir='ltr'><strong>qus</strong></span> <span class='ocrx_word' id='word_1_356' title='bbox 272 4291 323 4341; x_wconf 91' lang='lat' dir='ltr'><strong>dici</strong></span> <span class='ocrx_word' id='word_1_357' title='bbox 346 4291 390 4339; x_wconf 85' lang='lat' dir='ltr'><strong>vel</strong></span> <span class='ocrx_word' id='word_1_358' title='bbox 412 4290 543 4340; x_wconf 89' lang='lat' dir='ltr'><strong>nominari</strong></span> <span class='ocrx_word' id='word_1_359' title='bbox 565 4296 691 4353; x_wconf 83' lang='lat' dir='ltr'><strong>possunt,</strong></span> <span class='ocrx_word' id='word_1_360' title='bbox 722 4296 752 4340; x_wconf 92' lang='lat' dir='ltr'><strong>nt</strong></span> <span class='ocrx_word' id='word_1_361' title='bbox 774 4293 827 4340; x_wconf 86' lang='lat' dir='ltr'><strong>iam</strong></span> <span class='ocrx_word' id='word_1_362' title='bbox 849 4292 1026 4356; x_wconf 85' lang='lat' dir='ltr'><strong>prediximus,</strong></span> <span class='ocrx_word' id='word_1_363' title='bbox 1058 4293 1092 4342; x_wconf 89' lang='lat' dir='ltr'><strong>ad</strong></span> <span class='ocrx_word' id='word_1_364' title='bbox 1114 4293 1243 4359; x_wconf 66' lang='lat' dir='ltr'><strong>prefatam</strong></span> <span class='ocrx_word' id='word_1_365' title='bbox 1264 4295 1405 4344; x_wconf 86' lang='lat' dir='ltr'><strong>aeclesiam</strong></span> <span class='ocrx_word' id='word_1_366' title='bbox 1428 4296 1455 4343; x_wconf 93' lang='lat' dir='ltr'><strong>in</strong></span> <span class='ocrx_word' id='word_1_367' title='bbox 1478 4293 1760 4344; x_wconf 88' lang='lat' dir='ltr'><strong>Hildiuuardeshusun</strong></span> <span class='ocrx_word' id='word_1_368' title='bbox 1783 4307 1844 4340; x_wconf 89' lang='lat' dir='ltr'><strong>con·</strong></span> 
     </span>
     <span class='ocr_line' id='line_1_34' title="bbox 198 4367 1844 4464; baseline -0.002 -18"><span class='ocrx_word' id='word_1_369' title='bbox 198 4399 323 4446; x_wconf 75' lang='lat' dir='ltr'><strong>cunctam</strong></span> <span class='ocrx_word' id='word_1_370' title='bbox 347 4411 363 4441; x_wconf 77' lang='lat' dir='ltr'><strong>s</strong></span> <span class='ocrx_word' id='word_1_371' title='bbox 385 4395 412 4442; x_wconf 92' lang='lat' dir='ltr'><strong>in</strong></span> <span class='ocrx_word' id='word_1_372' title='bbox 435 4393 535 4442; x_wconf 89' lang='lat' dir='ltr'><strong>horrore</strong></span> <span class='ocrx_word' id='word_1_373' title='bbox 558 4398 649 4457; x_wconf 73' lang='lat' dir='ltr'><strong>sancte</strong></span> <span class='ocrx_word' id='word_1_374' title='bbox 675 4392 717 4442; x_wconf 89' lang='lat' dir='ltr'><strong>dei</strong></span> <span class='ocrx_word' id='word_1_375' title='bbox 749 4395 890 4458; x_wconf 83' lang='lat' dir='ltr'><strong>genetricis</strong></span> <span class='ocrx_word' id='word_1_376' title='bbox 918 4411 1072 4460; x_wconf 88' lang='lat' dir='ltr'><strong>semperque</strong></span> <span class='ocrx_word' id='word_1_377' title='bbox 1102 4398 1212 4461; x_wconf 77' lang='lat' dir='ltr'><strong>virginis</strong></span> <span class='ocrx_word' id='word_1_378' title='bbox 1240 4399 1325 4464; x_wconf 70' lang='lat' dir='ltr'><strong>iliaris</strong></span> <span class='ocrx_word' id='word_1_379' title='bbox 1352 4405 1532 4449; x_wconf 87' lang='lat' dir='ltr'><strong>consecratam</strong></span> <span class='ocrx_word' id='word_1_380' title='bbox 1561 4367 1773 4464; x_wconf 33' lang='lat' dir='ltr'><strong>atque&#39;ancillis</strong></span> <span class='ocrx_word' id='word_1_381' title='bbox 1801 4395 1844 4445; x_wconf 90' lang='lat' dir='ltr'><strong>dei</strong></span> 
     </span>
     <span class='ocr_line' id='line_1_35' title="bbox 196 4491 1845 4566; baseline -0.001 -18"><span class='ocrx_word' id='word_1_382' title='bbox 196 4496 294 4549; x_wconf 89' lang='lat' dir='ltr'><strong>ibidem</strong></span> <span class='ocrx_word' id='word_1_383' title='bbox 329 4497 378 4547; x_wconf 90' lang='lat' dir='ltr'><strong>dec</strong></span> <span class='ocrx_word' id='word_1_384' title='bbox 413 4511 567 4560; x_wconf 89' lang='lat' dir='ltr'><strong>semperque</strong></span> <span class='ocrx_word' id='word_1_385' title='bbox 595 4491 702 4560; x_wconf 72' lang='lat' dir='ltr'><strong>vigini²</strong></span> <span class='ocrx_word' id='word_1_386' title='bbox 735 4496 820 4561; x_wconf 68' lang='lat' dir='ltr'><strong>Maris</strong></span> <span class='ocrx_word' id='word_1_387' title='bbox 849 4497 1017 4549; x_wconf 88' lang='lat' dir='ltr'><strong>devotissime</strong></span> <span class='ocrx_word' id='word_1_388' title='bbox 1050 4501 1242 4550; x_wconf 82' lang='lat' dir='ltr'><strong>famulantibus</strong></span> <span class='ocrx_word' id='word_1_389' title='bbox 1274 4496 1432 4566; x_wconf 78' lang='lat' dir='ltr'><strong>integrum⁰</strong></span> <span class='ocrx_word' id='word_1_390' title='bbox 1466 4502 1636 4562; x_wconf 79' lang='lat' dir='ltr'><strong>donavimus,</strong></span> <span class='ocrx_word' id='word_1_391' title='bbox 1670 4505 1702 4550; x_wconf 88' lang='lat' dir='ltr'><strong>nt</strong></span> <span class='ocrx_word' id='word_1_392' title='bbox 1728 4499 1845 4549; x_wconf 85' lang='lat' dir='ltr'><strong>babeant</strong></span> 
     </span>
     <span class='ocr_line' id='line_1_36' title="bbox 146 4582 1844 4669; baseline -0.001 -17"><span class='ocrx_word' id='word_1_393' title='bbox 146 4612 179 4658; x_wconf 82' lang='lat'><strong>35</strong></span> <span class='ocrx_word' id='word_1_394' title='bbox 198 4608 305 4654; x_wconf 88' lang='lat' dir='ltr'><strong>teneant</strong></span> <span class='ocrx_word' id='word_1_395' title='bbox 326 4599 486 4664; x_wconf 85' lang='lat' dir='ltr'><strong>firmiterque</strong></span> <span class='ocrx_word' id='word_1_396' title='bbox 509 4599 669 4663; x_wconf 85' lang='lat' dir='ltr'><strong>possideant,</strong></span> <span class='ocrx_word' id='word_1_397' title='bbox 693 4582 849 4664; x_wconf 73' lang='lat' dir='ltr'><strong>quatenusd</strong></span> <span class='ocrx_word' id='word_1_398' title='bbox 873 4599 967 4650; x_wconf 90' lang='lat' dir='ltr'><strong>melius</strong></span> <span class='ocrx_word' id='word_1_399' title='bbox 991 4601 1043 4649; x_wconf 89' lang='lat' dir='ltr'><strong>illis</strong></span> <span class='ocrx_word' id='word_1_400' title='bbox 1067 4601 1179 4652; x_wconf 89' lang='lat' dir='ltr'><strong>delectet</strong></span> <span class='ocrx_word' id='word_1_401' title='bbox 1202 4606 1272 4653; x_wconf 91' lang='lat' dir='ltr'><strong>omni</strong></span> <span class='ocrx_word' id='word_1_402' title='bbox 1296 4611 1413 4668; x_wconf 89' lang='lat' dir='ltr'><strong>tempore</strong></span> <span class='ocrx_word' id='word_1_403' title='bbox 1436 4621 1483 4669; x_wconf 91' lang='lat' dir='ltr'><strong>pro</strong></span> <span class='ocrx_word' id='word_1_404' title='bbox 1506 4599 1606 4654; x_wconf 74' lang='lat' dir='ltr'><strong>nobis⁰</strong></span> <span class='ocrx_word' id='word_1_405' title='bbox 1629 4605 1778 4667; x_wconf 88' lang='lat' dir='ltr'><strong>nostrisque</strong></span> <span class='ocrx_word' id='word_1_406' title='bbox 1799 4615 1844 4666; x_wconf 90' lang='lat' dir='ltr'><strong>pa-</strong></span> 
     </span>
     <span class='ocr_line' id='line_1_37' title="bbox 197 4696 1845 4776; baseline -0.001 -20"><span class='ocrx_word' id='word_1_407' title='bbox 197 4707 317 4758; x_wconf 89' lang='lat' dir='ltr'><strong>rentibus</strong></span> <span class='ocrx_word' id='word_1_408' title='bbox 336 4705 435 4755; x_wconf 89' lang='lat' dir='ltr'><strong>domini</strong></span> <span class='ocrx_word' id='word_1_409' title='bbox 458 4701 665 4752; x_wconf 87' lang='lat' dir='ltr'><strong>misericordiam</strong></span> <span class='ocrx_word' id='word_1_410' title='bbox 689 4696 829 4752; x_wconf 65' lang='lat' dir='ltr'><strong>arentins&#39;*</strong></span> <span class='ocrx_word' id='word_1_411' title='bbox 851 4717 968 4754; x_wconf 87' lang='lat' dir='ltr'><strong>exorare.</strong></span> <span class='ocrx_word' id='word_1_412' title='bbox 1002 4704 1038 4752; x_wconf 77' lang='lat' dir='ltr'><strong>ut</strong></span> <span class='ocrx_word' id='word_1_413' title='bbox 1061 4711 1090 4754; x_wconf 86' lang='lat' dir='ltr'><strong>ut</strong></span> <span class='ocrx_word' id='word_1_414' title='bbox 1112 4706 1162 4757; x_wconf 91' lang='lat' dir='ltr'><strong>hec</strong></span> <span class='ocrx_word' id='word_1_415' title='bbox 1183 4701 1292 4776; x_wconf 61' lang='lat' dir='ltr'><strong>nostre}</strong></span> <span class='ocrx_word' id='word_1_416' title='bbox 1317 4707 1467 4757; x_wconf 90' lang='lat' dir='ltr'><strong>donationis</strong></span> <span class='ocrx_word' id='word_1_417' title='bbox 1482 4708 1626 4758; x_wconf 82' lang='lat' dir='ltr'><strong>arroteritae</strong></span> <span class='ocrx_word' id='word_1_418' title='bbox 1643 4707 1713 4756; x_wconf 91' lang='lat' dir='ltr'><strong>omni</strong></span> <span class='ocrx_word' id='word_1_419' title='bbox 1728 4709 1845 4769; x_wconf 86' lang='lat' dir='ltr'><strong>ternpore</strong></span> 
     </span>
     <span class='ocr_line' id='line_1_38' title="bbox 196 4806 1844 4875; baseline -0.002 -15"><span class='ocrx_word' id='word_1_420' title='bbox 196 4809 272 4860; x_wconf 84' lang='lat' dir='ltr'><strong>firma</strong></span> <span class='ocrx_word' id='word_1_421' title='bbox 300 4808 455 4873; x_wconf 87' lang='lat' dir='ltr'><strong>stabilisque</strong></span> <span class='ocrx_word' id='word_1_422' title='bbox 484 4811 650 4871; x_wconf 87' lang='lat' dir='ltr'><strong>permaneat,</strong></span> <span class='ocrx_word' id='word_1_423' title='bbox 680 4807 807 4856; x_wconf 87' lang='lat' dir='ltr'><strong>iussimus</strong></span> <span class='ocrx_word' id='word_1_424' title='bbox 835 4806 897 4858; x_wconf 92' lang='lat' dir='ltr'><strong>inde</strong></span> <span class='ocrx_word' id='word_1_425' title='bbox 919 4808 970 4858; x_wconf 89' lang='lat' dir='ltr'><strong>hoc</strong></span> <span class='ocrx_word' id='word_1_426' title='bbox 994 4823 1102 4872; x_wconf 85' lang='lat' dir='ltr'><strong>presens</strong></span> <span class='ocrx_word' id='word_1_427' title='bbox 1125 4813 1279 4873; x_wconf 88' lang='lat' dir='ltr'><strong>preceptum</strong></span> <span class='ocrx_word' id='word_1_428' title='bbox 1301 4811 1433 4860; x_wconf 87' lang='lat' dir='ltr'><strong>conscribi</strong></span> <span class='ocrx_word' id='word_1_429' title='bbox 1456 4811 1589 4875; x_wconf 88' lang='lat' dir='ltr'><strong>anuloque</strong></span> <span class='ocrx_word' id='word_1_430' title='bbox 1611 4815 1701 4860; x_wconf 91' lang='lat' dir='ltr'><strong>nostro</strong></span> <span class='ocrx_word' id='word_1_431' title='bbox 1725 4808 1844 4875; x_wconf 78' lang='lat' dir='ltr'><strong>sigillari,</strong></span> 
     </span>
    </p>
   </div>
   <div class='ocr_carea' id='block_1_10' title="bbox 196 4909 716 4977">
    <p class='ocr_par' dir='ltr' id='par_1_13' title="bbox 196 4909 716 4977">
     <span class='ocr_line' id='line_1_39' title="bbox 196 4909 716 4977; baseline -0.004 -15"><span class='ocrx_word' id='word_1_432' title='bbox 196 4927 276 4962; x_wconf 88' lang='lat' dir='ltr'><strong>mann</strong></span> <span class='ocrx_word' id='word_1_433' title='bbox 299 4914 406 4977; x_wconf 90' lang='lat' dir='ltr'><strong>propria</strong></span> <span class='ocrx_word' id='word_1_434' title='bbox 428 4912 528 4976; x_wconf 24' lang='lat' dir='ltr'><strong>subter·</strong></span> <span class='ocrx_word' id='word_1_435' title='bbox 545 4909 716 4960; x_wconf 83' lang='lat' dir='ltr'><strong>firmavimus.</strong></span> 
     </span>
    </p>
   </div>
   <div class='ocr_carea' id='block_1_11' title="bbox 147 5047 1848 5358">
    <p class='ocr_par' dir='ltr' id='par_1_14' title="bbox 147 5047 1848 5358">
     <span class='ocr_line' id='line_1_40' title="bbox 297 5047 1698 5138; baseline 0.001 -23"><span class='ocrx_word' id='word_1_436' title='bbox 297 5049 312 5134; x_wconf 69' lang='grc' dir='ltr'><strong>ἒξ</strong></span> <span class='ocrx_word' id='word_1_437' title='bbox 334 5049 470 5134; x_wconf 85' lang='lat' dir='ltr'><strong>Signum</strong></span> <span class='ocrx_word' id='word_1_438' title='bbox 495 5047 606 5115; x_wconf 87' lang='lat' dir='ltr'><strong>domni</strong></span> <span class='ocrx_word' id='word_1_439' title='bbox 631 5047 762 5114; x_wconf 90' lang='lat' dir='ltr'><strong>Ottouis</strong></span> <span class='ocrx_word' id='word_1_440' title='bbox 786 5050 895 5134; x_wconf 85' lang='lat' dir='ltr'><strong>magni</strong></span> <span class='ocrx_word' id='word_1_441' title='bbox 919 5058 952 5113; x_wconf 90' lang='lat' dir='ltr'><strong>et</strong></span> <span class='ocrx_word' id='word_1_442' title='bbox 974 5051 1179 5116; x_wconf 84' lang='lat' dir='ltr'><strong>invictissimi</strong></span> <span class='ocrx_word' id='word_1_443' title='bbox 1202 5053 1265 5133; x_wconf 84' lang='grc' dir='ltr'><strong><em>(Μ.)</em></strong></span> <span class='ocrx_word' id='word_1_444' title='bbox 1288 5052 1498 5136; x_wconf 68' lang='lat' dir='ltr'><strong>imperatris*</strong></span> <span class='ocrx_word' id='word_1_445' title='bbox 1520 5053 1660 5136; x_wconf 83' lang='lat' dir='ltr'><strong>augusti.</strong></span> <span class='ocrx_word' id='word_1_446' title='bbox 1684 5054 1698 5138; x_wconf 71' lang='grc' dir='ltr'><strong>ξ)</strong></span> 
     </span>
     <span class='ocr_line' id='line_1_41' title="bbox 147 5167 1844 5257; baseline 0.002 -23"><span class='ocrx_word' id='word_1_447' title='bbox 147 5193 180 5243; x_wconf 78' lang='lat'><strong>40</strong></span> <span class='ocrx_word' id='word_1_448' title='bbox 300 5170 520 5256; x_wconf 67' lang='lat' dir='ltr'><strong>{Liutgerius</strong></span> <span class='ocrx_word' id='word_1_449' title='bbox 550 5169 764 5236; x_wconf 88' lang='lat' dir='ltr'><strong>cancellarius</strong></span> <span class='ocrx_word' id='word_1_450' title='bbox 794 5168 944 5234; x_wconf 86' lang='lat' dir='ltr'><strong>advicem</strong></span> <span class='ocrx_word' id='word_1_451' title='bbox 971 5169 1120 5236; x_wconf 88' lang='lat' dir='ltr'><strong>Rotberti</strong></span> <span class='ocrx_word' id='word_1_452' title='bbox 1150 5167 1389 5257; x_wconf 88' lang='lat' dir='ltr'><strong>archiepiscopi</strong></span> <span class='ocrx_word' id='word_1_453' title='bbox 1418 5182 1449 5237; x_wconf 90' lang='lat' dir='ltr'><strong>et</strong></span> <span class='ocrx_word' id='word_1_454' title='bbox 1477 5172 1637 5257; x_wconf 86' lang='lat' dir='ltr'><strong>capellani</strong></span> <span class='ocrx_word' id='word_1_455' title='bbox 1667 5174 1844 5257; x_wconf 84' lang='lat' dir='ltr'><strong>recognovi</strong></span> 
     </span>
     <span class='ocr_line' id='line_1_42' title="bbox 199 5270 1848 5358; baseline 0.001 -21"><span class='ocrx_word' id='word_1_456' title='bbox 199 5283 230 5337; x_wconf 93' lang='lat' dir='ltr'><strong>et</strong></span> <span class='ocrx_word' id='word_1_457' title='bbox 253 5273 441 5358; x_wconf 88' lang='lat' dir='ltr'><strong>subscripsi.</strong></span> <span class='ocrx_word' id='word_1_458' title='bbox 465 5270 479 5356; x_wconf 68' lang='grc' dir='ltr'>Ξ</span> <span class='ocrx_word' id='word_1_459' title='bbox 1642 5276 1724 5356; x_wconf 80' lang='lat' dir='ltr'>(SR.)</span> <span class='ocrx_word' id='word_1_460' title='bbox 1752 5273 1848 5357; x_wconf 56' lang='grc' dir='ltr'><strong>(81.)ί</strong></span> 
     </span>
    </p>
   </div>
   <div class='ocr_carea' id='block_1_12' title="bbox 218 5427 1695 5530">
    <p class='ocr_par' dir='ltr' id='par_1_15' title="bbox 218 5427 1695 5530">
     <span class='ocr_line' id='line_1_43' title="bbox 218 5427 1695 5530; baseline -0.001 -15"><span class='ocrx_word' id='word_1_461' title='bbox 218 5427 223 5432; x_wconf 30' lang='lat'><strong>¹</strong></span> <span class='ocrx_word' id='word_1_462' title='bbox 284 5461 343 5516; x_wconf 78' lang='lat' dir='ltr'><strong>lto.</strong></span> <span class='ocrx_word' id='word_1_463' title='bbox 371 5463 400 5525; x_wconf 92' lang='lat' dir='ltr'><strong>b)</strong></span> <span class='ocrx_word' id='word_1_464' title='bbox 419 5478 444 5513; x_wconf 81' lang='lat' dir='ltr'><strong>es</strong></span> <span class='ocrx_word' id='word_1_465' title='bbox 460 5461 530 5528; x_wconf 71' lang='lat' dir='ltr'><strong>solqt</strong></span> <span class='ocrx_word' id='word_1_466' title='bbox 553 5465 582 5512; x_wconf 78' lang='lat' dir='ltr'><strong>ia</strong></span> <span class='ocrx_word' id='word_1_467' title='bbox 598 5462 622 5514; x_wconf 83' lang='lat' dir='ltr'><em>A</em></span> <span class='ocrx_word' id='word_1_468' title='bbox 639 5463 683 5514; x_wconf 79' lang='lat' dir='ltr'><strong>dis</strong></span> <span class='ocrx_word' id='word_1_469' title='bbox 702 5463 863 5529; x_wconf 66' lang='lat' dir='ltr'><strong>Bemoelamy</strong></span> <span class='ocrx_word' id='word_1_470' title='bbox 887 5463 950 5514; x_wconf 89' lang='lat' dir='ltr'><strong>Otto</strong></span> <span class='ocrx_word' id='word_1_471' title='bbox 969 5466 1067 5530; x_wconf 87' lang='lat' dir='ltr'><strong>primus</strong></span> <span class='ocrx_word' id='word_1_472' title='bbox 1086 5479 1166 5515; x_wconf 91' lang='lat' dir='ltr'><strong>manu</strong></span> <span class='ocrx_word' id='word_1_473' title='bbox 1185 5467 1291 5530; x_wconf 89' lang='lat' dir='ltr'><strong>propria</strong></span> <span class='ocrx_word' id='word_1_474' title='bbox 1308 5465 1498 5518; x_wconf 85' lang='lat' dir='ltr'><strong>subscribendo</strong></span> <span class='ocrx_word' id='word_1_475' title='bbox 1517 5465 1637 5515; x_wconf 83' lang='lat' dir='ltr'><strong>firmavit</strong></span> <span class='ocrx_word' id='word_1_476' title='bbox 1693 5477 1695 5484; x_wconf 75' lang='grc'>’</span> 
     </span>
    </p>
   </div>
   <div class='ocr_carea' id='block_1_13' title="bbox 146 5564 1845 5770">
    <p class='ocr_par' dir='ltr' id='par_1_16' title="bbox 146 5564 1845 5770">
     <span class='ocr_line' id='line_1_44' title="bbox 285 5564 1845 5686; baseline -0.003 -67"><span class='ocrx_word' id='word_1_477' title='bbox 285 5565 344 5619; x_wconf 78' lang='lat' dir='ltr'><strong>ttl.</strong></span> <span class='ocrx_word' id='word_1_478' title='bbox 372 5564 470 5686; x_wconf 45' lang='grc' dir='ltr'><strong>[Εἰπὲ</strong></span> <span class='ocrx_word' id='word_1_479' title='bbox 570 5565 596 5633; x_wconf 80' lang='lat' dir='ltr'><strong>a)</strong></span> <span class='ocrx_word' id='word_1_480' title='bbox 616 5565 637 5616; x_wconf 76' lang='lat' dir='ltr'><strong><em>A</em></strong></span> <span class='ocrx_word' id='word_1_481' title='bbox 741 5568 768 5626; x_wconf 91' lang='lat' dir='ltr'><strong>b)</strong></span> <span class='ocrx_word' id='word_1_482' title='bbox 787 5567 837 5618; x_wconf 73' lang='lat' dir='ltr'><strong>des</strong></span> <span class='ocrx_word' id='word_1_483' title='bbox 854 5573 919 5650; x_wconf 65' lang='lat' dir='ltr'><strong>erate</strong></span> <span class='ocrx_word' id='word_1_484' title='bbox 936 5570 946 5620; x_wconf 90' lang='lat' dir='ltr'><strong>i</strong></span> <span class='ocrx_word' id='word_1_485' title='bbox 963 5567 1026 5618; x_wconf 77' lang='lat' dir='ltr'><strong>uter</strong></span> <span class='ocrx_word' id='word_1_486' title='bbox 1042 5566 1090 5616; x_wconf 84' lang='lat' dir='ltr'><strong>der</strong></span> <span class='ocrx_word' id='word_1_487' title='bbox 1107 5565 1176 5618; x_wconf 77' lang='lat' dir='ltr'><strong>Zeila</strong></span> <span class='ocrx_word' id='word_1_488' title='bbox 1193 5566 1381 5650; x_wconf 70' lang='lat' dir='ltr'><strong>ncebpetraqen</strong></span> <span class='ocrx_word' id='word_1_489' title='bbox 1485 5569 1508 5631; x_wconf 92' lang='lat' dir='ltr'><strong>c)</strong></span> <span class='ocrx_word' id='word_1_490' title='bbox 1525 5573 1585 5617; x_wconf 81' lang='lat' dir='ltr'><strong>ctatt</strong></span> <span class='ocrx_word' id='word_1_491' title='bbox 1604 5570 1631 5616; x_wconf 90' lang='lat' dir='ltr'><strong>in</strong></span> <span class='ocrx_word' id='word_1_492' title='bbox 1649 5569 1778 5630; x_wconf 86' lang='lat' dir='ltr'><strong>integrum</strong></span> <span class='ocrx_word' id='word_1_493' title='bbox 1788 5566 1845 5646; x_wconf 35' lang='lat' dir='ltr'><strong>&#39;wie</strong></span> 
     </span>
     <span class='ocr_line' id='line_1_45' title="bbox 370 5633 1844 5701; baseline 0 -17"><span class='ocrx_word' id='word_1_494' title='bbox 370 5651 398 5684; x_wconf 84' lang='lat' dir='ltr'><strong>m</strong></span> <span class='ocrx_word' id='word_1_495' title='bbox 416 5635 445 5686; x_wconf 88' lang='lat' dir='ltr'><strong><em>D</em></strong></span> <span class='ocrx_word' id='word_1_496' title='bbox 470 5635 545 5685; x_wconf 78' lang='grc'><em>,396</em></span> <span class='ocrx_word' id='word_1_497' title='bbox 641 5635 668 5696; x_wconf 85' lang='lat' dir='ltr'><strong>d)</strong></span> <span class='ocrx_word' id='word_1_498' title='bbox 687 5641 713 5685; x_wconf 89' lang='lat' dir='ltr'><strong>te</strong></span> <span class='ocrx_word' id='word_1_499' title='bbox 731 5636 792 5686; x_wconf 70' lang='lat' dir='ltr'><strong>uuor</strong></span> <span class='ocrx_word' id='word_1_500' title='bbox 809 5636 857 5686; x_wconf 82' lang='lat' dir='ltr'><strong>der</strong></span> <span class='ocrx_word' id='word_1_501' title='bbox 874 5635 944 5687; x_wconf 71' lang='lat' dir='ltr'><strong>Zeita</strong></span> <span class='ocrx_word' id='word_1_502' title='bbox 960 5635 1148 5701; x_wconf 69' lang='lat' dir='ltr'><strong>nactyarapen</strong></span> <span class='ocrx_word' id='word_1_503' title='bbox 1243 5641 1268 5698; x_wconf 85' lang='lat' dir='ltr'><strong>e)</strong></span> <span class='ocrx_word' id='word_1_504' title='bbox 1287 5655 1295 5685; x_wconf 90' lang='lat'>1</span> <span class='ocrx_word' id='word_1_505' title='bbox 1313 5653 1379 5686; x_wconf 83' lang='lat' dir='ltr'><strong>cerr.</strong></span> <span class='ocrx_word' id='word_1_506' title='bbox 1397 5653 1445 5686; x_wconf 73' lang='lat' dir='ltr'><strong>aeis</strong></span> <span class='ocrx_word' id='word_1_507' title='bbox 1462 5653 1479 5686; x_wconf 92' lang='lat' dir='ltr'><strong>u</strong></span> <span class='ocrx_word' id='word_1_508' title='bbox 1575 5635 1595 5701; x_wconf 82' lang='lat' dir='ltr'><strong>f)</strong></span> <span class='ocrx_word' id='word_1_509' title='bbox 1608 5633 1726 5698; x_wconf 69' lang='lat' dir='ltr'><strong>salselles</strong></span> <span class='ocrx_word' id='word_1_510' title='bbox 1738 5633 1844 5684; x_wconf 71' lang='lat' dir='ltr'><strong>Kassa·-</strong></span> 
     </span>
     <span class='ocr_line' id='line_1_46' title="bbox 146 5701 850 5770; baseline 0.006 -19"><span class='ocrx_word' id='word_1_511' title='bbox 146 5703 179 5752; x_wconf 78' lang='lat' dir='ltr'><strong>te</strong></span> <span class='ocrx_word' id='word_1_512' title='bbox 368 5703 454 5770; x_wconf 75' lang='lat' dir='ltr'><strong>sieqd,</strong></span> <span class='ocrx_word' id='word_1_513' title='bbox 474 5701 654 5769; x_wconf 70' lang='lat' dir='ltr'><strong>Naebbtlduae</strong></span> <span class='ocrx_word' id='word_1_514' title='bbox 672 5720 722 5754; x_wconf 84' lang='lat' dir='ltr'><strong>oca</strong></span> <span class='ocrx_word' id='word_1_515' title='bbox 742 5703 807 5756; x_wconf 88' lang='lat'><strong><em>0.1.</em></strong></span> <span class='ocrx_word' id='word_1_516' title='bbox 825 5708 850 5755; x_wconf 85' lang='grc'><strong>6.</strong></span> 
     </span>
    </p>
   </div>
   <div class='ocr_carea' id='block_1_14' title="bbox 1578 5790 1637 5852">
    <p class='ocr_par' dir='ltr' id='par_1_17' title="bbox 1578 5790 1637 5852">
     <span class='ocr_line' id='line_1_47' title="bbox 1578 5790 1637 5852; baseline -0.034 0"><span class='ocrx_word' id='word_1_517' title='bbox 1578 5790 1637 5852; x_wconf 78' lang='lat' dir='ltr'><strong>ll*</strong></span> 
     </span>
    </p>
   </div>
   <div class='ocr_carea' id='block_1_15' title="bbox 0 0 2278 6420">
    <p class='ocr_par' dir='ltr' id='par_1_18' title="bbox 0 0 2278 6420">
     <span class='ocr_line' id='line_1_48' title="bbox 0 0 2278 6420; baseline 0 0"><span class='ocrx_word' id='word_1_518' title='bbox 0 0 2278 6420; x_wconf 95' lang='lat' dir='ltr'><strong> </strong></span> 
     </span>
    </p>
   </div>
  </div>
 </body>
</html>
