4560 6420
1034 396 1485 486 KAISERURKUNDEN.

541 581 646 642 Wcrlce
666 577 710 652 2⁶,
733 583 775 642 25
798 587 832 640 n⁰
856 585 874 641 6
896 599 953 641 cus
978 579 1008 640 0.
1032 613 1074 624 —·
1096 580 1367 641 horrenaae.
1393 586 1422 651 1,
1446 583 1489 640 07
1509 585 1543 638 rs⁰
1566 583 1607 640 46
1629 597 1685 640 aas
1709 577 1741 650 0,
1763 582 1818 639 mit
1842 594 1888 640 vl.
1907 580 1948 639 id.
1966 595 2033 654 apr.
2059 611 2102 622 -

538 684 668 743 Bbhmer
689 685 760 757 Ray.
785 687 857 745 156.
884 717 921 727 —
947 684 1075 758 Sturnps
1093 686 1164 758 Rep.
1188 688 1252 744 100
1274 684 1339 742 und
1360 683 1475 744 Hidbcr
1495 684 1569 758 aeq.
1593 687 1677 744 1030
1699 701 1740 742 aa
1761 684 1903 742 Febraar
1925 686 1957 742 8.

539 823 626 882 Ncch
648 823 713 882 dem
735 823 883 881 Protokoll
904 841 959 880 ron
982 821 1047 880 ΒΑ.
1072 821 1208 893 certarat,
1233 823 1352 881 welclrcr
1373 823 1435 881 sich
1457 824 1538 880 einer
1559 822 1651 880 durch
1674 821 1889 882 londabblichc
1912 820 2109 890 Ausdrriclce,

535 927 814 1000 ychennecichoctcn
833 926 956 999 Vorlapc
987 927 1100 984 bedlcnt
1128 926 1222 985 haben
1253 926 1336 984 w-ird.
1367 960 1409 969 —
1438 926 1579 985 Hartbert
1609 943 1671 984 war
1693 924 1751 984 Abt
1773 944 1813 983 au
1836 925 2019 998 Ellwanyen
2042 928 2097 985 wie

539 1031 601 1089 sich
623 1047 679 1088 aas
702 1030 769 1089 DO.
786 1033 850 1090 233
874 1031 974 1102 erpibt,
998 1032 1086 1100 nicht,
1111 1033 1164 1088 scic
1186 1031 1345 1089 Dbrnmlcr
1368 1030 1473 1090 Jahrb.
1500 1028 1533 1088 0.
1553 1037 1577 1088 1.
1601 1033 1664 1089 194
1687 1030 1841 1100 armimmt,
1864 1048 1907 1087 aa
1931 1029 1962 1090 S.
1983 1027 2128 1089 Florius

537 1135 572 1190 in
593 1133 714 1204 Recede,
738 1151 781 1191 wo
803 1134 969 1204 bbcrlruupt
991 1134 1075 1191 hcine
1098 1133 1183 1192 Abtez'
1205 1133 1335 1193 cessone.
1381 1133 1449 1192 Deo
1472 1132 1724 1205 Acestellunysort
1748 1132 1853 1191 dasteri
1877 1132 2008 1206 Stamp(
2030 1135 2095 1192 aad

537 1239 695 1297 Dbrnmler
722 1238 741 1297 l.
771 1255 793 1296 c.
824 1241 883 1296 161
916 1236 978 1307 cus
1007 1236 1173 1310 Duisburq,
1205 1237 1261 1308 sehr
1288 1237 1402 1296 welches
1431 1237 1493 1296 sich
1520 1238 1591 1296 cher
1618 1236 1666 1294 dic
1699 1237 1763 1295 hier
1791 1237 1969 1309 cebruuchtc
2000 1238 2092 1297 Form

541 1342 730 1415 Tuingoburg
751 1342 831 1400 uiolet
853 1341 1034 1399 nuchweisen
1056 1341 1137 1400 ldsst.

640 1526 679 1590 In
701 1527 833 1591 nomine
856 1535 967 1590 sancte
990 1535 1022 1590 et
1044 1524 1211 1590 individue
1240 1527 1403 1591 trinitatis.
1450 1524 1528 1591 Otto
1559 1526 1670 1591 divina
1697 1505 1877 1590 auxiliante
1905 1526 2087 1592 clemencia

434 1653 503 1695 rex.
602 1631 737 1695 Noverit
766 1633 911 1696 omnium
938 1630 1083 1696 fidelium
1111 1635 1297 1696 nostrorum
1326 1640 1394 1695 tam
1422 1631 1627 1717 presencium
1649 1651 1748 1715 quam
1770 1631 1874 1694 eciam
1903 1630 2087 1695 futurorum
2107 1647 2136 1694 10

434 1734 611 1817 industria,
646 1735 784 1821 qualiter
805 1757 866 1799 nos
889 1737 1071 1800 interventu
1095 1734 1211 1799 dilecte
1234 1734 1300 1798 filie
1322 1745 1432 1799 nostre
1455 1734 1503 1798 Ite
1525 1755 1587 1797 nec
1610 1754 1677 1797 non
1698 1744 1731 1797 et
1752 1733 1934 1798 Hermanni
1958 1736 2087 1798 comitis

434 1842 536 1904 nostri
560 1839 690 1903 cuidam
712 1838 890 1903 venerabili
913 1839 1025 1905 abbati
1048 1849 1160 1903 nostro
1183 1839 1385 1903 Hartberto²
1407 1840 1440 1902 in
1464 1839 1621 1902 comitatu
1636 1838 1828 1902 Herimanni
1852 1837 1946 1902 ducis
1962 1839 2086 1902 Rehzia

433 1952 622 2028 nuncupato
646 1942 805 2027 quasdam
827 1965 879 2006 res
902 1944 980 2006 iuris
999 1947 1102 2009 nostri
1119 1945 1160 2009 ob
1176 1966 1322 2009 amorem
1338 1944 1389 2008 dei
1406 1945 1519 2029 suique
1535 1943 1732 2006 sanctissimi
1748 1943 1946 2007 confessoris
1961 1942 2087 2007 Florini

434 2049 467 2110 in
491 2048 723 2132 proprietatem
746 2048 978 2130 concessimus
1003 2047 1109 2113 idest
1131 2051 1164 2112 in
1186 2048 1272 2112 valle
1295 2048 1460 2112 Drusiana
1483 2049 1516 2111 in
1532 2046 1610 2110 villa
1625 2047 1792 2130 Nanzigus
1815 2047 1991 2112 ecclesiam
2012 2070 2087 2112 cum

434 2150 569 2214 decimis
593 2153 659 2214 suis
682 2161 714 2214 et
735 2152 894 2214 universis
916 2153 1111 2216 intrinsecus
1140 2161 1172 2215 et
1200 2153 1403 2246 extrinsecus
1427 2153 1511 2214 iuste
1533 2149 1740 2236 legitimeque
1763 2149 1806 2214 ad
1824 2150 1962 2215 eandem
1989 2152 2084 2235 perti·
2105 2172 2132 2218 15

433 2252 627 2335 uentibusb3
656 2255 787 2338 insuper
810 2256 914 2319 eciam
938 2256 971 2318 in
994 2257 1067 2319 vico
1090 2255 1255 2318 Vinomna
1277 2275 1427 2318 mansam
1449 2272 1462 2316 1
1486 2276 1585 2339 quam
1608 2253 1770 2318 Soluanus
1793 2252 1976 2318 inhabitare
1998 2253 2086 2317 vide-

433 2368 494 2440 tur,
518 2360 689 2444 ipsumque
707 2356 885 2423 Soluanum
908 2368 1097 2444 ceterosque
1120 2359 1198 2422 iuris
1222 2359 1324 2421 nostri
1346 2356 1485 2421 famulos
1502 2359 1548 2421 ita
1567 2407 1574 2421 .
1590 2408 1595 2420 .
1611 2407 1618 2422 .
1632 2365 1665 2421 ‚⁶
1687 2365 1846 2421 mutatum
1867 2366 1965 2421 ....⁰
1987 2356 2085 2421 filios-

432 2483 495 2547 que
518 2483 630 2526 eorum
658 2485 720 2548 que
741 2473 852 2526 nostre
875 2461 994 2545 regalis
1017 2462 1188 2547 potestatis
1211 2483 1282 2524 esse
1304 2470 1501 2543 noscuntur,
1535 2471 1638 2526 terras
1667 2483 1795 2547 quoque
1822 2462 1855 2524 in
1885 2461 2028 2525 marchis
2054 2473 2086 2526 et

432 2567 465 2628 in
487 2568 632 2630 terminis
656 2569 880 2652 prenominato
903 2566 979 2631 ville
1003 2566 1166 2630 Vinomne
1188 2573 1286 2630 ....⁰
1316 2564 1357 2629 ab
1387 2563 1560 2629 heredibus
1589 2565 1795 2631 censualibus
1826 2563 2016 2628 derelictam
2038 2566 2084 2630 iu-

431 2667 561 2753 geribus
584 2679 681 2735 ....⁶
702 2681 877 2756 nostreque
900 2673 1053 2755 potestati
1077 2668 1275 2750 adiunctam,
1299 2668 1528 2734 nichilominus
1547 2668 1707 2752 prelibato
1726 2667 1839 2733 abbati
1856 2669 2084 2734 universaliter
2102 2687 2132 2734 20

431 2794 506 2836 cum
529 2772 680 2837 omnibus
702 2772 746 2835 ad
769 2774 874 2857 ipsam
900 2772 1047 2857 legaliter·
1070 2771 1305 2857 pertinentibus
1329 2783 1360 2835 et
1383 2771 1535 2856 legitimis
1558 2771 1677 2836 finibus
1701 2774 1734 2836 iu
1756 2773 1991 2858 proprietatem
2014 2796 2084 2858 per·

430 2863 603 2961 petualitcr
626 2877 859 2961 possidendam
883 2877 1085 2943 donavimus.
1120 2878 1279 2941 lussimus
1304 2900 1432 2962 quoque
1454 2876 1530 2941 inde
1553 2877 1615 2942 hoc
1640 2899 1773 2962 presens
1796 2887 1987 2961 preceptum
2010 2899 2083 2942 con·

432 2979 529 3043 scribi
553 3003 611 3065 per
634 2979 721 3065 quod
744 2980 895 3045 volumus
917 2981 1114 3067 firmiterque
1140 2980 1299 3061 iubemus,
1326 2991 1362 3044 ut
1384 2990 1582 3045 memoratus
1604 2989 1714 3045 noster
1736 2978 1840 3044 abbas
1863 2976 2087 3044 Hartbertus‘l

432 3083 472 3148 de
499 3083 550 3148 his
579 3094 691 3148 nostro
721 3084 807 3149 dono
839 3085 900 3149 sibi
927 3087 961 3149 in
989 3089 1156 3171 proprium
1185 3086 1350 3149 concessis
1379 3085 1422 3148 ad
1449 3084 1709 3170 recuperandum
1738 3081 1857 3148 Christi
1886 3084 2087 3148 confessoris

431 3188 555 3252 Florini
580 3191 751 3253 servicium
776 3189 817 3254 ob
841 3201 987 3254 nostram
1010 3200 1200 3275 perpetuam
1223 3190 1523 3253 remuneracionem
1546 3187 1742 3252 liberrimam
1760 3197 1869 3252 teneat
1887 3196 2085 3272 potestatem
2103 3204 2133 3252 25

432 3292 581 3377 quitquid
604 3292 666 3357 sibi
689 3292 848 3377 placuerit
876 3293 995 3357 exinde
1024 3291 1176 3358 faciendi.
1221 3292 1265 3355 Et
1288 3303 1324 3356 ut
1345 3292 1405 3356 hec
1429 3293 1608 3357 auctoritas
1632 3302 1742 3355 nostra
1764 3290 1889 3354 firmius
1912 3293 2086 3377 veriusque

431 3394 597 3477 credatur,
627 3417 727 3459 manu
749 3406 862 3460 nostra
885 3397 999 3461 subtus
1023 3420 1095 3462 eam
1117 3397 1317 3461 firmavimus
1341 3395 1504 3481 anuloque
1527 3405 1639 3459 nostro
1663 3393 1796 3479 sigillari
1820 3396 2038 3480 precepimus

465 3543 469 3556 '
536 3533 670 3617 Signum
695 3535 806 3598 domni
830 3534 961 3600 Ottonis
987 3537 1192 3601 invictissimi
1215 3537 1311 3620 regis.

534 3671 623 3737 Data
641 3691 700 3737 v11.
716 3673 759 3737 id.
777 3696 845 3760 apr.
861 3696 947 3739 anno
965 3674 1127 3740 dominice
1143 3676 1385 3740 incarnacionis
1409 3689 1642 3757 Dccccxnvm,
1664 3672 1842 3738 indictione
1859 3691 1905 3756 VI,
1930 3683 2086 3758 regnante

430 3777 485 3861 pio
508 3798 584 3862 rege
608 3775 729 3842 Ottone
752 3800 838 3843 anno
952 3788 979 3861 ⁰3
1005 3788 1117 3842 actum
1138 3780 1172 3842 in
1195 3778 1427 3863 Tuingoburg3
1449 3780 1484 3842 in
1507 3777 1638 3842 domino
1663 3775 1799 3841 feliciter
1821 3797 1930 3840 amen.
2105 3790 2136 3836 30

1215 3965 1300 4041 100.

440 4122 520 4198 Otto
547 4123 688 4196 schenkl
713 4123 778 4196 der
803 4123 935 4198 Kirche
962 4149 1034 4196 ceu
1065 4119 1238 4198 Combrhc'
1265 4121 1323 4194 die
1349 4121 1455 4194 Abtci
1487 4117 1525 4195 S.
1560 4119 1657 4217 Ge'ry
1688 4121 1753 4192 mit
1785 4119 1890 4192 ollem
1919 4122 2088 4195 Zaba-hdr

430 4244 511 4317 70ίῖ
531 4244 693 4318 Rachiae.
1647 4277 1767 4336 hasen
1789 4281 1853 4338 ers
1876 4278 1968 4352 spru
1990 4283 2042 4338 so.

537 4472 785 4546 Oricinaldiplom
806 4474 849 4530 im
870 4471 1213 4545 Dcpcrtcmeotolorcbiv
1234 4489 1274 4529 aa
1297 4471 1376 4530 Irr'lle
1400 4469 1463 4549 (A).

533 4608 641 4668 Oleros.
660 4610 808 4671 Gamerae.
834 4611 878 4671 ed.
897 4609 1033 4670 Colceucr
1056 4613 1118 4668 116
1141 4627 1197 4667 aas
1222 4607 1289 4668 Ood.
1315 4608 1346 4668 S.
1366 4609 1488 4666 Mariae
1508 4607 1642 4667 Atrcbut.
1668 4629 1708 4660 =
1729 4607 1862 4679 Verbum
1885 4606 1968 4667 Hist.
1989 4607 2087 4669 oea.
2107 4630 2138 4678 35

530 4717 573 4775 20
595 4733 636 4773 aa
659 4719 731 4785 947,
756 4738 795 4767 ε
819 4714 1123 4786 Miracus-Foppcns
1150 4712 1203 4784 Op.
1232 4717 1268 4782 2,
1299 4715 1363 4772 938
1390 4730 1430 4768 aa
1459 4715 1532 4782 947,
1556 4735 1597 4764 =
1621 4710 1773 4769 Bethar-ici
1796 4707 1907 4769 Chron.
1935 4710 2087 4771 Gammae.

533 4815 577 4874 cd.
600 4817 645 4875 Le
662 4816 741 4891 clap
762 4821 825 4877 109
848 4836 888 4876 ru
911 4821 983 4877 947.
1007 4851 1049 4860 —
1071 4817 1154 4874 hlon.
1175 4815 1275 4874 Germ.
1301 4815 1353 4874 SS.
1379 4820 1408 4885 7,
1433 4818 1497 4874 427
1519 4830 1574 4872 aas
1595 4812 1619 4873 0
1638 4832 1678 4871 aa
1700 4817 1765 4873 947
1786 4834 1826 4866 =
1850 4813 1960 4888 Miyrte
1981 4816 2089 4875 Patro-

533 4919 611 4991 looic
634 4923 707 4988 149,
733 4924 783 4980 74.
807 4953 849 4963 —
872 4919 1001 4979 Bbhmcr
1022 4921 1093 4993 ch.
1119 4925 1181 4980 149
1205 4939 1246 4978 ab
1268 4923 1340 4980 947.
1364 4951 1406 4961 —
1430 4916 1555 4991 Stampl
1576 4918 1649 4991 uer.
1673 4920 1747 4976 101.

536 5057 598 5116 Von
620 5057 687 5117 BA.
711 5057 838 5131 vcrfcsst
860 5059 925 5118 cred
943 5059 1136 5131 aeschricbcn.

535 5245 593 5327 (0.)
617 5244 631 5326 ξ
653 5245 691 5308 In
713 5247 845 5310 nomine
868 5256 1001 5310 sanctae
1024 5255 1055 5309 et
1077 5244 1243 5311 individue
1266 5245 1430 5309 trinitatis.
1470 5240 1548 5307 Otto
1565 5241 1675 5306 divina
1690 5243 1896 5328 propiciante
1913 5244 2093 5311 clementia
2111 5273 2144 5320 ω

430 5371 499 5413 rex.
587 5349 746 5412 Noverint
769 5370 880 5413 omnes
903 5347 1016 5411 fideles
1038 5351 1140 5412 nostri
1157 5359 1323 5432 presentes
1341 5346 1465 5412 scilicet
1479 5347 1612 5429 futiui⁵,
1636 5345 1774 5431 qualiter
1789 5366 1847 5428 pro
1866 5344 1921 5411 dei
1942 5371 2059 5416 amore
2081 5349 2096 5430 ξ

533 5518 575 5572 99.
604 5519 758 5588 [Ottenthal]
838 5525 864 5584 a)
884 5538 949 5571 corr.
968 5523 996 5570 in
1017 5519 1100 5571 Ocea
1119 5522 1261 5573 Hastherto
1342 5521 1368 5582 b)
1388 5516 1606 5585 pertinetibusO
1677 5517 1703 5583 c)
1721 5517 1806 5568 Ltr'clce
1822 5517 1853 5567 in
1874 5517 1899 5570 0
1977 5522 2007 5588 d)
2027 5541 2096 5578 corr.

604 5592 632 5638 in
652 5589 736 5640 Gaas
754 5590 921 5642 Hastbestus.

519 5671 575 5728 lw.
604 5673 699 5742 [Folte]
805 5679 830 5739 a)
850 5674 881 5726 A.
