4560 6436
899 435 1025 492 ΟΤΤΟ
1047 436 1071 491 Ι.
1095 431 1287 490 sae-973.
1781 425 1858 499 *621

221 619 359 707 perditio
382 622 416 685 in
438 615 608 684 adventuh
630 617 763 700 domini,
793 628 825 682 ct
847 618 880 681 in
903 638 941 681 ca
964 615 1193 682 maledictione
1221 616 1375 700 persistat
1404 636 1503 698 quam
1532 625 1663 680 sanctus
1686 616 1863 681 Formosus

221 747 309 811 papa
338 747 435 810 super
463 747 537 789 eum
566 723 787 806 confirmavit,
816 744 919 808 usquc
947 721 1024 786 dum
1052 722 1231 805 resipiscat.
1277 718 1320 782 Et
1348 719 1509 802 prefatum
1536 723 1767 783 monasterinm
1790 742 1863 784 eum

221 828 391 894 monachis
414 837 446 892 ct
469 825 620 892 omnibus
643 825 765 892 ibidem
786 827 820 890 in
843 848 977 910 presens
1000 824 1128 889 collatis
1150 823 1203 887 vel
1226 825 1259 887 in
1283 831 1447 906 posterum
1469 823 1673 888 conferendis
1696 827 1730 887 in
1752 827 1864 889 immu-

222 933 355 996 nitatem
385 954 469 1017 papq
500 941 532 996 ct
560 934 594 996 in
623 941 769 996 nostram
796 930 982 1015 recipimus.
1033 929 1078 993 Et
1105 936 1140 992 ut
1168 927 1229 1012 bec
1262 927 1440 991 auctoritas
1471 926 1725 992 confirmationis
1754 937 1864 1012 nostre

188 1035 343 1100 afirmior
371 1035 530 1099 habeatur
558 1043 591 1099 et
619 1057 677 1120 per
704 1036 813 1099 futura
843 1043 990 1117 tempora
1018 1031 1204 1117 diligentius
1234 1031 1437 1113 observetur,
1466 1053 1565 1097 mauu
1593 1033 1725 1117 propria
1753 1042 1866 1096 nostra

222 1161 294 1204 eam
318 1141 548 1205 confirmamus
572 1139 725 1225 anulique
747 1138 850 1204 nostri
872 1136 1087 1221 impressione
1109 1137 1226 1200 muniri
1249 1131 1495 1220 prqeipientes.i

999 1373 1088 1451 458.

955 1530 1131 1611 (Uaecbt.)

231 1671 311 1746 Otto
339 1672 499 1769 testetctqt
525 1671 582 1744 die
610 1671 689 1743 (lein
708 1671 852 1743 Klestcr
868 1669 1223 1765 Herrcnbrcitnupcn
1249 1695 1320 1740 oon
1347 1669 1427 1740 derra
1446 1669 1685 1767 Psolzprusen
1703 1667 1869 1768 Siepsrid

173 1822 205 1869 10
223 1819 293 1864 uon
320 1791 543 1866 Orlonn'tnde
569 1793 649 1864 read
675 1791 796 1864 dassen
818 1789 918 1866 Solen
944 1789 1105 1864 Wilbelm
1131 1789 1352 1862 nerliebenen
1371 1790 1609 1886 Besitznnpen
1631 1789 1712 1860 aiod
1727 1790 1864 1863 Reoltte.

1611 1945 1824 1956 ——-

325 2101 413 2177 Cepis
435 2103 485 2162 des
507 2103 558 2162 15.
576 2101 629 2161 Jh.
653 2103 695 2160 im
720 2101 790 2160 Coei.
812 2051 976 2170 usim,
1000 2102 1063 2160 105
1086 2097 1191 2169 ΐᾲ126
1213 2099 1266 2158 der
1286 2099 1314 2158 lc.
1338 2099 1565 2159 Bibliothecae
1587 2102 1747 2159 Hadnoocr
1770 2099 1833 2179 (A).

326 2240 454 2314 Stnmpf
473 2241 545 2313 Rea.
569 2242 642 2299 544.

326 2379 418 2438 Uebcr
439 2379 540 2450 obtqen
563 2374 660 2435 (lodex
681 2393 706 2435 a.
730 2375 784 2436 SS.
808 2379 859 2446 16,
884 2378 955 2434 106.
994 2375 1060 2434 Das
1084 2374 1176 2434 Str'tclt
1197 2375 1313 2434 welches
1336 2375 1430 2434 durch
1452 2375 1509 2433 den
1523 2374 1665 2434 Andreas
1688 2375 1867 2449 liinlltnplicb

324 2481 368 2539 als
384 2481 554 2553 Fttlsebanq
572 2480 814 2553 qelcnneeiclmct
837 2478 921 2547 coird,
946 2479 985 2536 ist
1007 2495 1062 2536 eon
1084 2477 1232 2536 dersclhen
1246 2478 1339 2536 Haud
1357 2480 1542 2552 eiuqetropen
1561 2479 1663 2538 welche
1680 2478 1728 2537 die
1742 2479 1866 2553 Maedo-

325 2585 431 2656 baryer
452 2583 592 2642 Amalec
615 2582 767 2641 besmulers
789 2598 854 2640 aiom
877 2580 909 2641 J.
930 2582 1014 2640 1453
1036 2599 1077 2639 an
1099 2585 1219 2653 eructuet
1242 2581 1301 2638 hot.

428 2787 467 2850 In
489 2787 620 2851 nomine
645 2793 757 2850 sancte
784 2794 816 2848 ct
838 2783 1004 2848 individue
1032 2783 1199 2847 trinitatis.
1239 2780 1317 2848 Otto
1348 2783 1568 2870 disposicione
1598 2784 1706 2849 divine
1737 2787 1866 2869 pietatis

223 2893 409 2976 imperator.
506 2889 629 2954 Notum
651 2887 720 2952 fieri
749 2887 899 2953 volumus
928 2885 1077 2950 omnibus
1107 2883 1226 2951 Christi
1256 2887 1441 2973 nostrisque
1468 2885 1620 2953 fidelibus
1654 2897 1721 2952 tam
1749 2889 1867 2954 futuris

223 3016 322 3080 quam
344 2991 560 3078 presentibus,
584 2991 671 3077 quod
695 2993 727 3055 in
749 3013 850 3074 regno
873 2999 986 3054 nostro
1009 2989 1120 3074 regale
1144 2989 1309 3074 quoddam
1331 2993 1565 3057 monasterium
1589 2993 1684 3058 situm
1707 2993 1867 3080 estquod

172 3118 206 3165 ae
223 3099 401 3182 Bretingen
423 3103 646 3181 nuncupatum
669 3105 729 3177 est,
754 3095 841 3180 quod
864 3093 994 3179 quidem
1017 3093 1257 3179 predecessoris
1278 3097 1381 3159 nostri
1404 3095 1539 3160 Henrici
1561 3097 1766 3182 imperatoris
1789 3108 1866 3162 tem-

223 3200 357 3285 poribus
385 3198 429 3263 ad
451 3199 609 3262 honorem
636 3198 688 3263 dei
718 3208 749 3261 et
777 3199 879 3283 ipsius
902 3201 1105 3263 sanctissime
1128 3199 1293 3283 genitricis
1315 3199 1419 3263 Marie
1445 3198 1622 3266 honorilice
1646 3212 1867 3268 constructum

225 3313 289 3385 cst,
319 3303 448 3368 Siffrido
479 3301 623 3387 palatino
654 3303 771 3367 comite
799 3305 1016 3367 monasticam
1044 3301 1234 3386 religionem
1262 3303 1341 3368 inibi
1370 3303 1558 3390 ampliando
1582 3305 1731 3371 omnibus
1760 3304 1867 3370 modis

224 3407 425 3488 intendente,
455 3406 547 3471 euius
570 3406 655 3470 filius
678 3404 871 3470 Wilhelmus
895 3404 1005 3470 divino
1029 3415 1137 3471 tactus
1159 3406 1315 3472 instinctu
1341 3409 1429 3492 piam
1452 3409 1554 3493 patris
1578 3407 1814 3474 devocionem⁸
1836 3420 1869 3474 et

224 3515 347 3578 factum
368 3534 435 3576 non
458 3513 573 3576 minori
599 3510 705 3576 studio
721 3511 914 3576 confirmare
930 3522 962 3576 et
976 3511 1135 3596 ampliare
1151 3510 1340 3575 desiderans
1362 3511 1507 3576 habitam
1531 3514 1633 3598 patris
1653 3512 1867 3578 tradicionem

173 3631 206 3678 25
225 3619 328 3681 eciam
344 3619 410 3681 suis
429 3616 596 3682 beneficiis
620 3616 663 3682 ad
682 3637 810 3680 omnem
833 3612 1005 3679 utilitatem
1028 3613 1089 3678 deo
1114 3613 1193 3678 inibi
1217 3615 1425 3678 servientium
1448 3638 1507 3700 pro
1527 3637 1625 3701 posse
1643 3625 1741 3700 atque
1759 3637 1866 3699 nosse,

223 3721 319 3785 rebus
349 3730 381 3784 et
404 3718 529 3802 verbis,
561 3718 697 3784 consilio
728 3728 760 3782 et
790 3716 913 3783 auxilio
942 3715 1098 3781 roborare
1126 3718 1303 3782 contendit.
1349 3717 1513 3804 Quicquid
1536 3721 1645 3804 itaque
1676 3729 1770 3805 pater
1798 3720 1867 3782 cius

224 3823 363 3888 Sit'ridus
387 3824 460 3888 loeo
483 3823 529 3887 illi
545 3821 692 3908 predicte
710 3821 882 3907 predicteb
905 3823 1102 3887 monasterie
1119 3825 1225 3905 gratia
1242 3822 1349 3888 divine
1365 3823 1524 3888 mercedis
1541 3825 1687 3906 contulit,
1712 3824 1867 3910 quiequid

223 3931 256 3992 in
279 3931 415 3993 iusticiis
443 3928 559 3993 litteris
589 3937 621 3992 et
650 3929 858 4012 pertinenciis
888 3928 1109 4013 predictorum
1137 3927 1324 4013 prediorum
1346 3950 1517 3992 censorum
1547 3929 1784 4013 mancipiorum
1811 3950 1867 3991 seu

224 4054 490 4116 rprarumcnnque
512 4053 619 4095 rerum
643 4053 740 4115 super
762 4030 865 4095 altare
889 4030 1052 4116 delegavit
1074 4042 1108 4096 ct
1129 4030 1342 4112 contradidit,
1369 4033 1475 4116 ipsam
1499 4030 1741 4114 delegacionem
1763 4033 1866 4118 patris

174 4147 207 4192 30
225 4135 339 4198 codem
362 4134 491 4198 fervens
516 4133 622 4198 studio
646 4155 721 4198 cum
743 4133 893 4200 libertate
910 4135 1115 4198 confirmavit
1137 4145 1169 4199 et
1191 4133 1326 4198 tradidit
1349 4132 1480 4198 domino
1506 4132 1565 4197 deo
1585 4143 1617 4198 et
1636 4145 1748 4200 sancte
1763 4134 1867 4200 Maris

225 4237 411 4320 sanctisque
441 4235 598 4320 apostolis
628 4245 660 4300 et
689 4247 803 4301 sancto
832 4237 1011 4303 Benedicta
1040 4239 1074 4301 in
1101 4246 1296 4322 potestatem
1325 4244 1357 4300 et
1386 4239 1616 4321 proprietatem
1650 4237 1866 4322 fratribusque

225 4337 286 4402 deo
311 4336 371 4401 sub
396 4337 508 4420 regula
530 4339 714 4402 monastica
736 4337 781 4402 ibi
806 4341 971 4403 servituris
995 4339 1038 4403 ad
1060 4340 1251 4421 utilitatem3
1282 4349 1314 4402 et
1339 4361 1379 4402 nc
1403 4361 1545 4424 unquam
1568 4338 1628 4404 deo
1654 4341 1867 4404 serviencium

186 4445 189 4452 “
225 4440 291 4506 illie
312 4441 434 4505 destrui
457 4441 571 4525 possit,
596 4439 772 4525 prudenter
794 4463 927 4524 prorsus
951 4443 1036 4504 sicut
1058 4451 1150 4526 pater
1173 4441 1317 4507 decrevit
1340 4451 1372 4506 ct
1390 4444 1566 4522 constituit,
1591 4441 1726 4506 eandem
1750 4441 1867 4506 cellam

225 4566 297 4608 cum
322 4542 472 4608 omnibus
496 4543 563 4606 suis
586 4541 794 4627 pertinenciis
816 4563 902 4606 nunc
926 4541 1055 4607 collatis
1078 4554 1111 4607 ct
1134 4544 1250 4608 dehinc
1274 4544 1479 4610 conferendis
1503 4545 1544 4609 ab
1567 4544 1629 4609 hac
1653 4547 1706 4611 die
1729 4557 1760 4610 ct
1780 4546 1867 4610 dein·

174 4663 206 4708 35
226 4671 302 4733 ceps
327 4647 459 4712 omnino
483 4669 548 4710 non
572 4643 736 4710 subditam
764 4668 823 4709 nee
854 4645 913 4709 sub
941 4647 1017 4729 iugo
1041 4669 1112 4711 esse
1135 4645 1271 4711 alieuius
1300 4657 1425 4713 terrene
1457 4670 1594 4733 persone
1617 4648 1668 4712 vel
1697 4649 1868 4733 potestatis

224 4753 285 4817 nisi
309 4752 450 4833 abbatis,
475 4749 575 4816 salvis
595 4749 879 4816 dominacionibus
895 4747 1097 4813 ordinacioni
1120 4747 1301 4832 potcstatil‘
1324 4759 1356 4814 et
1378 4752 1483 4814 tocius
1506 4749 1664 4814 libertatis
1686 4751 1772 4832 iurc3
1796 4773 1867 4814 eam

225 4866 257 4919 ct
280 4853 475 4919 omnimodis
499 4855 532 4917 in
548 4851 677 4918 Christo
703 4851 912 4937 solempniter
934 4852 1124 4918 sublimavit
1146 4874 1184 4917 ac
1208 4875 1278 4917 sese
1300 4853 1437 4918 feliciter
1459 4853 1501 4919 ob
1518 4855 1609 4937 regni
1628 4853 1754 4918 celestis
1777 4854 1868 4919 herc·

226 4960 361 5026 (litatem
385 4961 516 5026 omnino
546 4960 721 5025 abdicavit.
767 4958 832 5024 Sed
861 4957 924 5022 hoc
954 4967 1058 5024 totum
1086 4981 1222 5023 revera
1249 4956 1329 5021 felix
1357 4959 1546 5043 negociator
1570 4956 1746 5042 prudenter
1768 4957 1867 5022 etlieit

226 5065 364 5149 primum
394 5063 435 5130 ob
466 5086 557 5148 spem
586 5073 617 5128 et
646 5064 803 5148 premium
827 5067 893 5128 vite
920 5075 1028 5130 eterne
1059 5075 1091 5128 et
1114 5063 1155 5128 ob
1183 5064 1263 5128 tacti
1293 5062 1438 5128 domini⁰
1462 5065 1511 5128 sui
1539 5063 1641 5148 ipsius
1671 5072 1702 5128 et
1725 5065 1868 5128 omnium

175 5185 207 5231 to
226 5169 404 5232 amicorum
428 5177 460 5232 et
481 5169 806 5252 consanguineorum
822 5167 873 5232 vel
897 5167 941 5233 ad
956 5189 1068 5232 curam
1091 5191 1183 5232 suam
1207 5167 1444 5252 pertinentium,
1469 5167 1510 5231 ob
1533 5169 1723 5233 memoriam
1740 5189 1868 5253 quoqne

226 5273 457 5356 imperatorum
489 5289 604 5353 regum
637 5273 865 5356 episcoporum
900 5273 1083 5357 principum
1112 5283 1143 5336 et
1174 5281 1366 5336 cunctorum
1396 5269 1540 5355 predicte
1571 5270 1652 5336 cello
1688 5282 1807 5338 statum
1836 5283 1869 5337 et

227 5375 383 5441 honorem
407 5373 615 5458 diligenciam
638 5384 669 5437 ct
692 5374 941 5440 defendencium
963 5387 995 5439 et
1019 5377 1161 5440 emnium
1186 5373 1305 5440 Christi
1326 5372 1480 5456 fidelium,
1504 5383 1536 5438 et
1558 5385 1654 5459 prout
1677 5399 1772 5461 posse
1796 5376 1868 5441 sub·

313 5545 370 5598 4⁵7.
398 5545 427 5610 h)
445 5548 492 5629 ipit
510 5547 712 5680 addchlrlieertp,
730 5548 770 5669 gl'
788 5549 833 5600 des
853 5548 940 5601 osaea
958 5549 984 5600 B
1001 5549 1041 5614 ab,
1068 5565 1096 5599 eo
1114 5548 1176 5600 dau
1192 5549 1243 5598 wir
1252 5547 1303 5610 fl'e·
1319 5548 1370 5600 den
1388 5546 1494 5600 settim
1511 5548 1564 5613 atas
1574 5547 1618 5599 die
1634 5547 1765 5611 Abeehnfl
1785 5547 1868 5600 Gaa-

396 5629 520 5680 qewscrcn
689 5635 698 5666 1
750 5653 758 5669 .

176 5715 209 5765 te
313 5717 372 5771 ⁴58.
400 5717 495 5786 [Folta]
607 5719 675 5784 a)A
697 5726 758 5772 aare
784 5721 957 5774 donacionem
1070 5719 1141 5788 b)A
1245 5723 1269 5784 c)
1288 5719 1325 5784 A,
1351 5727 1417 5773 droa
1441 5726 1502 5772 aaa
1526 5727 1660 5796 tutamen,
1686 5727 1868 5775 tutamentum.
