4538 6436
413 410 476 478 498
1004 415 1460 478 KAISERURKUNDEN.

515 608 559 664 sie
580 605 637 678 leot
659 604 716 662 den
733 604 895 664 Gedoukea
916 606 992 662 nolte
1014 605 1084 664 dass
1107 607 1154 663 die
1177 605 1281 664 beiden
1295 605 1366 664 DD.
1383 605 1433 663 des
1449 604 1559 664 Selenes
1577 607 1650 662 ewei
1667 605 1744 678 Tege
1767 607 1891 677 spdter,
1923 598 1998 658 also
2023 598 2110 656 nieht

516 727 566 766 orn
583 713 623 778 3.,
647 708 775 768 scadan
797 713 856 767 eret
877 726 928 766 om
948 712 978 767 4.
996 707 1121 767 Olstolrcr
1141 708 1334 782 emerserunt
1356 706 1474 768 worden
1495 707 1574 767 sind.

519 895 577 974 (O.)
601 897 614 977 g
637 893 675 958 ln
697 895 829 958 nomine
854 903 987 958 sanctae
1011 901 1043 956 et
1065 891 1254 957 individuae
1277 893 1440 958 trinitatis.
1486 892 1564 957 Otto
1593 891 1704 956 divina
1731 893 1872 957 favente
1909 890 2108 954 clementia

413 1001 589 1083 imperator
611 1007 780 1080 augustus,
868 997 1003 1061 Noverit
1027 999 1171 1061 omnium
1193 996 1338 1061 fidelium
1360 1005 1571 1061 nostroruw
1593 993 1606 1074 Ξ
1631 1004 1700 1060 tam
1721 997 1969 1080 praesentium
1997 1015 2107 1079 quam

413 1111 445 1165 et
472 1103 652 1165 futurorum
683 1099 859 1182 industria,
890 1100 1029 1185 qualiter
1055 1123 1117 1165 nos
1146 1122 1205 1185 pro
1235 1103 1360 1166 monitu
1391 1099 1573 1183 Adalheide
1603 1099 1719 1184 dilecte
1748 1101 1914 1184 coniugis
1950 1109 2139 1163 nostrast

413 1202 581 1268 abbatiam
603 1205 655 1268 cui
678 1226 799 1268 nomen
823 1215 873 1266 est
896 1205 1057 1285 Angerin,
1087 1225 1185 1288 quam
1208 1202 1304 1287 beate
1328 1205 1504 1268 memoriae
1528 1203 1649 1269 domna
1672 1206 1815 1288 genitrix
1841 1213 1974 1269 nostra
2001 1201 2105 1267 Mah-

412 1307 487 1370 thilt
507 1309 540 1370 in
563 1291 720 1372 honorem
744 1310 848 1371 sancti
872 1307 1015 1370 Dionisii
1038 1307 1180 1371 martiris
1205 1304 1326 1370 Christi
1349 1309 1543 1388 construxit,
1568 1307 1609 1371 ob
1633 1308 1812 1372 remedium
1837 1317 1874 1371 et
1899 1305 2104 1371 absolutio-

412 1433 486 1475 nem
510 1413 691 1475 animarum
715 1411 824 1475 domni
850 1413 1005 1496 genitoris
1029 1411 1132 1474 nostri
1155 1410 1301 1474 Heinrici
1323 1411 1410 1493 regis
1433 1408 1615 1495 domneque
1637 1412 1803 1495 genitricis
1827 1420 2000 1492 nostrae,
2037 1432 2102 1494 pro

413 1523 500 1577 statu
529 1534 658 1599 quoque
686 1523 718 1577 et
745 1513 968 1578 incolomitate
998 1516 1088 1597 regni
1111 1513 1164 1577 vel
1193 1513 1320 1599 imperii
1349 1514 1452 1577 nostri
1480 1513 1602 1599 filiique
1632 1525 1664 1579 et
1691 1516 1958 1599 coimperatoris
1986 1515 2103 1578 nostri

415 1614 545 1681 Ottonis
569 1625 683 1681 sancto
706 1616 868 1681 Mauricio
892 1614 951 1681 inb
974 1615 1202 1700 Magadeburg
1229 1615 1407 1681 liberaliter
1437 1617 1600 1682 offerimus
1631 1627 1664 1681 ct
1693 1617 1968 1703 archiepiscopis
2002 1616 2100 1680 illius
2120 1631 2151 1678 ro

414 1718 575 1784 aeclesiae
598 1717 833 1805 perpetualiter
853 1719 1034 1783 utendam⁰
1056 1718 1283 1800 concedimus,
1315 1742 1389 1784 curn
1413 1720 1563 1785 omnibus
1587 1721 1791 1806 appendiciis
1816 1733 1848 1786 et
1875 1721 2100 1786 utilitatibus

413 1824 491 1904 suis,
514 1832 582 1887 tam
606 1821 763 1886 aedificiis
788 1844 886 1906 quam
912 1823 1084 1907 mancipiis
1107 1825 1275 1909 utriusque
1298 1846 1396 1888 sexus
1420 1826 1514 1888 terris
1537 1823 1632 1888 cultis
1656 1834 1688 1888 et
1709 1825 1842 1889 incultis
1867 1827 1985 1910 pratis
2015 1847 2098 1910 pas·

413 1927 482 1989 euis
511 1925 601 1991 silvis
630 1929 725 2012 aquis
757 1948 956 2012 aquarumve
987 1925 1178 1990 decursibus
1208 1926 1404 1990 molendinis
1433 1926 1608 1991 mobilibus
1639 1927 1763 1992 scilicet
1791 1939 1824 1991 et
1853 1928 2095 1992 inmobilibus

413 2028 555 2094 exitibus
579 2040 611 2093 et
632 2029 790 2094 reditibus
814 2030 949 2116 quesitis
972 2040 1004 2093 et
1026 2028 1243 2114 inquirendis,
1274 2039 1311 2093 ut
1339 2028 1605 2115 archiepiscopus
1635 2030 1721 2094 illius
1750 2041 1888 2097 sanctae
1916 2033 2094 2117 Magada-

413 2131 585 2216 burgenris
608 2133 768 2198 aeclesiae
792 2136 907 2218 suique
930 2153 1137 2198 successores
1160 2141 1293 2198 teneant
1316 2142 1348 2197 et
1371 2133 1562 2219 possideant
1584 2144 1617 2198 et
1639 2136 1706 2199 suis
1729 2157 1800 2199 eam
1826 2135 1951 2200 usibus
1987 2138 2092 2201 sicuti
2114 2155 2145 2202 15

411 2258 464 2299 res
494 2236 736 2301 aeclesiasticas
765 2239 859 2301 iuxta
886 2237 1015 2302 libitum
1045 2236 1236 2321 adiungant.
1281 2237 1326 2300 Et
1355 2247 1392 2300 ut
1419 2236 1482 2302 hoc
1513 2247 1645 2303 nostrae
1676 2239 1924 2304 munificentiae
1958 2263 2091 2306 munus

413 2339 517 2404 eidem
540 2339 699 2405 aeclesiae
722 2341 850 2406 firmum
872 2351 904 2404 et
928 2339 1045 2404 stabile
1069 2363 1127 2425 per
1152 2362 1344 2404 successura
1372 2348 1522 2426 tempora
1544 2352 1734 2426 permaneat
1756 2351 1788 2406 et
1811 2364 1830 2406 a
1855 2354 2007 2408 sanctae
2034 2345 2089 2408 dei

413 2443 573 2509 aeclesiae
601 2443 752 2509 fidelibus
781 2445 966 2530 nostrisque
994 2445 1103 2508 verius
1132 2443 1300 2522 credatur,
1331 2442 1418 2507 hanc
1448 2453 1575 2509 cartam
1602 2443 1765 2509 conscribi
1788 2455 1821 2508 et
1842 2444 1939 2510 anuli
1974 2447 2089 2510 nostri

411 2549 626 2633 impressione
650 2550 774 2632 signari
795 2549 967 2630 iussimus,
991 2570 1091 2633 quam
1114 2560 1146 2612 et
1169 2549 1302 2633 propria
1325 2569 1425 2612 manu
1447 2546 1561 2612 subtus
1583 2547 1794 2613 firmavimus.

515 2684 529 2765 l
552 2685 688 2770 Signum
712 2686 834 2750 domini
859 2685 991 2750 Ottonis
1015 2685 1078 2766 (M.)
1101 2687 1212 2770 magni
1236 2697 1268 2750 et
1289 2687 1496 2750 invictissimi
1519 2688 1725 2772 imperatoris
1748 2690 1890 2770 augusti.
1907 2687 1929 2772 Ξ
2105 2710 2139 2757 20

515 2786 746 2874 {Lindigerus
769 2790 986 2855 cancellarius
1009 2789 1159 2855 advicem
1174 2788 1349 2855 Haddonis
1365 2789 1642 2874 archicappellani
1655 2791 1778 2853 notavi.
1801 2787 1815 2870 ᾗ
1840 2791 1968 2871 (81.4.)
1995 2793 2086 2872 (SR.)

514 2928 605 2993 Data
621 2946 772 2993 11111011.
791 2938 853 2992 oct.
877 2949 963 2992 anno
988 2927 1171 2993 dominicae
1194 2929 1429 2992 incarnationis
1453 2942 1687 3009 nccccnxvm,
1710 2926 1890 2991 indictione
1907 2946 1960 3010 111,
1987 2952 2082 2995 anno

412 3041 521 3097 autem
542 3034 635 3116 regni
658 3031 768 3098 domni
792 3031 921 3096 Ottonis
945 3049 1072 3115 xxxffl,
1096 3033 1222 3117 imperii
1245 3053 1323 3096 vero
1340 3049 1408 3114 vn3
1431 3041 1541 3096 actum
1563 3031 1758 3114 Rauennae3
1780 3032 1814 3094 in
1838 3029 1982 3097 domino
2007 3034 2082 3098 feli-

412 3138 494 3202 citer
517 3158 624 3203 amen.

1196 3344 1283 3420 362.
2098 3381 2131 3429 rs

423 3501 504 3580 Otto
536 3501 679 3577 sdteolct
710 3502 776 3576 der
808 3500 1112 3597 mabuchdfliclren
1137 3500 1275 3576 Kirdrc
1308 3499 1369 3573 der
1401 3500 1435 3574 lt.
1463 3501 1583 3574 Morte
1617 3526 1662 3573 za
1688 3499 1918 3599 Mopdcburp
1945 3501 2079 3574 scinco

413 3623 531 3698 Best'tz
557 3626 598 3698 in
624 3623 901 3697 Boderdroosen.
1586 3641 1731 3699 Ravenna
1753 3643 1817 3700 968
1842 3639 1975 3700 Oktober
1996 3647 2030 3702 2.

516 3853 737 3926 Moqdeburyer
761 3851 940 3924 Copiolbuolr
961 3851 1012 3910 dee
1034 3853 1086 3910 15.
1103 3849 1156 3909 Jlr.
1182 3847 1205 3920 f.
1229 3847 1259 3908 2
1282 3852 1324 3908 im
1346 3851 1374 3910 k.
1392 3848 1595 3910 suasanus
1615 3867 1656 3908 ru
1679 3848 1862 3921 Moqdebury
1886 3846 1952 3925 (D).

519 3989 702 4063 Sagittarius
729 3987 800 4048 Ant.
831 3989 1026 4062 Moqdeburp.
1058 3989 1101 4048 ed.
1123 3995 1146 4058 1,
1171 3991 1213 4047 88
1235 4005 1292 4047 oses
1314 3987 1381 4047 MS.
1406 3988 1456 4046 des
1476 3986 1614 4046 Olearius
1637 4011 1677 4039 =
1702 3987 1743 4046 ed.
1766 3995 1805 4056 ΙΙ,
1832 3987 1872 4045 65
1900 4011 1938 4038 =
1966 3987 2076 4061 Lena

516 4093 586 4152 RA.
603 4087 668 4163 16⁶,
692 4097 735 4154 17
756 4099 790 4150 πθ
806 4095 846 4152 50
870 4115 910 4144 =
933 4093 1038 4151 Marsi
1054 4089 1139 4151 Cone.
1155 4109 1232 4150 nouo
1247 4091 1309 4150 coll.
1333 4091 1377 4149 ed.
1398 4102 1422 4162 1,
1446 4097 1476 4161 1,
1501 4093 1595 4162 1158,
1621 4115 1661 4143 =
1685 4090 1867 4162 Sopittorius
1891 4092 1925 4147 ia
1950 4091 2076 4164 Boysea
2093 4112 2125 4160 30

514 4194 888 4270 renunciarentur,
914 4219 953 4248 =
978 4196 1081 4254 Moesi
1105 4192 1188 4256 coar.
1212 4212 1289 4254 nova
1311 4194 1373 4253 coll.
1397 4193 1442 4254 ed.
1462 4203 1503 4266 ΙΙ,
1520 4199 1572 4265 19,
1591 4199 1619 4253 7.
1637 4225 1680 4236 -
1695 4192 1822 4252 Bdlrmcr
1835 4192 1910 4266 Rey.
1927 4196 2006 4254 351.
2029 4227 2075 4238 —

516 4297 647 4373 Stumpf
663 4299 734 4373 Ra.
761 4301 832 4360 450.

518 4436 579 4511 Vqr.
604 4437 671 4498 DO.
688 4441 761 4498 361.

620 4625 659 4690 Irr
682 4626 812 4692 nomine
836 4636 948 4692 sancte
971 4635 1004 4691 et
1026 4625 1194 4692 individue
1216 4625 1379 4692 trinitatis.
1416 4623 1494 4691 Otto
1516 4625 1627 4690 divina
1649 4624 1780 4689 favente
1803 4621 1988 4688 clemencia
2009 4624 2073 4690 im·

413 4739 546 4813 perator
576 4739 745 4813 augustae.
847 4747 957 4797 Noverit
987 4747 1105 4796 omnium
1134 4745 1253 4796 fidebam
1280 4753 1432 4797 nostrorum
1460 4749 1514 4794 tam
1544 4743 1709 4808 presencium
1743 4755 1822 4806 quam
1853 4746 1880 4790 et
1913 4741 2073 4792 futurorum
2091 4751 2124 4799 35

413 4847 559 4912 indmtria,
594 4849 708 4914 qualiter
736 4865 785 4900 nos
813 4835 996 4899 interventu
1025 4850 1121 4900 dilecte
1150 4852 1271 4917 coniugis
1299 4855 1389 4901 nostre
1419 4848 1574 4899 adelheidis
1602 4831 1725 4918 filiique
1754 4839 1787 4895 et
1815 4831 2072 4914 coimperatoris

413 4938 515 5000 nostri
540 4934 671 5001 Ottonis
700 4936 765 5000 tale
794 4948 904 5002 nostre
933 4939 1142 5023 proprietatis
1172 4938 1319 5024 predium
1347 4937 1444 5024 quale
1471 4957 1533 5000 nos
1561 4937 1595 4998 in
1624 4934 1868 5000 Bodenhusen⁸
1894 4955 2000 5019 usque
2026 4935 2074 4999 ad

412 5037 498 5102 hanc
528 5038 614 5104 diem
641 5038 832 5122 habuimUS,
856 5071 915 5105 oum
944 5057 1067 5106 omnibus
1090 5056 1254 5121 appendiciis
1277 5073 1293 5104 r
1315 5057 1379 5118 suis,
1402 5061 1456 5104 tam
1477 5041 1512 5102 in
1534 5054 1674 5118 mancipiis
1696 5068 1775 5118 quam
1797 5039 1831 5100 in
1853 5049 1967 5102 edificiis
1991 5055 2073 5102 terris

413 5155 492 5206 cultis
515 5162 541 5206 et
562 5156 671 5207 incultis
693 5159 777 5222 pratis
799 5160 905 5222 pascuis
928 5159 1002 5208 silvis
1025 5160 1102 5224 aquis
1125 5173 1307 5224 aquarumque
1330 5157 1486 5208 decursibus
1508 5157 1667 5209 molendinis
1690 5157 1834 5207 mobilibus
1849 5161 1875 5205 et
1890 5156 2073 5207 inmobilibus

413 5261 527 5312 exitibus
550 5269 577 5312 et
598 5261 729 5313 reditibus
752 5263 862 5327 quesitis
885 5257 918 5310 et
938 5263 1112 5327 inquirendis,
1135 5269 1227 5313 sancto
1250 5263 1381 5313 Mauricio
1404 5264 1432 5311 in
1448 5262 1599 5327 Magdburg
1621 5261 1765 5312 liberaliter
1788 5261 1921 5310 offerimus
1937 5265 1966 5310 et
1980 5262 2071 5312 archi·
2090 5267 2125 5315 40

412 5349 568 5430 episcopisb
595 5365 668 5414 illiue
697 5365 808 5416 ecclesie
830 5367 1019 5431 perpetualiter
1042 5359 1194 5416 1111111111ὓ
1222 5366 1407 5430 concedimus,
1436 5372 1467 5415 ut
1488 5370 1597 5416 teneant
1619 5371 1646 5415 et
1667 5341 1822 5430 possideant
1843 5369 1869 5414 st
1891 5363 1948 5412 suis
1972 5365 2074 5416 usibus

498 5538 681 5609 ttl.[n01u]
785 5540 893 5607 alfolqt
910 5539 995 5591 idaiae
1012 5541 1101 5592 Rorur
1204 5542 1437 5606 ώσω-,11111111
1541 5542 1566 5609 c)
1583 5557 1600 5591 a
1617 5558 1683 5592 con.
1702 5558 1750 5591 οω
1767 5557 1792 5592 u.

498 5639 556 5696 Μ
583 5639 757 5766 [trasmittas]
869 5646 895 5708 a)
915 5661 944 5694 ro
970 5645 1000 5694 ia
1024 5644 1071 5695 der
1094 5643 1266 5727 therrehn'fl
1292 5648 1322 5696 in
1348 5645 1388 5710 D,
1418 5643 1544 5695 udis-end
1569 5643 1618 5695 der
1646 5643 1752 5696 cem
1782 5642 1961 5695 Badenhusen
1989 5643 2071 5698 Mart

600 5714 610 5781 )
628 5713 844 5780 archiepiscopus
861 5713 891 5764 D
993 5714 1018 5780 c)
1027 5712 1099 5776 fehlt
1116 5730 1146 5764 m
1162 5713 1199 5767 D.
