4538 6436
904 437 1030 496 ΟΤΤΟ
1052 437 1076 494 Ι.
1100 435 1172 494 969.
1519 465 1521 474 >
1799 431 1860 497 521

213 625 348 707 virginis
378 621 533 687 collatum
561 622 673 706 fuerit,
704 621 746 686 ad
776 645 893 687 causas
922 619 1104 686 audiendas
1127 620 1178 685 vel
1206 620 1300 686 freda
1327 621 1491 706 exigenda
1522 631 1579 687 aut
1601 625 1790 688 mansiones
1812 623 1866 686 vel

213 737 346 814 paratas
370 727 539 792 faciendas
563 737 620 792 aut
641 727 851 794 fideiussores
874 726 1039 791 tollendos
1062 733 1119 788 aut
1141 723 1225 788 ullas
1249 723 1508 790 reddibicionesi
1530 725 1583 790 vel
1607 726 1749 791 inlicitas
1770 748 1865 790 occa-

215 833 323 894 siones
346 829 559 913 requirendas
582 838 639 893 aut
661 827 808 894 homiues
830 832 933 914 ipsius
957 828 1094 895 ecclesie
1116 838 1185 894 tarn
1208 831 1368 912 ingenuos
1391 843 1488 914 quain
1513 852 1626 894 servos
1649 830 1768 894 iniuste
1788 852 1865 894 con-

215 932 421 1018 stringendos
444 932 510 996 ullo
533 954 688 1018 umquam
711 941 857 1017 tempore
879 935 960 998 inire
985 933 1104 997 audeat
1125 933 1178 998 vel
1202 955 1325 1018 eaque
1349 954 1448 1018 supra
1474 942 1655 998 memorata
1678 943 1754 999 sunt
1776 935 1866 1018 peni·

179 1047 266 1100 stus
294 1039 426 1120 exigere
456 1047 512 1100 aut
541 1046 696 1101 exactare
724 1046 906 1121 presumat,
937 1036 995 1101 sed
1024 1037 1122 1102 liceat
1150 1036 1271 1100 ibidem
1300 1036 1361 1101 deo
1392 1036 1626 1102 famulantibus
1660 1036 1719 1101 sub
1754 1046 1865 1101 nostre

214 1142 426 1204 immunitatis
456 1142 598 1204 tuicione
628 1142 737 1224 quieto
766 1138 879 1204 ordine
902 1143 1014 1205 vivere
1042 1162 1082 1204 ac
1113 1139 1271 1221 residere,
1303 1141 1456 1224 quatinus
1485 1139 1600 1203 melius
1633 1138 1697 1203 illis
1725 1138 1866 1204 delectet

216 1246 301 1309 omni
325 1255 471 1327 tempore
495 1267 552 1328 pro
576 1243 671 1308 nobis
694 1254 727 1309 et
749 1245 888 1329 coniuge
911 1243 1067 1328 proleque
1090 1253 1203 1308 nostra
1227 1253 1324 1327 atque
1344 1242 1522 1307 stabilitate
1538 1245 1643 1307 tocius
1660 1245 1750 1326 regni
1766 1265 1787 1306 a
1803 1241 1864 1306 deo

214 1345 309 1410 nobis
333 1346 444 1410 collati
468 1346 589 1411 domini
612 1344 871 1410 misericordiam
894 1347 1056 1410 attencius
1079 1367 1227 1410 exorare.
1260 1346 1305 1411 Et
1319 1347 1431 1411 utbec
1447 1349 1624 1411 auctoritas
1641 1347 1864 1411 concessionis

216 1459 313 1534 atque
336 1449 599 1514 confirmacionis
622 1459 733 1514 nostre
755 1449 879 1514 firmior
901 1449 1061 1515 habeatur
1084 1461 1116 1514 et
1139 1472 1197 1535 per
1219 1450 1328 1514 futura
1351 1458 1500 1537 tempora
1523 1475 1542 1514 a
1565 1452 1691 1516 cunctis
1713 1448 1865 1514 fidelibus

167 1568 197 1615 10
216 1563 328 1617 sancte
352 1553 404 1616 dci
427 1553 565 1618 ecclesie
587 1554 771 1638 nostrisque
795 1553 1000 1637 presentibus
1022 1561 1057 1616 et
1081 1553 1197 1617 futuris
1221 1554 1337 1618 melius
1365 1555 1518 1619 credatur
1546 1565 1644 1640 atque
1672 1553 1865 1637 diligencius

214 1667 439 1739 conservetur,
469 1679 568 1721 manu
597 1658 731 1742 propria
758 1667 872 1720 nostra
904 1656 1015 1720 subter
1045 1677 1119 1720 eam
1144 1656 1346 1722 firmavimus
1369 1667 1402 1721 et
1424 1657 1513 1723 anuli
1534 1659 1639 1722 nostri
1661 1658 1865 1742 inpressione

217 1763 377 1845 assignari
400 1762 564 1826 iussimus.

317 1900 454 1984 Signum
477 1900 587 1964 domni
612 1896 744 1964 Ottonis
766 1900 875 1982 magni
899 1908 932 1963 et
955 1900 1161 1963 invictissimi
1184 1901 1391 1984 imperatoris
1413 1901 1555 1983 augusti.

316 2004 503 2070 Lintherius
519 2003 734 2068 cancellarius
750 2004 901 2068 advicem
914 2004 1071 2070 Hattonis
1088 2005 1328 2090 archiepiscopi
1344 2012 1377 2068 et
1392 2002 1672 2069 archicancellarii
1687 2003 1864 2088 recognovi

166 2119 249 2170 sset
272 2106 462 2193 subscripsi.

316 2245 405 2308 Data
421 2263 485 2308 1111.
502 2267 606 2309 nonas
623 2246 767 2310 octobris
784 2268 870 2311 anno
887 2245 1048 2312 dominice
1064 2248 1305 2311 incarnacionis
1320 2263 1569 2329 Dccccuxvnn,
1593 2245 1771 2312 indictione
1788 2264 1864 2330 xm,

216 2371 303 2413 anno
326 2350 416 2432 regni
441 2350 638 2415 serenissimi
660 2352 746 2436 regis
766 2348 899 2414 Ottonis
918 2368 1027 2433 xxxv,
1050 2352 1178 2435 imperii
1202 2349 1328 2415 scilicet
1351 2351 1400 2414 sui
1424 2351 1457 2414 in
1481 2349 1580 2414 Italia
1597 2367 1675 2433 v1113
1699 2358 1811 2414 actum
1832 2351 1866 2414 in

215 2453 380 2517 Tuscania
409 2455 443 2517 in
471 2452 551 2517 villa
579 2452 702 2518 Brenta
731 2474 829 2538 super
856 2453 991 2518 fluvium
1018 2454 1128 2519 Mersa
1155 2475 1259 2539 prope
1281 2455 1448 2518 civitatem
1473 2476 1535 2539 que
1557 2453 1677 2519 dicitur
1700 2455 1802 2537 Sena3
1832 2455 1866 2517 in

216 2553 335 2620 Christi
357 2557 491 2621 nomine
512 2555 650 2622 feliciter
672 2579 777 2622 amen.

168 2805 202 2853 ao
996 2781 1083 2856 380.

224 2935 305 3012 Otto
329 2935 471 3011 scltculct
493 2936 558 3010 der
580 2935 882 3034 erzbisclzdflicltea
899 2936 1031 3012 Kirclre
1054 2965 1099 3012 zu
1122 2937 1299 3037 Sulzburp
1321 2877 1392 3011 dus
1405 2939 1551 3011 Klostcr
1571 2935 1760 3012 Chierrarce.

1331 3041 1511 3120 umato
1534 3064 1597 3121 969
1625 3060 1750 3120 caasa
1771 3063 1822 3119 so.

320 3247 568 3322 Orqtnatdiptom
590 3251 633 3307 im
655 3249 683 3308 k.
706 3251 917 3309 Reiclrsarclrio
938 3269 978 3308 aa
999 3251 1150 3308 Mrtactea
1175 3248 1240 3328 (A).

316 3385 413 3443 Hand
434 3386 561 3458 nlarop.
587 3385 693 3446 surse.
718 3390 782 3446 198
796 3387 868 3460 Req.
892 3420 934 3431 —
957 3386 1191 3448 amasenus
1212 3387 1340 3459 Metrop.
1361 3386 1467 3447 Satist.
1493 3387 1537 3446 ed.
1561 3388 1645 3446 Mors.
1667 3390 1699 3456 2,
1721 3388 1786 3446 236
1809 3402 1865 3444 aas

316 3487 346 3546 A
371 3513 408 3540 2
433 3489 536 3562 nasa
552 3489 619 3549 aa.
637 3491 703 3561 rsr,
728 3493 813 3550 1063
828 3496 863 3549 av
878 3493 929 3561 ss,
953 3493 1008 3549 ma
1024 3494 1096 3562 oss,
1122 3515 1161 3544 =
1185 3471 1477 3550 nauseantes.
1493 3492 1565 3550 aar.
1581 3495 1612 3562 2,
1629 3493 1693 3550 res
1718 3513 1755 3542 =
1780 3489 1864 3548 non.

317 3591 410 3650 Boica
423 3596 454 3662 2,
471 3596 536 3653 383
558 3599 592 3650 n⁰
607 3597 637 3652 4.
660 3628 705 3636 -
726 3593 928 3673 (manaym)
944 3595 1086 3667 Juoavta,
1110 3594 1188 3654 Aah.
1206 3597 1269 3654 185
1283 3601 1319 3652 πθ
1335 3598 1376 3654 70
1399 3613 1456 3654 aas
1478 3594 1517 3665 B,
1541 3597 1596 3653 mit
1619 3597 1691 3654 968.
1715 3626 1758 3637 -
1779 3592 1866 3651 Mon.

319 3695 413 3754 Boicu
427 3699 496 3766 28⁴¹,
513 3701 579 3758 192
592 3705 626 3756 n⁰
642 3702 706 3757 132
728 3699 801 3771 aa.
818 3717 874 3758 aas
890 3700 919 3757 A
940 3719 981 3758 aa
996 3704 1069 3760 970.
1094 3733 1136 3742 —
1158 3699 1289 3758 Botmer
1302 3699 1373 3772 Req.
1390 3701 1463 3759 362.
1487 3731 1530 3741 -
1552 3696 1682 3771 &mapf
1699 3699 1772 3771 Ray.
1793 3699 1865 3756 474.

319 3833 405 3892 Nach
424 3833 549 3909 Ooacept
571 3837 621 3895 des
643 3838 685 3897 It.
704 3835 736 3897 O.
759 3855 815 3896 von
836 3842 918 3897 smtst
939 3838 1019 3896 nicht
1043 3839 1215 3896 betanatem
1239 3835 1391 3898 Sctrer'bcr
1412 3837 1556 3896 mandat.

321 4020 381 4099 (C.)
404 4018 418 4100 ξ
440 4021 479 4085 In
500 4023 656 4086 nomine⁸
680 4033 814 4088 sanctae
837 4033 870 4087 et
891 4021 1081 4086 individuae
1103 4023 1269 4088 trinitatis.
1305 4020 1383 4086 Otto
1407 4021 1519 4087 divina
1541 4022 1672 4088 favente
1695 4021 1868 4087 clementia

166 4132 200 4178 ³0
217 4121 393 4206 imperator
415 4135 584 4208 augustus.
672 4125 707 4191 Si
730 4123 834 4210 ergab
855 4124 931 4191 loca
954 4125 1072 4190 divinis
1095 4125 1238 4190 cultibus
1261 4128 1468 4212 mautipata⁰
1491 4137 1624 4211 propter
1646 4147 1791 4190 amorem
1814 4124 1866 4190 dei

216 4225 250 4287 in
272 4225 395 4291 eisdem
416 4227 498 4293 locis
529 4229 661 4294 domino
690 4229 924 4298 famulantibus
952 4227 967 4309 ξ
994 4227 1160 4315 quoddam
1192 4231 1357 4294 offerimus
1385 4230 1552 4313 beneficii,
1583 4232 1743 4316 premium
1770 4229 1866 4294 nobis
1964 4271 1969 4278 -

216 4329 305 4414 apud
328 4331 424 4397 deum
448 4343 580 4419 aeterne
607 4337 877 4400 remunerationis
900 4334 1035 4420 rependi
1058 4357 1126 4400 non
1148 4334 1336 4399 diffidimus.
1382 4333 1548 4414 Quocirca
1569 4335 1867 4400 noveritomnium

216 4430 360 4498 fidelium
383 4449 569 4502 nostrorum
593 4438 719 4504 scilicet
741 4429 941 4524 presentium
962 4459 1003 4501 ac
1026 4431 1209 4501 futurorum
1231 4437 1407 4518 industria,
1442 4437 1582 4522 qualiter
1604 4460 1665 4502 nos
1690 4460 1748 4522 per
1770 4439 1867 4501 inter·

214 4545 346 4602 ventum
369 4561 409 4604 ac
432 4541 625 4626 petitionem
641 4543 787 4608 Heinrici
811 4542 904 4606 ducis
926 4543 1095 4627 nostrique
1118 4543 1263 4626 parentis
1286 4540 1330 4604 ad
1352 4540 1527 4605 ecclesiam
1550 4543 1654 4605 sancti
1671 4541 1757 4606 Petri
1780 4540 1868 4626 prin·

164 4658 198 4706 ss
216 4641 299 4724 cipis
323 4643 547 4728 apostolorum
571 4648 740 4731 sanctique
758 4645 928 4710 Ruotberti
952 4645 1152 4710 confessoris
1177 4655 1311 4710 sanotae
1334 4642 1608 4727 Salzburhgensis
1631 4644 1791 4709 ecclesiae
1815 4645 1867 4708 cui

214 4747 411 4812 venerabilis
434 4750 703 4836 archiepiscopus
726 4749 912 4816 Fridericus
937 4772 1015 4815 cura
1037 4749 1197 4836 pastorali
1221 4769 1353 4834 preesse
1376 4745 1521 4828 videtur,
1552 4745 1746 4811 donavimus
1769 4755 1867 4832 atque

216 4853 438 4917 concessimus
461 4875 560 4918 uuam
584 4854 754 4919 abbatiam
776 4877 838 4940 que
856 4854 1040 4918 Kiemissce
1063 4861 1279 4939 nuncupatur,
1302 4871 1377 4915 cum
1401 4849 1551 4914 omnibus
1576 4851 1643 4914 suis
1666 4851 1867 4934 pertinentiis

216 4959 248 5015 et
270 4952 463 5020 adiacentiis
487 4959 521 5021 in
543 4958 801 5043 quibuscumque
831 4956 913 5022 locis
939 4957 991 5021 vel
1023 4956 1232 5022 comitatibus
1262 4955 1442 5020 consistere
1464 4952 1517 5018 vel
1545 4954 1653 5018 iacere
1681 4953 1833 5018 videatur
1844 4963 1865 5035 ⁰,

215 5053 362 5120 ecclesiis
384 5059 531 5124 curtibus
556 5059 693 5126 edificiis
716 5063 818 5126 servis
841 5070 873 5125 et
896 5058 1024 5124 ancillis
1047 5062 1230 5146 ceterisque
1253 5057 1425 5142 mancipiis
1448 5059 1543 5121 terris
1567 5056 1662 5122 cultis
1681 5066 1714 5122 et
1736 5055 1867 5122 incultis

166 5180 200 5227 ιο
218 5157 305 5239 agris
328 5163 455 5246 campis
484 5164 587 5248 pratis
617 5167 750 5250 pascuis
780 5163 871 5229 silvis
899 5165 1003 5228 vineis
1034 5166 1127 5249 aquis
1157 5163 1378 5248 aquarumque
1409 5159 1601 5226 decursibus
1631 5161 1867 5248 piscationibus

216 5258 410 5326 molendinis
432 5264 719 5354 molendinumque
740 5267 822 5333 locis
838 5267 1070 5333 venationibus
1085 5269 1148 5332 viis
1167 5278 1200 5331 et
1221 5268 1318 5332 inviis
1342 5265 1485 5332 exitibus
1509 5277 1541 5330 et
1564 5265 1769 5331 redditibus⁰
1790 5288 1866 5352 que-

218 5363 287 5426 sitis
303 5375 336 5430 et
351 5367 552 5453 inquirendis
570 5370 747 5436 mobilibus
763 5381 795 5436 et
809 5371 1024 5435 inmobilibus
1046 5369 1145 5436 rebus
1169 5370 1385 5457 omnibusque
1408 5372 1611 5457 pertinentiis
1626 5380 1659 5435 et
1673 5370 1867 5436 adiacentiis

303 5552 361 5608 m.
389 5555 410 5623 i)
425 5559 609 5612 reddibicones
628 5561 662 5612 Β.

166 5731 200 5782 ὦ
302 5653 360 5712 380.
387 5659 500 5792 giqlpel]
598 5667 629 5730 a)
645 5683 725 5718 nome
745 5665 811 5718 altas
827 5663 1076 5734 autumemus
1186 5668 1215 5734 b)
1233 5687 1246 5720 r
1261 5667 1442 5739 motoque
1459 5685 1517 5725 eom
1535 5667 1672 5723 sacae
1688 5665 1869 5735 ebumlobea

269 5837 486 5888 maarai
1622 5847 1663 5912 66
