4554 6414
912 402 1037 458 ΟΤΤΟ
1060 403 1082 457 Ι.
1109 400 1181 457 944.
1810 395 1872 461 139

221 582 351 648 cuidam
374 596 485 650 nostro
510 589 628 653 dilecto
651 588 833 652 marchioni
856 588 986 649 nomine
1005 584 1093 649 Gero
1117 585 1278 672 quasdam
1300 609 1351 650 res
1374 588 1581 671 proprietatis
1604 597 1714 672 nostre
1737 590 1770 651 in
1793 588 1870 672 legi-

220 691 335 753 timum
357 691 587 757 concambium
610 693 820 772 donavimus,
855 689 889 754 id
917 701 967 753 est
993 689 1149 776 quicquid
1169 692 1204 753 in
1226 689 1305 754 villa
1328 690 1497 774 Turtlinge
1519 701 1638 756 vocata
1659 695 1694 756 in
1716 694 1872 758 comitatu

220 793 358 877 predicti
380 795 577 860 marchionis
600 799 633 861 in
656 819 742 881 pago
766 794 1057 878 Norththuringiac
1085 793 1205 858 babere
1232 794 1439 876 videbamur,
1474 817 1548 860 cum
1576 796 1727 861 omnibus
1751 818 1871 882 appen-

220 896 307 960 ditiis
331 906 362 960 et
385 896 577 964 adiacentiis
601 901 668 964 suis
691 902 774 964 iuste
796 897 1002 981 legitimeque
1028 895 1105 960 illuc
1129 898 1364 981 pertinentibus
1388 901 1456 962 iure
1479 901 1612 985 perenni
1636 902 1670 964 in
1693 902 1870 985 proprium,

185 999 389 1065 scurtilibus
419 1000 556 1066 edificiis
588 1005 679 1066 terris
708 1001 804 1067 cultis
833 1013 865 1065 et
894 1000 1024 1065 incultis
1054 1003 1141 1085 agris
1171 1005 1344 1088 mancipiis
1374 1006 1475 1088 pratis
1504 1006 1636 1088 pascuis
1664 1004 1753 1068 silvis
1777 1007 1871 1090 aquis

220 1125 420 1189 aquarumve
444 1104 691 1172 decursionibus
720 1103 939 1171 molendinisd
968 1105 1205 1190 piscationibus
1227 1109 1289 1170 viis
1312 1117 1344 1169 et
1365 1108 1461 1170 inviis
1485 1107 1627 1172 exitibus
1651 1129 1690 1171 ac
1714 1107 1870 1172 reditibus

221 1210 355 1294 quesitis
379 1218 410 1272 et
432 1211 632 1296 inquirendis
655 1210 830 1276 mobilibus
853 1219 885 1272 et
906 1208 1128 1273 inmobilibus
1155 1211 1300 1274 Econtra
1322 1233 1399 1274 vero
1423 1214 1605 1296 recepimus
1627 1214 1659 1275 in
1681 1210 1758 1275 villa
1773 1211 1871 1276 Rodi-

219 1312 374 1394 geresrod
396 1316 429 1377 in
452 1336 537 1399 pago
562 1314 739 1378 Suueuon⁰
767 1316 800 1376 in
830 1315 987 1378 comitatu
1010 1313 1187 1378 Thietmari
1215 1316 1344 1378 comitis
1374 1313 1543 1379 dimidiam
1572 1326 1698 1400 partem
1727 1315 1870 1397 confinii,

220 1413 253 1477 id
277 1425 325 1478 est
348 1417 489 1500 marche,
512 1439 587 1481 cum
611 1417 760 1482 omnibus
784 1415 980 1502 appenditiis
1003 1416 1079 1481 illuc
1102 1415 1251 1498 legaliter
1273 1417 1517 1500 aspicientibus.
1558 1417 1716 1483 Iussimus
1741 1441 1870 1505 quoque

168 1531 200 1578 10
218 1518 293 1582 inde
323 1519 385 1583 boc
414 1543 547 1605 presens
575 1531 765 1605 preceptum
795 1520 957 1584 conscribi
989 1519 1058 1605 [per
1092 1520 1195 1606 qluod
1227 1520 1376 1586 volumus
1407 1521 1605 1607 firmiterque
1638 1520 1801 1604 iubemus,
1835 1534 1871 1587 ut

217 1633 416 1687 memoratus
441 1622 577 1687 dilectus
601 1624 745 1688 marchio
769 1622 896 1705 n[oster
920 1623 1007 1688 Gero
1033 1623 1072 1687 de
1095 1624 1145 1688 bis
1170 1624 1318 1689 omnibus
1347 1621 1498 1707 nostro]‘
1524 1625 1610 1689 dono
1641 1626 1701 1689 sibi
1734 1628 1767 1689 in
1795 1649 1869 1711 pro-

217 1729 324 1811 prium
340 1729 505 1791 concessis
522 1726 641 1791 amodo
658 1736 689 1790 et
705 1726 859 1812 deinceps
883 1730 969 1792 omni
991 1739 1136 1814 tempore
1159 1728 1356 1793 liberrimam
1379 1737 1487 1792 teneat
1509 1738 1705 1813 potestatem
1726 1728 1868 1794 habendi

218 1830 362 1897 donandi
385 1832 547 1896 vendendi
570 1831 792 1896 commutandi
816 1855 874 1897 seu
896 1832 1052 1918 quicquid
1074 1830 1149 1916 sib[i
1173 1832 1333 1918 placuerit
1354 1831 1472 1902 exinde
1496 1831 1661 1914 facienldi.
1699 1831 1743 1896 Et
1758 1843 1794 1897 ut
1808 1832 1869 1896 bec

218 1938 396 2001 auctoritas
411 1946 524 2001 nostra
537 1935 632 2001 firma
648 1945 680 2000 et
696 1935 822 2000 stabilis
841 1934 1067 2020 per[maneat],
1090 1958 1190 2000 manu
1213 1945 1325 2000 nostra
1347 1936 1547 2000 firmavimus
1570 1934 1733 2020 anuloque
1755 1946 1868 2000 nostro

167 2058 199 2105 15
221 2037 378 2122 [insigniri
402 2040 630 2125 precepimusl.

319 2184 333 2263 l
356 2177 491 2260 Signum
515 2176 626 2242 domni
650 2176 781 2243 Ottonis
805 2177 869 2258 (M.)
891 2179 1096 2242 invictissimi
1119 2179 1214 2261 regis.
1237 2183 1251 2264 ξ

318 2279 444 2363 ξΒῐιιιι
467 2281 682 2346 cancellarius
706 2282 855 2346 advicem
877 2280 1038 2346 Fridurici
1063 2281 1340 2367 archicappellani
1363 2285 1550 2366 recognovi.
1573 2286 1586 2367 ξ
1611 2283 1694 2363 (SR.)
1745 2283 1802 2363 (SI.
1829 2283 1869 2362 1.)

318 2417 407 2482 Data
425 2435 448 2483 1.
467 2418 534 2484 kal.
557 2429 651 2484 mart.
676 2441 761 2484 anno
787 2412 949 2503 dominic'e
972 2421 1205 2484 incarnationis
1228 2436 1451 2504 Dccccxnlm,
1474 2420 1651 2486 indictione
1667 2439 1689 2504 1,
1712 2431 1870 2504 regnante
1895 2427 1899 2436 '

217 2523 421 2586 serenissimo
445 2544 521 2606 rege
545 2521 667 2587 Ottone
693 2521 790 2604 [anno
813 2539 896 2605 vm3
919 2522 1043 2606 alotum
1064 2523 1310 2607 Kissenbruka3
1332 2527 1366 2589 in
1389 2525 1522 2590 domino
1544 2525 1683 2590 feliciter
1705 2547 1810 2589 amen.

165 2816 198 2864 20
528 2731 529 2734 ‘
1014 2763 1073 2840 57.

225 2918 305 2994 Otto
327 2918 554 2992 scaenarum·
576 2919 744 2991 illatrooc
775 2919 968 2992 Helmburc
991 2944 1065 2991 was
1092 2919 1182 2992 ciust
1206 2917 1354 3016 Hampo
1382 2919 1469 2990 ione
1496 2918 1607 3006 botta,
1637 2917 1733 2990 daza
1764 2918 1869 2990 cinca

216 3037 302 3136 H⁰f
317 3039 358 3111 iu
379 3038 693 3112 Helmafflllamen·
1465 3074 1591 3134 Allstedt
1615 3079 1677 3135 944
1701 3076 1771 3133 Mai
1793 3081 1822 3134 1.

247 3351 253 3374 ι
321 3263 570 3338 Orrpimldiplom
594 3266 635 3322 im
657 3265 684 3322 k.
711 3263 914 3324 Staotsorchio
935 3282 976 3321 aa
998 3264 1159 3322 Hormooer
1182 3261 1247 3341 (A).

321 3421 420 3480 Wcita
441 3421 474 3477 in
496 3418 607 3478 Archiv
627 3425 679 3490 11,
704 3424 766 3478 470
789 3419 911 3493 Frapm.
936 3438 993 3480 aas
1015 3419 1179 3491 Hoffmann
1200 3419 1270 3480 Ant.
1296 3420 1561 3479 Hildiwordcslrus.
1585 3420 1653 3480 MS.
1677 3453 1719 3464 -
1743 3421 1866 3493 Stampt

164 3549 197 3597 25
316 3523 393 3581 Acta
421 3523 498 3582 iord.
524 3527 543 3583 6
565 3526 640 3583 12⁰5
671 3542 728 3582 aus
750 3523 788 3582 A.
817 3558 859 3566 —
889 3523 1064 3594 Sadertdcrf
1083 3523 1420 3584 Brasuertae-Letoce
1451 3524 1514 3585 UB.
1538 3529 1568 3602 8,
1592 3528 1655 3584 346
1678 3542 1735 3583 aas
1757 3524 1793 3582 A.
1828 3557 1866 3567 -

317 3627 402 3686 Focs.
427 3629 461 3685 io
483 3627 622 3686 Berliacr
644 3627 760 3685 Abbild.
785 3631 815 3698 3,
842 3627 909 3698 Taf.
934 3633 984 3688 14.
1012 3661 1050 3671 -
1075 3627 1204 3701 Stampf
1221 3629 1294 3701 Rea.
1320 3632 1393 3688 113.

320 3781 454 3852 Verfosst
476 3782 540 3840 aad
558 3782 744 3856 peschrieben
765 3800 821 3841 con
843 3783 911 3842 BA.

319 3970 378 4049 (C.)
401 3968 416 4050 3
437 3970 476 4033 ln
506 3971 637 4033 nomine
668 3979 801 4033 sanctae
830 3979 862 4033 et
889 3969 1055 4054 individue
1077 3972 1241 4035 trinitatis.
1287 3968 1366 4034 Otto
1396 3969 1507 4034 divina
1537 3971 1666 4034 favente
1696 3970 1868 4036 clementia

214 4075 283 4137 re'x.
376 4072 511 4136 Noverit
540 4073 684 4137 omnium
712 4072 857 4136 fidelium
885 4083 1071 4138 nostrorum
1094 4083 1161 4137 tam
1185 4077 1384 4156 presentium
1408 4097 1506 4160 quam
1529 4077 1626 4139 etiam
1648 4075 1663 4160 ’ᾖ
1685 4076 1867 4140 futurorum

164 4193 197 4240 30
216 4179 394 4260 sagacitas,
430 4177 569 4262 qualiter
596 4198 657 4240 nos
685 4174 815 4240 cuidam
845 4185 992 4240 matrone
1021 4179 1152 4241 nomine
1182 4176 1360 4241 Helmburc
1390 4177 1550 4263 quasdam
1579 4201 1630 4242 res
1659 4181 1867 4264 proprietatis

214 4293 324 4364 nostre
346 4283 380 4344 in
402 4283 568 4366 proprium
592 4277 795 4359 donavimus,
819 4277 853 4342 id
876 4289 924 4342 est
948 4278 1103 4364 quicquid
1125 4280 1258 4365 Hampo
1281 4283 1346 4345 iam
1371 4281 1536 4367 quondam
1559 4285 1593 4346 in
1615 4304 1726 4345 marca
1749 4283 1868 4347 Hasal·

213 4385 315 4450 belri⁸
337 4397 369 4450 et
390 4387 425 4449 in
439 4385 609 4470 Vucrigisc
633 4406 744 4450 marca
767 4394 799 4447 et
820 4382 936 4446 Burire
959 4405 1071 4446 marca
1087 4393 1119 4446 et
1133 4383 1373 4448 Beuerbezireb
1395 4408 1507 4449 marca
1523 4397 1555 4450 et
1570 4385 1732 4450 Achinere
1755 4408 1868 4450 marca

214 4500 245 4553 et
267 4489 482 4554 Thinkilbure
504 4512 615 4554 marca
637 4487 784 4569 tenebat,
814 4487 977 4571 etiamque
1000 4495 1124 4550 curtem
1147 4505 1160 4550 1
1182 4489 1216 4550 in
1239 4487 1317 4551 villa
1341 4488 1630 4553 Helmerateshusa
1652 4499 1771 4552 vocata
1793 4511 1868 4554 cum

215 4593 365 4658 omnibus
388 4593 591 4678 appendiciis
615 4604 647 4657 ct
669 4591 860 4657 adiacentiis
884 4593 951 4655 suis
974 4591 1050 4656 illuc
1080 4590 1275 4674 legaliliter⁰
1306 4591 1539 4676 aspicientibus
1569 4594 1638 4657 iure
1669 4594 1802 4676 perenni
1833 4595 1867 4657 in

164 4719 196 4767 35
214 4699 381 4782 proprium
393 4695 416 4780 ⁶,
451 4697 621 4762 emtilibus
651 4695 787 4760 edificiis
816 4697 908 4758 terris
938 4693 1033 4759 cultis
1064 4705 1096 4759 et
1125 4693 1255 4759 incultis
1285 4698 1371 4778 agris
1402 4696 1573 4780 mancipiis
1603 4696 1704 4780 pratis
1734 4697 1866 4778 pascuis

214 4800 303 4864 silvis
327 4803 420 4887 aquis
444 4822 642 4886 aquarumve
666 4797 913 4864 decursionibus
936 4798 1130 4863 molendinis
1154 4800 1391 4883 piscationibus
1413 4801 1475 4862 viis
1498 4809 1531 4863 et
1551 4801 1647 4863 inviis
1666 4797 1809 4864 exitibus
1827 4821 1866 4864 ac

213 4903 370 4969 reditibus
394 4906 528 4990 quesitis
551 4915 584 4969 et
605 4903 806 4989 inquirendis
829 4902 1005 4967 mobilibus
1022 4914 1053 4967 et
1068 4902 1289 4969 inmobilibus.
1329 4903 1487 4968 lussimus
1511 4925 1639 4991 quoque
1662 4903 1768 4968 cidem
1790 4904 1866 4969 inde

213 5007 277 5071 hoc
299 5030 431 5092 presens
454 5017 644 5093 preceptum
668 5007 830 5072 conscribi
854 5029 912 5092 per
934 5007 1023 5092 quod
1052 5007 1202 5072 volumus
1230 5008 1428 5093 firmiterque
1458 5007 1553 5072 iubus
1566 5016 1586 5090 ⁰,
1621 5019 1657 5074 ut
1686 5017 1867 5072 memorata

213 5121 364 5176 matrona
385 5111 589 5177 Helmburc⁰
613 5111 652 5176 de
674 5111 724 5175 his
748 5111 898 5176 omnibus
921 5121 1033 5175 nostro
1058 5112 1144 5176 dono
1169 5111 1231 5177 sibi
1254 5115 1287 5176 in
1310 5113 1476 5196 proprium
1500 5114 1665 5177 concessis
1689 5112 1808 5177 amodo
1831 5123 1865 5177 et

162 5306 197 5354 40
318 5298 359 5355 ⁵⁸
387 5302 440 5367 c)'
433 5318 459 5350 ιιι
477 5317 547 5367 pago
565 5302 600 5351 ἰοί
617 5317 659 5350 am
678 5299 784 5353 Sedima
805 5301 852 5351 dcr
875 5303 900 5352 2.
919 5300 1081 5365 Sebriflseilc
1103 5300 1158 5350 und
1180 5300 1392 5366 Northtburigia‚
1419 5300 1491 5350 dana
1509 5307 1560 5350 eret
1577 5303 1625 5350 wic
1643 5301 1706 5352 oben
1722 5301 1869 5364 mam,

385 5387 432 5421 cor
448 5370 495 5420 der
506 5369 648 5436 solycrsden
666 5370 735 5420 bile
752 5369 939 5435 aacbyctrapcn
1037 5372 1063 5432 d)
1084 5387 1149 5420 cm.
1167 5387 1215 5421 cru
1233 5370 1397 5421 molendenis
1495 5371 1518 5431 e)
1538 5386 1588 5420 oon
1607 5370 1662 5420 BA
1681 5369 1836 5436 nactqaraq
1836 5384 1868 5420 err

384 5439 406 5501 l')
424 5439 495 5490 disse
511 5439 565 5488 aad
582 5439 626 5490 du
636 5438 779 5503 solpmdon
796 5437 901 5490 Lmkm
918 5439 1003 5490 lescen
1019 5439 1075 5490 cicli
1093 5441 1139 5488 mit
1156 5440 1224 5491 aller·
1242 5439 1386 5492 senates
1403 5438 1541 5501 cussullerq
1561 5439 1597 5489 dn
1614 5438 1670 5490 siclt
1688 5438 1746 5490 BA.
1764 5439 1805 5490 ba·
1816 5439 1867 5490 Bs-

383 5508 540 5573 wlcrmduny
557 5524 607 5560 cors
626 5507 779 5574 Senem
797 5509 859 5560 oder
879 5508 978 5561 Tmsscfi
995 5510 1066 5559 einer
1082 5508 1219 5560 sistendas
1235 5506 1626 5572 Fmsa(e.1)1>0.57,os)
1646 5507 1756 5561 bcdicrst.

319 5611 361 5664 57.
389 5609 495 5679 [Sickel]
600 5615 627 5668 a)
645 5613 673 5662 ki
691 5628 741 5663 oon
758 5613 816 5664 ΒΔ,
834 5614 989 5680 παὴῃώνῳ
990 5628 1022 5664 cn
1119 5613 1146 5672 b)
1165 5613 1228 5664 eber
1246 5614 1278 5663 bz
1296 5629 1311 5662 e
1328 5611 1515 5677 nocbqwcycn
1611 5613 1635 5672 c)
1626 5610 1677 5672 )A
1775 5613 1803 5672 d)
1821 5612 1868 5661 mit

164 5686 197 5736 4⁶
387 5681 576 5746 fiberflr's'uiqsm
593 5680 862 5747 Ablu's'mnpncr'ctsn
965 5686 989 5749 e)
965 5700 1035 5734 em
1051 5683 1113 5734 iiber
1130 5681 1180 5732 den
1198 5682 1299 5734 midam
1317 5680 1481 5732 Boanum
1497 5677 1692 5744 nacbyctrayen.

1597 5779 1662 5842 18*
