<?xml version="1.0" encoding="UTF-8"?>
<!DOCTYPE html PUBLIC "-//W3C//DTD XHTML 1.0 Transitional//EN"
    "http://www.w3.org/TR/xhtml1/DTD/xhtml1-transitional.dtd">
<html xmlns="http://www.w3.org/1999/xhtml" xml:lang="en" lang="en">
 <head>
  <title>
</title>
<meta http-equiv="Content-Type" content="text/html;charset=utf-8" />
  <meta name='ocr-system' content='tesseract 3.04.00' />
  <meta name='ocr-capabilities' content='ocr_page ocr_carea ocr_par ocr_line ocrx_word'/>
</head>
<body>
  <div class='ocr_page' id='page_1' title='image "./monumentagerman00gescgoog/monumentagerman00gescgoog_0586.png"; bbox 0 0 4546 6420; ppageno 0'>
   <div class='ocr_carea' id='block_1_1' title="bbox 900 410 1856 479">
    <p class='ocr_par' dir='ltr' id='par_1_1' title="bbox 900 410 1856 479">
     <span class='ocr_line' id='line_1_1' title="bbox 900 410 1856 479; baseline -0.003 0"><span class='ocrx_word' id='word_1_1' title='bbox 900 421 1024 479; x_wconf 83' lang='lat' dir='ltr'><strong>O&#39;l&#39;TO</strong></span> <span class='ocrx_word' id='word_1_2' title='bbox 1046 423 1069 477; x_wconf 93' lang='lat'><strong>1.</strong></span> <span class='ocrx_word' id='word_1_3' title='bbox 1095 418 1166 477; x_wconf 71' lang='lat'>9⁷2.</span> <span class='ocrx_word' id='word_1_4' title='bbox 1647 439 1649 445; x_wconf 90' lang='lat'>·</span> <span class='ocrx_word' id='word_1_5' title='bbox 1793 410 1856 479; x_wconf 78' lang='grc'><strong>557</strong></span> 
     </span>
    </p>
   </div>
   <div class='ocr_carea' id='block_1_2' title="bbox 154 601 1857 3175">
    <p class='ocr_par' dir='ltr' id='par_1_2' title="bbox 154 601 1857 3175">
     <span class='ocr_line' id='line_1_2' title="bbox 207 601 1855 690; baseline -0.003 -19"><span class='ocrx_word' id='word_1_6' title='bbox 207 605 478 671; x_wconf 79' lang='lat' dir='ltr'><strong>remunerationis</strong></span> <span class='ocrx_word' id='word_1_7' title='bbox 507 625 617 670; x_wconf 90' lang='lat' dir='ltr'><strong>amore</strong></span> <span class='ocrx_word' id='word_1_8' title='bbox 646 603 820 690; x_wconf 90' lang='lat' dir='ltr'><strong>prebemus</strong></span> <span class='ocrx_word' id='word_1_9' title='bbox 849 625 1036 686; x_wconf 76' lang='lat' dir='ltr'>assensum,</span> <span class='ocrx_word' id='word_1_10' title='bbox 1064 602 1079 688; x_wconf 68' lang='grc' dir='ltr'>ξ</span> <span class='ocrx_word' id='word_1_11' title='bbox 1105 602 1140 666; x_wconf 93' lang='lat' dir='ltr'><strong>id</strong></span> <span class='ocrx_word' id='word_1_12' title='bbox 1161 603 1258 668; x_wconf 92' lang='lat' dir='ltr'><strong>nobis</strong></span> <span class='ocrx_word' id='word_1_13' title='bbox 1282 611 1313 667; x_wconf 90' lang='lat' dir='ltr'><strong>et</strong></span> <span class='ocrx_word' id='word_1_14' title='bbox 1335 602 1379 667; x_wconf 89' lang='lat' dir='ltr'><strong>ad</strong></span> <span class='ocrx_word' id='word_1_15' title='bbox 1401 603 1560 688; x_wconf 91' lang='lat' dir='ltr'><strong>presentis</strong></span> <span class='ocrx_word' id='word_1_16' title='bbox 1582 604 1647 688; x_wconf 74' lang='lat' dir='ltr'><strong>vite</strong></span> <span class='ocrx_word' id='word_1_17' title='bbox 1677 601 1855 689; x_wconf 88' lang='lat' dir='ltr'><strong>tranquilli-</strong></span> 
     </span>
     <span class='ocr_line' id='line_1_3' title="bbox 207 706 1856 792; baseline -0.002 -18"><span class='ocrx_word' id='word_1_18' title='bbox 207 720 308 774; x_wconf 84' lang='lat' dir='ltr'><strong>tatem</strong></span> <span class='ocrx_word' id='word_1_19' title='bbox 332 719 364 772; x_wconf 90' lang='lat' dir='ltr'><strong>et</strong></span> <span class='ocrx_word' id='word_1_20' title='bbox 385 708 430 774; x_wconf 90' lang='lat' dir='ltr'><strong>ad</strong></span> <span class='ocrx_word' id='word_1_21' title='bbox 449 709 556 792; x_wconf 78' lang='lat' dir='ltr'><strong>futrne</strong></span> <span class='ocrx_word' id='word_1_22' title='bbox 586 708 825 773; x_wconf 86' lang='lat' dir='ltr'><strong>indeficientem</strong></span> <span class='ocrx_word' id='word_1_23' title='bbox 854 707 994 791; x_wconf 82' lang='lat' dir='ltr'>gloriam</span> <span class='ocrx_word' id='word_1_24' title='bbox 1023 706 1186 772; x_wconf 90' lang='lat' dir='ltr'><strong>eredimus</strong></span> <span class='ocrx_word' id='word_1_25' title='bbox 1216 706 1429 791; x_wconf 88' lang='lat' dir='ltr'><strong>profuturum.</strong></span> <span class='ocrx_word' id='word_1_26' title='bbox 1475 706 1683 792; x_wconf 75' lang='lat' dir='ltr'><strong>Quapropter</strong></span> <span class='ocrx_word' id='word_1_27' title='bbox 1712 709 1856 772; x_wconf 88' lang='lat' dir='ltr'><strong>omnium</strong></span> 
     </span>
     <span class='ocr_line' id='line_1_4' title="bbox 208 808 1857 898; baseline -0.001 -21"><span class='ocrx_word' id='word_1_28' title='bbox 208 822 343 878; x_wconf 86' lang='lat' dir='ltr'><strong>sanatae</strong></span> <span class='ocrx_word' id='word_1_29' title='bbox 366 811 419 879; x_wconf 91' lang='lat' dir='ltr'><strong>dei</strong></span> <span class='ocrx_word' id='word_1_30' title='bbox 442 812 600 898; x_wconf 73' lang='grc' dir='ltr'><strong>666166ιί6</strong></span> <span class='ocrx_word' id='word_1_31' title='bbox 624 811 770 878; x_wconf 90' lang='lat' dir='ltr'><strong>fidelium</strong></span> <span class='ocrx_word' id='word_1_32' title='bbox 792 821 860 876; x_wconf 87' lang='lat' dir='ltr'><strong>tam</strong></span> <span class='ocrx_word' id='word_1_33' title='bbox 883 813 1088 896; x_wconf 89' lang='lat' dir='ltr'><strong>presencium</strong></span> <span class='ocrx_word' id='word_1_34' title='bbox 1112 831 1210 895; x_wconf 87' lang='lat' dir='ltr'><strong>quam</strong></span> <span class='ocrx_word' id='word_1_35' title='bbox 1232 810 1414 874; x_wconf 74' lang='lat' dir='ltr'><strong>maurorum</strong></span> <span class='ocrx_word' id='word_1_36' title='bbox 1436 811 1563 898; x_wconf 88' lang='lat' dir='ltr'><strong>noverit</strong></span> <span class='ocrx_word' id='word_1_37' title='bbox 1584 808 1755 893; x_wconf 89' lang='lat' dir='ltr'><strong>industria,</strong></span> <span class='ocrx_word' id='word_1_38' title='bbox 1779 813 1857 896; x_wconf 88' lang='lat' dir='ltr'><strong>quia</strong></span> 
     </span>
     <span class='ocr_line' id='line_1_5' title="bbox 209 914 1856 994; baseline -0.001 -12"><span class='ocrx_word' id='word_1_39' title='bbox 209 917 294 982; x_wconf 79' lang='lat' dir='ltr'><strong>servi</strong></span> <span class='ocrx_word' id='word_1_40' title='bbox 323 915 374 980; x_wconf 83' lang='lat' dir='ltr'><strong>(lei</strong></span> <span class='ocrx_word' id='word_1_41' title='bbox 404 939 445 982; x_wconf 83' lang='lat' dir='ltr'><strong>ex</strong></span> <span class='ocrx_word' id='word_1_42' title='bbox 474 933 632 982; x_wconf 87' lang='lat' dir='ltr'><strong>monasterio</strong></span> <span class='ocrx_word' id='word_1_43' title='bbox 661 931 732 982; x_wconf 87' lang='lat' dir='ltr'><strong>beati</strong></span> <span class='ocrx_word' id='word_1_44' title='bbox 761 931 833 981; x_wconf 89' lang='lat' dir='ltr'><strong>Petri</strong></span> <span class='ocrx_word' id='word_1_45' title='bbox 862 929 1042 994; x_wconf 88' lang='lat' dir='ltr'><strong>apostolorum</strong></span> <span class='ocrx_word' id='word_1_46' title='bbox 1071 929 1198 994; x_wconf 89' lang='lat' dir='ltr'><strong>principis</strong></span> <span class='ocrx_word' id='word_1_47' title='bbox 1224 914 1400 978; x_wconf 78' lang='lat' dir='ltr'><strong>constituto</strong></span> <span class='ocrx_word' id='word_1_48' title='bbox 1424 929 1452 977; x_wconf 90' lang='lat' dir='ltr'><strong>in</strong></span> <span class='ocrx_word' id='word_1_49' title='bbox 1475 928 1572 993; x_wconf 87' lang='lat' dir='ltr'><strong>oppido</strong></span> <span class='ocrx_word' id='word_1_50' title='bbox 1595 927 1765 980; x_wconf 87' lang='lat' dir='ltr'><strong>Bremedeusi</strong></span> <span class='ocrx_word' id='word_1_51' title='bbox 1789 930 1856 980; x_wconf 89' lang='lat' dir='ltr'><strong>iuter</strong></span> 
     </span>
     <span class='ocr_line' id='line_1_6' title="bbox 174 1015 1856 1104; baseline -0.001 -19"><span class='ocrx_word' id='word_1_52' title='bbox 174 1033 189 1078; x_wconf 79' lang='grc'><strong>1</strong></span> <span class='ocrx_word' id='word_1_53' title='bbox 207 1035 310 1086; x_wconf 82' lang='lat' dir='ltr'><strong>Padum</strong></span> <span class='ocrx_word' id='word_1_54' title='bbox 326 1041 353 1086; x_wconf 86' lang='lat' dir='ltr'><strong>cc</strong></span> <span class='ocrx_word' id='word_1_55' title='bbox 367 1036 489 1086; x_wconf 81' lang='lat' dir='ltr'><strong>Ticinum</strong></span> <span class='ocrx_word' id='word_1_56' title='bbox 512 1028 660 1086; x_wconf 88' lang='lat' dir='ltr'><strong>nostram</strong></span> <span class='ocrx_word' id='word_1_57' title='bbox 680 1015 884 1104; x_wconf 78' lang='lat' dir='ltr'><strong>imperialem</strong></span> <span class='ocrx_word' id='word_1_58' title='bbox 906 1017 1057 1082; x_wconf 90' lang='lat' dir='ltr'><strong>adierunt</strong></span> <span class='ocrx_word' id='word_1_59' title='bbox 1074 1016 1291 1098; x_wconf 85' lang='lat' dir='ltr'><strong>clementiam,</strong></span> <span class='ocrx_word' id='word_1_60' title='bbox 1315 1026 1351 1081; x_wconf 91' lang='lat' dir='ltr'><strong>ut</strong></span> <span class='ocrx_word' id='word_1_61' title='bbox 1366 1015 1548 1102; x_wconf 86' lang='lat' dir='ltr'><strong>predictum</strong></span> <span class='ocrx_word' id='word_1_62' title='bbox 1566 1035 1761 1095; x_wconf 77' lang='lat' dir='ltr'><strong>monasterium,</strong></span> <span class='ocrx_word' id='word_1_63' title='bbox 1785 1035 1856 1099; x_wconf 81' lang='lat' dir='ltr'><strong>quod</strong></span> 
     </span>
     <span class='ocr_line' id='line_1_7' title="bbox 208 1121 1854 1202; baseline 0 -15"><span class='ocrx_word' id='word_1_64' title='bbox 208 1140 281 1202; x_wconf 92' lang='lat' dir='ltr'><strong>prius</strong></span> <span class='ocrx_word' id='word_1_65' title='bbox 303 1155 319 1185; x_wconf 79' lang='lat' dir='ltr'><strong>a</strong></span> <span class='ocrx_word' id='word_1_66' title='bbox 342 1143 459 1202; x_wconf 87' lang='lat' dir='ltr'><strong>tempore</strong></span> <span class='ocrx_word' id='word_1_67' title='bbox 483 1137 572 1188; x_wconf 83' lang='lat' dir='ltr'><strong>Caroli</strong></span> <span class='ocrx_word' id='word_1_68' title='bbox 601 1121 854 1188; x_wconf 76' lang='lat' dir='ltr'><strong>reverentissimi</strong></span> <span class='ocrx_word' id='word_1_69' title='bbox 883 1136 1011 1199; x_wconf 90' lang='lat' dir='ltr'><strong>principis</strong></span> <span class='ocrx_word' id='word_1_70' title='bbox 1033 1150 1115 1199; x_wconf 90' lang='lat' dir='ltr'><strong>prope</strong></span> <span class='ocrx_word' id='word_1_71' title='bbox 1138 1135 1219 1199; x_wconf 77' lang='lat' dir='ltr'><strong>Alpes</strong></span> <span class='ocrx_word' id='word_1_72' title='bbox 1242 1128 1400 1185; x_wconf 75' lang='lat' dir='ltr'><strong>statutum</strong></span> <span class='ocrx_word' id='word_1_73' title='bbox 1422 1130 1472 1184; x_wconf 79' lang='lat' dir='ltr'><strong>eet</strong></span> <span class='ocrx_word' id='word_1_74' title='bbox 1494 1137 1522 1184; x_wconf 94' lang='lat' dir='ltr'><strong>in</strong></span> <span class='ocrx_word' id='word_1_75' title='bbox 1543 1136 1603 1186; x_wconf 91' lang='lat' dir='ltr'><strong>loco</strong></span> <span class='ocrx_word' id='word_1_76' title='bbox 1626 1135 1766 1186; x_wconf 85' lang='lat' dir='ltr'><strong>Noualicio</strong></span> <span class='ocrx_word' id='word_1_77' title='bbox 1789 1153 1854 1187; x_wconf 89' lang='lat' dir='ltr'><strong>uun·</strong></span> 
     </span>
     <span class='ocr_line' id='line_1_8' title="bbox 208 1222 1854 1307; baseline -0.001 -15"><span class='ocrx_word' id='word_1_78' title='bbox 208 1237 328 1307; x_wconf 77' lang='lat' dir='ltr'><strong>cupato³</strong></span> <span class='ocrx_word' id='word_1_79' title='bbox 358 1247 384 1293; x_wconf 88' lang='lat' dir='ltr'><strong>et</strong></span> <span class='ocrx_word' id='word_1_80' title='bbox 406 1242 573 1306; x_wconf 86' lang='lat' dir='ltr'><strong>postmodum</strong></span> <span class='ocrx_word' id='word_1_81' title='bbox 596 1222 812 1292; x_wconf 85' lang='lat' dir='ltr'><strong>Saracenorumb</strong></span> <span class='ocrx_word' id='word_1_82' title='bbox 840 1240 1024 1304; x_wconf 88' lang='lat' dir='ltr'><strong>persecutione</strong></span> <span class='ocrx_word' id='word_1_83' title='bbox 1046 1240 1200 1288; x_wconf 87' lang='lat' dir='ltr'><strong>imminente</strong></span> <span class='ocrx_word' id='word_1_84' title='bbox 1222 1222 1264 1288; x_wconf 77' lang='lat' dir='ltr'><strong>ab</strong></span> <span class='ocrx_word' id='word_1_85' title='bbox 1288 1238 1431 1289; x_wconf 72' lang='lat' dir='ltr'><strong>adelberto</strong></span> <span class='ocrx_word' id='word_1_86' title='bbox 1455 1240 1504 1290; x_wconf 88' lang='lat' dir='ltr'><strong>deo</strong></span> <span class='ocrx_word' id='word_1_87' title='bbox 1528 1239 1623 1290; x_wconf 86' lang='lat' dir='ltr'><strong>devoto</strong></span> <span class='ocrx_word' id='word_1_88' title='bbox 1646 1241 1798 1290; x_wconf 83' lang='lat' dir='ltr'><strong>marchione</strong></span> <span class='ocrx_word' id='word_1_89' title='bbox 1821 1241 1854 1290; x_wconf 88' lang='lat' dir='ltr'><strong>ad</strong></span> 
     </span>
     <span class='ocr_line' id='line_1_9' title="bbox 208 1323 1853 1413; baseline -0.002 -18"><span class='ocrx_word' id='word_1_90' title='bbox 208 1345 334 1410; x_wconf 84' lang='lat' dir='ltr'><strong>oppidum</strong></span> <span class='ocrx_word' id='word_1_91' title='bbox 358 1347 507 1396; x_wconf 81' lang='lat' dir='ltr'><strong>Brcmccum</strong></span> <span class='ocrx_word' id='word_1_92' title='bbox 530 1345 686 1396; x_wconf 79' lang='lat' dir='ltr'><strong>translatum</strong></span> <span class='ocrx_word' id='word_1_93' title='bbox 708 1328 846 1410; x_wconf 89' lang='lat' dir='ltr'><strong>videtur,</strong></span> <span class='ocrx_word' id='word_1_94' title='bbox 869 1335 1001 1392; x_wconf 87' lang='lat' dir='ltr'><strong>nostrae</strong></span> <span class='ocrx_word' id='word_1_95' title='bbox 1023 1326 1204 1412; x_wconf 84' lang='lat' dir='ltr'><strong>augustalis</strong></span> <span class='ocrx_word' id='word_1_96' title='bbox 1227 1328 1399 1412; x_wconf 88' lang='lat' dir='ltr'><strong>potestatis</strong></span> <span class='ocrx_word' id='word_1_97' title='bbox 1426 1323 1590 1413; x_wconf 77' lang='lat' dir='ltr'><strong>preceptlo</strong></span> <span class='ocrx_word' id='word_1_98' title='bbox 1615 1329 1707 1392; x_wconf 88' lang='lat' dir='ltr'><strong>iuxta</strong></span> <span class='ocrx_word' id='word_1_99' title='bbox 1729 1327 1853 1411; x_wconf 92' lang='lat' dir='ltr'><strong>do]mni</strong></span> 
     </span>
     <span class='ocr_line' id='line_1_10' title="bbox 208 1427 1854 1520; baseline -0.001 -23"><span class='ocrx_word' id='word_1_100' title='bbox 208 1432 364 1498; x_wconf 90' lang='lat' dir='ltr'><strong>lobannis</strong></span> <span class='ocrx_word' id='word_1_101' title='bbox 387 1434 477 1498; x_wconf 88' lang='lat' dir='ltr'><strong>tercii</strong></span> <span class='ocrx_word' id='word_1_102' title='bbox 502 1432 618 1498; x_wconf 82' lang='lat' dir='ltr'><strong>decimi</strong></span> <span class='ocrx_word' id='word_1_103' title='bbox 642 1431 748 1520; x_wconf 75' lang='lat' dir='ltr'><strong>paple]</strong></span> <span class='ocrx_word' id='word_1_104' title='bbox 772 1430 975 1516; x_wconf 73' lang='grc' dir='ltr'><strong>66111166116ο</strong></span> <span class='ocrx_word' id='word_1_105' title='bbox 997 1431 1101 1516; x_wconf 88' lang='lat' dir='ltr'><strong>patris</strong></span> <span class='ocrx_word' id='word_1_106' title='bbox 1123 1431 1226 1494; x_wconf 84' lang='lat' dir='ltr'><strong>nostri</strong></span> <span class='ocrx_word' id='word_1_107' title='bbox 1250 1427 1509 1516; x_wconf 77' lang='lat' dir='ltr'><strong>[immulsitatem</strong></span> <span class='ocrx_word' id='word_1_108' title='bbox 1525 1441 1557 1495; x_wconf 90' lang='lat' dir='ltr'><strong>et</strong></span> <span class='ocrx_word' id='word_1_109' title='bbox 1574 1447 1705 1512; x_wconf 77' lang='lat' dir='ltr'><strong>privilegii</strong></span> <span class='ocrx_word' id='word_1_110' title='bbox 1721 1453 1854 1496; x_wconf 86' lang='lat' dir='ltr'><strong>conoes-</strong></span> 
     </span>
     <span class='ocr_line' id='line_1_11' title="bbox 158 1533 1854 1620; baseline 0.002 -24"><span class='ocrx_word' id='word_1_111' title='bbox 158 1537 335 1601; x_wconf 68' lang='lat' dir='ltr'><strong>lotionem</strong></span> <span class='ocrx_word' id='word_1_112' title='bbox 358 1538 482 1602; x_wconf 86' lang='lat' dir='ltr'><strong>munire</strong></span> <span class='ocrx_word' id='word_1_113' title='bbox 506 1546 538 1600; x_wconf 85' lang='lat' dir='ltr'><strong>et</strong></span> <span class='ocrx_word' id='word_1_114' title='bbox 561 1553 686 1603; x_wconf 87' lang='lat' dir='ltr'><strong>roborare</strong></span> <span class='ocrx_word' id='word_1_115' title='bbox 710 1536 927 1620; x_wconf 80' lang='lat' dir='ltr'><strong>dignaremur.</strong></span> <span class='ocrx_word' id='word_1_116' title='bbox 974 1533 1121 1614; x_wconf 74' lang='lat' dir='ltr'><strong>Quorum</strong></span> <span class='ocrx_word' id='word_1_117' title='bbox 1143 1549 1195 1612; x_wconf 92' lang='lat' dir='ltr'><strong>piis</strong></span> <span class='ocrx_word' id='word_1_118' title='bbox 1224 1533 1436 1618; x_wconf 70' lang='lat' dir='ltr'><strong>petitionibus</strong></span> <span class='ocrx_word' id='word_1_119' title='bbox 1467 1551 1586 1600; x_wconf 87' lang='lat' dir='ltr'><strong>faventes</strong></span> <span class='ocrx_word' id='word_1_120' title='bbox 1608 1567 1656 1615; x_wconf 91' lang='lat' dir='ltr'><strong>per</strong></span> <span class='ocrx_word' id='word_1_121' title='bbox 1678 1552 1854 1601; x_wconf 87' lang='lat' dir='ltr'><strong>interventum</strong></span> 
     </span>
     <span class='ocr_line' id='line_1_12' title="bbox 206 1637 1855 1725; baseline -0.002 -19"><span class='ocrx_word' id='word_1_122' title='bbox 206 1651 318 1725; x_wconf 72' lang='lat' dir='ltr'><strong>nostre</strong></span> <span class='ocrx_word' id='word_1_123' title='bbox 341 1642 546 1724; x_wconf 70' lang='lat' dir='ltr'><strong>serenissime</strong></span> <span class='ocrx_word' id='word_1_124' title='bbox 570 1641 717 1724; x_wconf 85' lang='lat' dir='ltr'><strong>coniugis</strong></span> <span class='ocrx_word' id='word_1_125' title='bbox 740 1637 899 1722; x_wconf 73' lang='lat' dir='ltr'><strong>Adeleide</strong></span> <span class='ocrx_word' id='word_1_126' title='bbox 923 1647 1059 1721; x_wconf 75' lang='lat' dir='ltr'><strong>auguste</strong></span> <span class='ocrx_word' id='word_1_127' title='bbox 1083 1647 1115 1701; x_wconf 92' lang='lat' dir='ltr'><strong>et</strong></span> <span class='ocrx_word' id='word_1_128' title='bbox 1138 1653 1266 1702; x_wconf 80' lang='lat' dir='ltr'><strong>carissimi</strong></span> <span class='ocrx_word' id='word_1_129' title='bbox 1289 1640 1523 1722; x_wconf 83' lang='lat' dir='ltr'><strong>consanguinei</strong></span> <span class='ocrx_word' id='word_1_130' title='bbox 1552 1655 1635 1704; x_wconf 78' lang='lat' dir='ltr'><strong>nostri</strong></span> <span class='ocrx_word' id='word_1_131' title='bbox 1658 1654 1816 1705; x_wconf 77' lang='lat' dir='ltr'><strong>Theoderici</strong></span> <span class='ocrx_word' id='word_1_132' title='bbox 1838 1672 1855 1702; x_wconf 73' lang='lat' dir='ltr'><strong>c</strong></span> 
     </span>
     <span class='ocr_line' id='line_1_13' title="bbox 207 1741 1853 1826; baseline 0 -18"><span class='ocrx_word' id='word_1_133' title='bbox 207 1761 333 1810; x_wconf 86' lang='lat' dir='ltr'><strong>Metensis</strong></span> <span class='ocrx_word' id='word_1_134' title='bbox 356 1760 467 1826; x_wconf 76' lang='lat' dir='ltr'><strong>ecclesie</strong></span> <span class='ocrx_word' id='word_1_135' title='bbox 490 1741 719 1811; x_wconf 75' lang='lat' dir='ltr'><strong>reverentissimitl</strong></span> <span class='ocrx_word' id='word_1_136' title='bbox 743 1757 857 1823; x_wconf 88' lang='lat' dir='ltr'><strong>presulis</strong></span> <span class='ocrx_word' id='word_1_137' title='bbox 881 1757 966 1808; x_wconf 89' lang='lat' dir='ltr'><strong>eidem</strong></span> <span class='ocrx_word' id='word_1_138' title='bbox 990 1762 1080 1808; x_wconf 87' lang='lat' dir='ltr'><strong>sancto</strong></span> <span class='ocrx_word' id='word_1_139' title='bbox 1110 1742 1308 1806; x_wconf 77' lang='lat' dir='ltr'><strong>monasterio</strong></span> <span class='ocrx_word' id='word_1_140' title='bbox 1333 1757 1518 1808; x_wconf 84' lang='lat' dir='ltr'><strong>confirmamus</strong></span> <span class='ocrx_word' id='word_1_141' title='bbox 1541 1763 1567 1808; x_wconf 89' lang='grc'><strong>61</strong></span> <span class='ocrx_word' id='word_1_142' title='bbox 1590 1760 1777 1810; x_wconf 87' lang='lat' dir='ltr'><strong>coroboramus</strong></span> <span class='ocrx_word' id='word_1_143' title='bbox 1801 1775 1853 1808; x_wconf 93' lang='lat' dir='ltr'><strong>om·</strong></span> 
     </span>
     <span class='ocr_line' id='line_1_14' title="bbox 207 1846 1854 1930; baseline 0.001 -18"><span class='ocrx_word' id='word_1_144' title='bbox 207 1857 276 1913; x_wconf 72' lang='grc' dir='ltr'><strong>666Ο</strong></span> <span class='ocrx_word' id='word_1_145' title='bbox 299 1879 340 1914; x_wconf 90' lang='grc'><strong>166</strong></span> <span class='ocrx_word' id='word_1_146' title='bbox 363 1868 389 1913; x_wconf 86' lang='grc'><strong>61</strong></span> <span class='ocrx_word' id='word_1_147' title='bbox 411 1865 591 1928; x_wconf 88' lang='lat' dir='ltr'><strong>possessiones</strong></span> <span class='ocrx_word' id='word_1_148' title='bbox 613 1879 665 1928; x_wconf 76' lang='lat' dir='ltr'><strong>que</strong></span> <span class='ocrx_word' id='word_1_149' title='bbox 688 1863 722 1912; x_wconf 89' lang='lat' dir='ltr'><strong>ab</strong></span> <span class='ocrx_word' id='word_1_150' title='bbox 745 1863 820 1912; x_wconf 88' lang='lat' dir='ltr'><strong>initio</strong></span> <span class='ocrx_word' id='word_1_151' title='bbox 844 1846 889 1911; x_wconf 91' lang='lat' dir='ltr'><strong>illi</strong></span> <span class='ocrx_word' id='word_1_152' title='bbox 913 1863 1047 1927; x_wconf 88' lang='lat' dir='ltr'><strong>pertinent</strong></span> <span class='ocrx_word' id='word_1_153' title='bbox 1069 1867 1095 1912; x_wconf 89' lang='grc'><strong>61</strong></span> <span class='ocrx_word' id='word_1_154' title='bbox 1115 1867 1219 1930; x_wconf 81' lang='lat' dir='ltr'><strong>usque</strong></span> <span class='ocrx_word' id='word_1_155' title='bbox 1241 1847 1275 1909; x_wconf 86' lang='lat' dir='ltr'><strong>in</strong></span> <span class='ocrx_word' id='word_1_156' title='bbox 1298 1846 1395 1912; x_wconf 87' lang='lat' dir='ltr'><strong>finem</strong></span> <span class='ocrx_word' id='word_1_157' title='bbox 1424 1863 1555 1926; x_wconf 90' lang='lat' dir='ltr'><strong>pertinere</strong></span> <span class='ocrx_word' id='word_1_158' title='bbox 1585 1863 1695 1924; x_wconf 89' lang='lat' dir='ltr'><strong>debent,</strong></span> <span class='ocrx_word' id='word_1_159' title='bbox 1726 1865 1782 1913; x_wconf 88' lang='lat' dir='ltr'><strong>sive</strong></span> <span class='ocrx_word' id='word_1_160' title='bbox 1807 1879 1854 1927; x_wconf 89' lang='lat' dir='ltr'><strong>per</strong></span> 
     </span>
     <span class='ocr_line' id='line_1_15' title="bbox 206 1959 1855 2032; baseline -0.001 -16"><span class='ocrx_word' id='word_1_161' title='bbox 206 1975 297 2032; x_wconf 71' lang='lat' dir='ltr'><strong>sancte</strong></span> <span class='ocrx_word' id='word_1_162' title='bbox 326 1969 451 2032; x_wconf 78' lang='lat' dir='ltr'><strong>memorie</strong></span> <span class='ocrx_word' id='word_1_163' title='bbox 479 1981 571 2032; x_wconf 80' lang='lat' dir='ltr'><strong>regum</strong></span> <span class='ocrx_word' id='word_1_164' title='bbox 601 1971 628 2016; x_wconf 88' lang='grc'><strong>61</strong></span> <span class='ocrx_word' id='word_1_165' title='bbox 655 1966 806 2032; x_wconf 73' lang='lat' dir='ltr'><strong>reginarum</strong></span> <span class='ocrx_word' id='word_1_166' title='bbox 835 1959 1023 2016; x_wconf 69' lang='grc'><strong>11111611666166</strong></span> <span class='ocrx_word' id='word_1_167' title='bbox 1052 1967 1107 2016; x_wconf 86' lang='lat' dir='ltr'><strong>siva</strong></span> <span class='ocrx_word' id='word_1_168' title='bbox 1135 1982 1183 2030; x_wconf 87' lang='lat' dir='ltr'><strong>par</strong></span> <span class='ocrx_word' id='word_1_169' title='bbox 1205 1964 1386 2014; x_wconf 85' lang='lat' dir='ltr'><strong>marchionum</strong></span> <span class='ocrx_word' id='word_1_170' title='bbox 1409 1969 1435 2014; x_wconf 90' lang='lat' dir='ltr'><strong>et</strong></span> <span class='ocrx_word' id='word_1_171' title='bbox 1458 1966 1583 2014; x_wconf 88' lang='lat' dir='ltr'><strong>comitum</strong></span> <span class='ocrx_word' id='word_1_172' title='bbox 1605 1980 1652 2015; x_wconf 87' lang='lat' dir='ltr'><strong>scu</strong></span> <span class='ocrx_word' id='word_1_173' title='bbox 1675 1966 1855 2030; x_wconf 88' lang='lat' dir='ltr'><strong>quorumlibet</strong></span> 
     </span>
     <span class='ocr_line' id='line_1_16' title="bbox 156 2065 1853 2134; baseline -0.001 -13"><span class='ocrx_word' id='word_1_174' title='bbox 156 2065 187 2112; x_wconf 78' lang='lat'><strong>1⁶</strong></span> <span class='ocrx_word' id='word_1_175' title='bbox 207 2071 304 2122; x_wconf 83' lang='lat' dir='ltr'><strong>Christi</strong></span> <span class='ocrx_word' id='word_1_176' title='bbox 333 2070 451 2121; x_wconf 87' lang='lat' dir='ltr'><strong>fidolium</strong></span> <span class='ocrx_word' id='word_1_177' title='bbox 480 2071 664 2121; x_wconf 89' lang='lat' dir='ltr'><strong>concessiones</strong></span> <span class='ocrx_word' id='word_1_178' title='bbox 693 2085 740 2120; x_wconf 90' lang='lat' dir='ltr'><strong>seu</strong></span> <span class='ocrx_word' id='word_1_179' title='bbox 769 2071 848 2120; x_wconf 86' lang='lat' dir='ltr'><strong>etism</strong></span> <span class='ocrx_word' id='word_1_180' title='bbox 877 2085 925 2134; x_wconf 90' lang='lat' dir='ltr'><strong>per</strong></span> <span class='ocrx_word' id='word_1_181' title='bbox 953 2071 1165 2134; x_wconf 85' lang='lat' dir='ltr'><strong>comparationes</strong></span> <span class='ocrx_word' id='word_1_182' title='bbox 1193 2076 1220 2120; x_wconf 89' lang='lat' dir='ltr'><strong>et</strong></span> <span class='ocrx_word' id='word_1_183' title='bbox 1250 2071 1469 2120; x_wconf 81' lang='lat' dir='ltr'><strong>commutationes</strong></span> <span class='ocrx_word' id='word_1_184' title='bbox 1498 2075 1524 2120; x_wconf 91' lang='lat' dir='ltr'><strong>et</strong></span> <span class='ocrx_word' id='word_1_185' title='bbox 1553 2069 1686 2134; x_wconf 84' lang='lat' dir='ltr'><strong>quaslibet</strong></span> <span class='ocrx_word' id='word_1_186' title='bbox 1715 2070 1853 2134; x_wconf 83' lang='lat' dir='ltr'><strong>pactiones</strong></span> 
     </span>
     <span class='ocr_line' id='line_1_17' title="bbox 206 2159 1853 2240; baseline -0.001 -15"><span class='ocrx_word' id='word_1_187' title='bbox 206 2176 393 2240; x_wconf 88' lang='lat' dir='ltr'><strong>oportunitatis</strong></span> <span class='ocrx_word' id='word_1_188' title='bbox 412 2174 542 2225; x_wconf 87' lang='lat' dir='ltr'><strong>derebus</strong></span> <span class='ocrx_word' id='word_1_189' title='bbox 564 2173 708 2224; x_wconf 83' lang='lat' dir='ltr'><strong>mobilibus</strong></span> <span class='ocrx_word' id='word_1_190' title='bbox 731 2179 758 2223; x_wconf 90' lang='grc'><strong>61</strong></span> <span class='ocrx_word' id='word_1_191' title='bbox 779 2173 960 2222; x_wconf 85' lang='lat' dir='ltr'><strong>immobilibus</strong></span> <span class='ocrx_word' id='word_1_192' title='bbox 983 2159 1016 2221; x_wconf 90' lang='lat' dir='ltr'><strong>in</strong></span> <span class='ocrx_word' id='word_1_193' title='bbox 1040 2175 1116 2223; x_wconf 89' lang='lat' dir='ltr'><strong>terris</strong></span> <span class='ocrx_word' id='word_1_194' title='bbox 1139 2175 1223 2224; x_wconf 88' lang='lat' dir='ltr'><strong>vineis</strong></span> <span class='ocrx_word' id='word_1_195' title='bbox 1247 2175 1346 2238; x_wconf 90' lang='lat' dir='ltr'><strong>campis</strong></span> <span class='ocrx_word' id='word_1_196' title='bbox 1369 2175 1443 2224; x_wconf 87' lang='lat' dir='ltr'><strong>silvis</strong></span> <span class='ocrx_word' id='word_1_197' title='bbox 1466 2175 1573 2238; x_wconf 88' lang='lat' dir='ltr'><strong>pascuis</strong></span> <span class='ocrx_word' id='word_1_198' title='bbox 1596 2175 1672 2239; x_wconf 85' lang='lat' dir='ltr'><strong>aquis</strong></span> <span class='ocrx_word' id='word_1_199' title='bbox 1695 2174 1853 2224; x_wconf 84' lang='lat' dir='ltr'><strong>molendinis</strong></span> 
     </span>
     <span class='ocr_line' id='line_1_18' title="bbox 206 2257 1853 2343; baseline -0.001 -15"><span class='ocrx_word' id='word_1_200' title='bbox 206 2280 326 2343; x_wconf 88' lang='lat' dir='ltr'><strong>piscariis</strong></span> <span class='ocrx_word' id='word_1_201' title='bbox 349 2279 414 2342; x_wconf 90' lang='lat' dir='ltr'><strong>ripis</strong></span> <span class='ocrx_word' id='word_1_202' title='bbox 437 2277 529 2328; x_wconf 86' lang='lat' dir='ltr'><strong>salinis</strong></span> <span class='ocrx_word' id='word_1_203' title='bbox 553 2257 786 2326; x_wconf 76' lang='lat' dir='ltr'><strong>habitationibusf</strong></span> <span class='ocrx_word' id='word_1_204' title='bbox 806 2270 943 2326; x_wconf 74' lang='lat' dir='ltr'><strong>edificiisg</strong></span> <span class='ocrx_word' id='word_1_205' title='bbox 966 2282 992 2326; x_wconf 89' lang='grc'><strong>61</strong></span> <span class='ocrx_word' id='word_1_206' title='bbox 1015 2277 1132 2327; x_wconf 84' lang='lat' dir='ltr'><strong>castellis</strong></span> <span class='ocrx_word' id='word_1_207' title='bbox 1154 2278 1237 2328; x_wconf 87' lang='lat' dir='ltr'><strong>servis</strong></span> <span class='ocrx_word' id='word_1_208' title='bbox 1261 2283 1287 2328; x_wconf 91' lang='lat' dir='ltr'><strong>et</strong></span> <span class='ocrx_word' id='word_1_209' title='bbox 1309 2277 1413 2327; x_wconf 89' lang='lat' dir='ltr'><strong>ancillis</strong></span> <span class='ocrx_word' id='word_1_210' title='bbox 1436 2277 1527 2328; x_wconf 90' lang='lat' dir='ltr'><strong>liberis</strong></span> <span class='ocrx_word' id='word_1_211' title='bbox 1550 2259 1654 2342; x_wconf 78' lang='lat' dir='ltr'><strong>sitqueh</strong></span> <span class='ocrx_word' id='word_1_212' title='bbox 1682 2278 1853 2341; x_wconf 82' lang='lat' dir='ltr'><strong>asscripticiis</strong></span> 
     </span>
     <span class='ocr_line' id='line_1_19' title="bbox 206 2351 1851 2446; baseline -0.001 -15"><span class='ocrx_word' id='word_1_213' title='bbox 206 2389 280 2431; x_wconf 81' lang='lat' dir='ltr'><strong>eum</strong></span> <span class='ocrx_word' id='word_1_214' title='bbox 303 2383 396 2431; x_wconf 88' lang='lat' dir='ltr'><strong>usibus</strong></span> <span class='ocrx_word' id='word_1_215' title='bbox 419 2380 614 2431; x_wconf 86' lang='lat' dir='ltr'><strong>et&#39;radditibus</strong></span> <span class='ocrx_word' id='word_1_216' title='bbox 638 2366 715 2429; x_wconf 76' lang='lat' dir='ltr'><strong>euin.</strong></span> <span class='ocrx_word' id='word_1_217' title='bbox 761 2379 861 2430; x_wconf 89' lang='lat' dir='ltr'><strong>Cellam</strong></span> <span class='ocrx_word' id='word_1_218' title='bbox 890 2395 996 2446; x_wconf 86' lang='lat' dir='ltr'><strong>quoque</strong></span> <span class='ocrx_word' id='word_1_219' title='bbox 1025 2380 1156 2430; x_wconf 90' lang='lat' dir='ltr'><strong>vocabulo</strong></span> <span class='ocrx_word' id='word_1_220' title='bbox 1187 2383 1270 2430; x_wconf 86' lang='lat' dir='ltr'><strong>sancti</strong></span> <span class='ocrx_word' id='word_1_221' title='bbox 1299 2381 1404 2446; x_wconf 70' lang='lat' dir='ltr'><strong>Andros</strong></span> <span class='ocrx_word' id='word_1_222' title='bbox 1429 2351 1458 2430; x_wconf 90' lang='grc'><strong>111</strong></span> <span class='ocrx_word' id='word_1_223' title='bbox 1481 2381 1588 2431; x_wconf 87' lang='lat' dir='ltr'><strong>civitate</strong></span> <span class='ocrx_word' id='word_1_224' title='bbox 1611 2381 1770 2431; x_wconf 82' lang='lat' dir='ltr'><strong>Tarrrinensi</strong></span> <span class='ocrx_word' id='word_1_225' title='bbox 1793 2397 1851 2430; x_wconf 88' lang='lat' dir='ltr'><strong>cum</strong></span> 
     </span>
     <span class='ocr_line' id='line_1_20' title="bbox 206 2470 1854 2549; baseline 0 -15"><span class='ocrx_word' id='word_1_226' title='bbox 206 2470 355 2535; x_wconf 81' lang='lat' dir='ltr'><strong>omnibus</strong></span> <span class='ocrx_word' id='word_1_227' title='bbox 384 2471 451 2534; x_wconf 78' lang='lat' dir='ltr'><strong>suis</strong></span> <span class='ocrx_word' id='word_1_228' title='bbox 479 2485 646 2548; x_wconf 87' lang='lat' dir='ltr'><strong>pertinentiis</strong></span> <span class='ocrx_word' id='word_1_229' title='bbox 673 2489 700 2534; x_wconf 91' lang='lat' dir='ltr'><strong>et</strong></span> <span class='ocrx_word' id='word_1_230' title='bbox 729 2485 817 2534; x_wconf 87' lang='lat' dir='ltr'><strong>omnia</strong></span> <span class='ocrx_word' id='word_1_231' title='bbox 844 2499 896 2549; x_wconf 88' lang='lat' dir='ltr'><strong>que</strong></span> <span class='ocrx_word' id='word_1_232' title='bbox 918 2500 934 2532; x_wconf 74' lang='lat' dir='ltr'><strong>a</strong></span> <span class='ocrx_word' id='word_1_233' title='bbox 957 2485 1116 2534; x_wconf 86' lang='lat' dir='ltr'><strong>monasterio</strong></span> <span class='ocrx_word' id='word_1_234' title='bbox 1148 2486 1232 2536; x_wconf 87' lang='lat' dir='ltr'><strong>sancti</strong></span> <span class='ocrx_word' id='word_1_235' title='bbox 1262 2485 1333 2534; x_wconf 90' lang='lat' dir='ltr'><strong>Petri</strong></span> <span class='ocrx_word' id='word_1_236' title='bbox 1363 2485 1477 2549; x_wconf 87' lang='lat' dir='ltr'><strong>apostoli</strong></span> <span class='ocrx_word' id='word_1_237' title='bbox 1505 2485 1577 2549; x_wconf 87' lang='lat' dir='ltr'><strong>apud</strong></span> <span class='ocrx_word' id='word_1_238' title='bbox 1600 2484 1764 2536; x_wconf 88' lang='lat' dir='ltr'><strong>Noualitium</strong></span> <span class='ocrx_word' id='word_1_239' title='bbox 1787 2486 1854 2534; x_wconf 91' lang='lat' dir='ltr'><strong>citra</strong></span> 
     </span>
     <span class='ocr_line' id='line_1_21' title="bbox 155 2571 1853 2657; baseline -0.001 -20"><span class='ocrx_word' id='word_1_240' title='bbox 155 2579 189 2627; x_wconf 76' lang='lat'><strong>20</strong></span> <span class='ocrx_word' id='word_1_241' title='bbox 206 2583 333 2638; x_wconf 90' lang='lat' dir='ltr'><strong>montes</strong></span> <span class='ocrx_word' id='word_1_242' title='bbox 355 2583 386 2637; x_wconf 92' lang='grc'><strong>61</strong></span> <span class='ocrx_word' id='word_1_243' title='bbox 408 2587 479 2637; x_wconf 85' lang='lat' dir='ltr'><strong>ultra</strong></span> <span class='ocrx_word' id='word_1_244' title='bbox 501 2593 603 2637; x_wconf 82' lang='lat' dir='ltr'><strong>montcc</strong></span> <span class='ocrx_word' id='word_1_245' title='bbox 632 2573 812 2657; x_wconf 89' lang='lat' dir='ltr'><strong>pertinent,</strong></span> <span class='ocrx_word' id='word_1_246' title='bbox 827 2572 939 2642; x_wconf 90' lang='lat' dir='ltr'><strong>modis</strong></span> <span class='ocrx_word' id='word_1_247' title='bbox 970 2571 1119 2637; x_wconf 92' lang='lat' dir='ltr'><strong>omnibus</strong></span> <span class='ocrx_word' id='word_1_248' title='bbox 1150 2572 1395 2655; x_wconf 88' lang='lat' dir='ltr'><strong>confirmamus,</strong></span> <span class='ocrx_word' id='word_1_249' title='bbox 1425 2572 1671 2637; x_wconf 82' lang='lat' dir='ltr'><strong>interminantes</strong></span> <span class='ocrx_word' id='word_1_250' title='bbox 1700 2582 1736 2636; x_wconf 92' lang='lat' dir='ltr'><strong>ut</strong></span> <span class='ocrx_word' id='word_1_251' title='bbox 1763 2571 1853 2636; x_wconf 89' lang='lat' dir='ltr'><strong>nulla</strong></span> 
     </span>
     <span class='ocr_line' id='line_1_22' title="bbox 206 2659 1853 2762; baseline -0.001 -22"><span class='ocrx_word' id='word_1_252' title='bbox 206 2677 374 2742; x_wconf 93' lang='lat' dir='ltr'><strong>hominum</strong></span> <span class='ocrx_word' id='word_1_253' title='bbox 401 2699 522 2761; x_wconf 85' lang='lat' dir='ltr'><strong>magna</strong></span> <span class='ocrx_word' id='word_1_254' title='bbox 551 2697 717 2762; x_wconf 90' lang='lat' dir='ltr'><strong>parvaque</strong></span> <span class='ocrx_word' id='word_1_255' title='bbox 746 2696 889 2761; x_wconf 88' lang='lat' dir='ltr'><strong>persona</strong></span> <span class='ocrx_word' id='word_1_256' title='bbox 916 2671 1057 2739; x_wconf 87' lang='lat' dir='ltr'><strong>audeati</strong></span> <span class='ocrx_word' id='word_1_257' title='bbox 1086 2674 1232 2760; x_wconf 90' lang='lat' dir='ltr'><strong>quolibet</strong></span> <span class='ocrx_word' id='word_1_258' title='bbox 1259 2684 1405 2760; x_wconf 86' lang='lat' dir='ltr'><strong>tempore</strong></span> <span class='ocrx_word' id='word_1_259' title='bbox 1434 2675 1588 2741; x_wconf 89' lang='lat' dir='ltr'><strong>abbatem</strong></span> <span class='ocrx_word' id='word_1_260' title='bbox 1611 2683 1643 2740; x_wconf 94' lang='grc'><strong>61</strong></span> <span class='ocrx_word' id='word_1_261' title='bbox 1666 2659 1777 2741; x_wconf 86' lang='lat' dir='ltr'><strong>servos</strong></span> <span class='ocrx_word' id='word_1_262' title='bbox 1801 2674 1853 2739; x_wconf 93' lang='lat' dir='ltr'><strong>dei</strong></span> 
     </span>
     <span class='ocr_line' id='line_1_23' title="bbox 206 2775 1853 2862; baseline 0.001 -20"><span class='ocrx_word' id='word_1_263' title='bbox 206 2778 344 2862; x_wconf 85' lang='lat' dir='ltr'><strong>predicti</strong></span> <span class='ocrx_word' id='word_1_264' title='bbox 374 2780 564 2843; x_wconf 90' lang='lat' dir='ltr'><strong>monasterii</strong></span> <span class='ocrx_word' id='word_1_265' title='bbox 595 2777 762 2842; x_wconf 87' lang='lat' dir='ltr'><strong>molestari</strong></span> <span class='ocrx_word' id='word_1_266' title='bbox 790 2775 869 2842; x_wconf 85' lang='lat' dir='ltr'><strong>vel¹¹</strong></span> <span class='ocrx_word' id='word_1_267' title='bbox 895 2778 1100 2842; x_wconf 89' lang='lat' dir='ltr'><strong>invasionem</strong></span> <span class='ocrx_word' id='word_1_268' title='bbox 1123 2785 1156 2843; x_wconf 88' lang='grc'><strong>61</strong></span> <span class='ocrx_word' id='word_1_269' title='bbox 1176 2777 1367 2848; x_wconf 89' lang='lat' dir='ltr'><strong>violentiam</strong></span> <span class='ocrx_word' id='word_1_270' title='bbox 1389 2777 1452 2844; x_wconf 91' lang='lat' dir='ltr'><strong>illis</strong></span> <span class='ocrx_word' id='word_1_271' title='bbox 1476 2788 1509 2844; x_wconf 89' lang='lat' dir='ltr'><strong>et</strong></span> <span class='ocrx_word' id='word_1_272' title='bbox 1530 2778 1717 2844; x_wconf 90' lang='lat' dir='ltr'><strong>bominibus</strong></span> <span class='ocrx_word' id='word_1_273' title='bbox 1741 2801 1853 2844; x_wconf 89' lang='lat' dir='ltr'><strong>eorum</strong></span> 
     </span>
     <span class='ocr_line' id='line_1_24' title="bbox 206 2877 1852 2967; baseline 0 -22"><span class='ocrx_word' id='word_1_274' title='bbox 206 2881 326 2946; x_wconf 91' lang='lat' dir='ltr'><strong>inferre</strong></span> <span class='ocrx_word' id='word_1_275' title='bbox 345 2881 398 2946; x_wconf 91' lang='lat' dir='ltr'><strong>vel</strong></span> <span class='ocrx_word' id='word_1_276' title='bbox 417 2881 460 2946; x_wconf 91' lang='lat' dir='ltr'><strong>ad</strong></span> <span class='ocrx_word' id='word_1_277' title='bbox 479 2881 644 2967; x_wconf 91' lang='lat' dir='ltr'><strong>publicum</strong></span> <span class='ocrx_word' id='word_1_278' title='bbox 669 2883 841 2946; x_wconf 87' lang='lat' dir='ltr'><strong>servicium</strong></span> <span class='ocrx_word' id='word_1_279' title='bbox 864 2887 896 2944; x_wconf 91' lang='lat' dir='ltr'><strong>et</strong></span> <span class='ocrx_word' id='word_1_280' title='bbox 918 2877 1075 2964; x_wconf 89' lang='lat' dir='ltr'><strong>placitum</strong></span> <span class='ocrx_word' id='word_1_281' title='bbox 1098 2901 1155 2944; x_wconf 90' lang='lat' dir='ltr'><strong>eos</strong></span> <span class='ocrx_word' id='word_1_282' title='bbox 1178 2880 1387 2966; x_wconf 88' lang='lat' dir='ltr'><strong>protrahere¹</strong></span> <span class='ocrx_word' id='word_1_283' title='bbox 1410 2884 1479 2946; x_wconf 92' lang='lat' dir='ltr'><strong>sine</strong></span> <span class='ocrx_word' id='word_1_284' title='bbox 1502 2883 1587 2946; x_wconf 90' lang='lat' dir='ltr'><strong>iusta</strong></span> <span class='ocrx_word' id='word_1_285' title='bbox 1610 2891 1642 2946; x_wconf 89' lang='lat' dir='ltr'><strong>ct</strong></span> <span class='ocrx_word' id='word_1_286' title='bbox 1664 2881 1852 2948; x_wconf 87' lang='lat' dir='ltr'><strong>rationabili</strong></span> 
     </span>
     <span class='ocr_line' id='line_1_25' title="bbox 207 2982 1852 3071; baseline 0 -21"><span class='ocrx_word' id='word_1_287' title='bbox 207 3007 323 3069; x_wconf 89' lang='lat' dir='ltr'><strong>causa,</strong></span> <span class='ocrx_word' id='word_1_288' title='bbox 359 2985 417 3050; x_wconf 90' lang='lat' dir='ltr'><strong>sed</strong></span> <span class='ocrx_word' id='word_1_289' title='bbox 446 2985 545 3050; x_wconf 89' lang='lat' dir='ltr'><strong>liceat</strong></span> <span class='ocrx_word' id='word_1_290' title='bbox 573 2987 620 3051; x_wconf 88' lang='lat' dir='ltr'><strong>eis</strong></span> <span class='ocrx_word' id='word_1_291' title='bbox 648 2987 811 3071; x_wconf 73' lang='lat' dir='ltr'><strong>suisque1¹¹</strong></span> <span class='ocrx_word' id='word_1_292' title='bbox 835 2982 1079 3049; x_wconf 88' lang='lat' dir='ltr'><strong>successoribus</strong></span> <span class='ocrx_word' id='word_1_293' title='bbox 1104 3006 1232 3071; x_wconf 90' lang='lat' dir='ltr'><strong>semper</strong></span> <span class='ocrx_word' id='word_1_294' title='bbox 1255 3000 1288 3050; x_wconf 83' lang='lat' dir='ltr'><strong>cd</strong></span> <span class='ocrx_word' id='word_1_295' title='bbox 1310 2999 1416 3051; x_wconf 77' lang='lat' dir='ltr'><strong>taudem</strong></span> <span class='ocrx_word' id='word_1_296' title='bbox 1438 3007 1465 3051; x_wconf 82' lang='lat' dir='ltr'><strong>cc</strong></span> <span class='ocrx_word' id='word_1_297' title='bbox 1486 3001 1598 3066; x_wconf 78' lang='lat' dir='ltr'><strong>gloriam</strong></span> <span class='ocrx_word' id='word_1_298' title='bbox 1621 2986 1852 3071; x_wconf 89' lang='lat' dir='ltr'><strong>omnipotentis</strong></span> 
     </span>
     <span class='ocr_line' id='line_1_26' title="bbox 154 3088 1852 3175; baseline 0.004 -25"><span class='ocrx_word' id='word_1_299' title='bbox 154 3101 187 3150; x_wconf 80' lang='grc'><strong>16</strong></span> <span class='ocrx_word' id='word_1_300' title='bbox 207 3088 259 3152; x_wconf 90' lang='lat' dir='ltr'><strong>dei</strong></span> <span class='ocrx_word' id='word_1_301' title='bbox 283 3090 390 3175; x_wconf 91' lang='lat' dir='ltr'><strong>quiete</strong></span> <span class='ocrx_word' id='word_1_302' title='bbox 413 3100 446 3154; x_wconf 90' lang='grc'><strong>61</strong></span> <span class='ocrx_word' id='word_1_303' title='bbox 466 3089 605 3175; x_wconf 84' lang='lat' dir='ltr'><strong>pacifice</strong></span> <span class='ocrx_word' id='word_1_304' title='bbox 627 3091 737 3153; x_wconf 93' lang='lat' dir='ltr'><strong>vivere</strong></span> <span class='ocrx_word' id='word_1_305' title='bbox 766 3103 815 3154; x_wconf 85' lang='lat' dir='ltr'><strong>cub</strong></span> <span class='ocrx_word' id='word_1_306' title='bbox 838 3099 969 3167; x_wconf 83' lang='lat' dir='ltr'><strong>imperiali</strong></span> <span class='ocrx_word' id='word_1_307' title='bbox 992 3104 1118 3169; x_wconf 77' lang='lat' dir='ltr'><strong>regisque</strong></span> <span class='ocrx_word' id='word_1_308' title='bbox 1146 3090 1305 3172; x_wconf 88' lang='lat' dir='ltr'><strong>tuicione,</strong></span> <span class='ocrx_word' id='word_1_309' title='bbox 1334 3089 1483 3173; x_wconf 84' lang='lat' dir='ltr'><strong>re[mo]ta</strong></span> <span class='ocrx_word' id='word_1_310' title='bbox 1512 3092 1656 3156; x_wconf 91' lang='lat' dir='ltr'><strong>omnium</strong></span> <span class='ocrx_word' id='word_1_311' title='bbox 1683 3090 1852 3156; x_wconf 89' lang='lat' dir='ltr'><strong>hominum</strong></span> 
     </span>
    </p>
   </div>
   <div class='ocr_carea' id='block_1_3' title="bbox 152 3174 1851 3902">
    <p class='ocr_par' dir='ltr' id='par_1_3' title="bbox 204 3174 1851 3591">
     <span class='ocr_line' id='line_1_27' title="bbox 205 3174 1851 3280; baseline 0.002 -24"><span class='ocrx_word' id='word_1_312' title='bbox 205 3192 436 3278; x_wconf 88' lang='lat' dir='ltr'><strong>inquietudine.</strong></span> <span class='ocrx_word' id='word_1_313' title='bbox 482 3192 517 3258; x_wconf 84' lang='lat' dir='ltr'><strong>si</strong></span> <span class='ocrx_word' id='word_1_314' title='bbox 541 3195 613 3279; x_wconf 91' lang='lat' dir='ltr'><strong>quis</strong></span> <span class='ocrx_word' id='word_1_315' title='bbox 635 3215 713 3258; x_wconf 91' lang='lat' dir='ltr'><strong>vero</strong></span> <span class='ocrx_word' id='word_1_316' title='bbox 737 3202 851 3257; x_wconf 88' lang='lat' dir='ltr'><strong>contra</strong></span> <span class='ocrx_word' id='word_1_317' title='bbox 873 3174 984 3276; x_wconf 78' lang='lat' dir='ltr'><strong>lilane]</strong></span> <span class='ocrx_word' id='word_1_318' title='bbox 1016 3201 1162 3256; x_wconf 89' lang='lat' dir='ltr'><strong>nostram</strong></span> <span class='ocrx_word' id='word_1_319' title='bbox 1191 3193 1392 3280; x_wconf 87' lang='lat' dir='ltr'><strong>imperialem</strong></span> <span class='ocrx_word' id='word_1_320' title='bbox 1421 3196 1664 3280; x_wconf 88' lang='lat' dir='ltr'><strong>preceptionem</strong></span> <span class='ocrx_word' id='word_1_321' title='bbox 1693 3217 1790 3279; x_wconf 85' lang='lat' dir='ltr'><strong>agere</strong></span> <span class='ocrx_word' id='word_1_322' title='bbox 1818 3195 1851 3259; x_wconf 93' lang='lat' dir='ltr'><strong>in</strong></span> 
     </span>
     <span class='ocr_line' id='line_1_28' title="bbox 205 3294 1849 3384; baseline 0.001 -24"><span class='ocrx_word' id='word_1_323' title='bbox 205 3294 350 3383; x_wconf 90' lang='lat' dir='ltr'><strong>quolibet</strong></span> <span class='ocrx_word' id='word_1_324' title='bbox 366 3306 485 3361; x_wconf 91' lang='lat' dir='ltr'><strong>temere</strong></span> <span class='ocrx_word' id='word_1_325' title='bbox 501 3297 718 3381; x_wconf 86' lang='lat' dir='ltr'><strong>presumserit,</strong></span> <span class='ocrx_word' id='word_1_326' title='bbox 743 3298 852 3361; x_wconf 84' lang='lat' dir='ltr'><strong>sciat¹¹</strong></span> <span class='ocrx_word' id='word_1_327' title='bbox 874 3319 908 3361; x_wconf 88' lang='grc'><strong>66</strong></span> <span class='ocrx_word' id='word_1_328' title='bbox 924 3318 990 3361; x_wconf 90' lang='grc'><strong>666</strong></span> <span class='ocrx_word' id='word_1_329' title='bbox 1006 3295 1110 3360; x_wconf 87' lang='grc'><strong>661616</strong></span> <span class='ocrx_word' id='word_1_330' title='bbox 1127 3306 1239 3381; x_wconf 76' lang='lat' dir='ltr'><strong>sancte</strong></span> <span class='ocrx_word' id='word_1_331' title='bbox 1262 3299 1408 3384; x_wconf 74' lang='lat' dir='ltr'><strong>Romane</strong></span> <span class='ocrx_word' id='word_1_332' title='bbox 1432 3300 1545 3363; x_wconf 89' lang='lat' dir='ltr'><strong>matris</strong></span> <span class='ocrx_word' id='word_1_333' title='bbox 1568 3298 1705 3383; x_wconf 69' lang='lat' dir='ltr'><strong>ecclesie</strong></span> <span class='ocrx_word' id='word_1_334' title='bbox 1728 3298 1849 3363; x_wconf 89' lang='lat' dir='ltr'><strong>iudicio</strong></span> 
     </span>
     <span class='ocr_line' id='line_1_29' title="bbox 205 3402 1851 3489; baseline 0 -24"><span class='ocrx_word' id='word_1_335' title='bbox 205 3403 491 3467; x_wconf 85' lang='lat' dir='ltr'><strong>excomunicatum</strong></span> <span class='ocrx_word' id='word_1_336' title='bbox 521 3411 618 3489; x_wconf 86' lang='lat' dir='ltr'><strong>atque</strong></span> <span class='ocrx_word' id='word_1_337' title='bbox 649 3402 856 3485; x_wconf 89' lang='lat' dir='ltr'><strong>damnatum,</strong></span> <span class='ocrx_word' id='word_1_338' title='bbox 886 3425 1000 3467; x_wconf 90' lang='lat' dir='ltr'><strong>verum</strong></span> <span class='ocrx_word' id='word_1_339' title='bbox 1030 3403 1129 3467; x_wconf 89' lang='lat' dir='ltr'><strong>etiam</strong></span> <span class='ocrx_word' id='word_1_340' title='bbox 1158 3404 1416 3486; x_wconf 89' lang='lat' dir='ltr'><strong>compositurum</strong></span> <span class='ocrx_word' id='word_1_341' title='bbox 1445 3424 1587 3487; x_wconf 89' lang='lat' dir='ltr'><strong>poenam</strong></span> <span class='ocrx_word' id='word_1_342' title='bbox 1615 3402 1851 3488; x_wconf 87' lang='lat' dir='ltr'><strong>quinquaginta</strong></span> 
     </span>
     <span class='ocr_line' id='line_1_30' title="bbox 204 3503 1849 3591; baseline 0.001 -22"><span class='ocrx_word' id='word_1_343' title='bbox 204 3504 358 3570; x_wconf 90' lang='lat' dir='ltr'><strong>librarum</strong></span> <span class='ocrx_word' id='word_1_344' title='bbox 388 3507 458 3570; x_wconf 89' lang='lat' dir='ltr'><strong>auri</strong></span> <span class='ocrx_word' id='word_1_345' title='bbox 489 3507 618 3591; x_wconf 92' lang='lat' dir='ltr'><strong>optimi,</strong></span> <span class='ocrx_word' id='word_1_346' title='bbox 649 3503 856 3571; x_wconf 87' lang='lat' dir='ltr'><strong>medietatem</strong></span> <span class='ocrx_word' id='word_1_347' title='bbox 885 3528 997 3570; x_wconf 86' lang='lat' dir='ltr'><strong>earum</strong></span> <span class='ocrx_word' id='word_1_348' title='bbox 1027 3504 1244 3591; x_wconf 89' lang='lat' dir='ltr'><strong>persolvendo</strong></span> <span class='ocrx_word' id='word_1_349' title='bbox 1275 3506 1409 3590; x_wconf 74' lang='lat' dir='ltr'><strong>kamere</strong></span> <span class='ocrx_word' id='word_1_350' title='bbox 1433 3515 1567 3590; x_wconf 61' lang='lat' dir='ltr'><strong>nostrai</strong></span> <span class='ocrx_word' id='word_1_351' title='bbox 1588 3516 1621 3571; x_wconf 90' lang='lat' dir='ltr'><strong>et</strong></span> <span class='ocrx_word' id='word_1_352' title='bbox 1643 3504 1849 3570; x_wconf 89' lang='lat' dir='ltr'><strong>medietatem</strong></span> 
     </span>
    </p>

    <p class='ocr_par' dir='ltr' id='par_1_4' title="bbox 152 3605 1850 3902">
     <span class='ocr_line' id='line_1_31' title="bbox 152 3605 1849 3694; baseline 0 -21"><span class='ocrx_word' id='word_1_353' title='bbox 152 3605 376 3694; x_wconf 65' lang='lat' dir='ltr'><strong>suprataxato</strong></span> <span class='ocrx_word' id='word_1_354' title='bbox 407 3618 519 3675; x_wconf 90' lang='lat' dir='ltr'><strong>sancto</strong></span> <span class='ocrx_word' id='word_1_355' title='bbox 551 3609 776 3674; x_wconf 87' lang='lat' dir='ltr'><strong>Brementensi</strong></span> <span class='ocrx_word' id='word_1_356' title='bbox 805 3611 1002 3674; x_wconf 88' lang='lat' dir='ltr'><strong>monasterio</strong></span> <span class='ocrx_word' id='word_1_357' title='bbox 1032 3618 1064 3672; x_wconf 92' lang='grc'><strong>61</strong></span> <span class='ocrx_word' id='word_1_358' title='bbox 1092 3607 1263 3673; x_wconf 89' lang='lat' dir='ltr'><strong>monachis</strong></span> <span class='ocrx_word' id='word_1_359' title='bbox 1291 3610 1371 3674; x_wconf 89' lang='lat' dir='ltr'><strong>eius.</strong></span> <span class='ocrx_word' id='word_1_360' title='bbox 1417 3607 1514 3689; x_wconf 80' lang='lat' dir='ltr'><strong>Quod</strong></span> <span class='ocrx_word' id='word_1_361' title='bbox 1542 3617 1579 3674; x_wconf 88' lang='lat' dir='ltr'><strong>ut</strong></span> <span class='ocrx_word' id='word_1_362' title='bbox 1600 3611 1709 3674; x_wconf 90' lang='lat' dir='ltr'><strong>verius</strong></span> <span class='ocrx_word' id='word_1_363' title='bbox 1739 3607 1849 3673; x_wconf 84' lang='lat' dir='ltr'><strong>creda-</strong></span> 
     </span>
     <span class='ocr_line' id='line_1_32' title="bbox 203 3712 1850 3798; baseline -0.002 -21"><span class='ocrx_word' id='word_1_364' title='bbox 203 3723 255 3777; x_wconf 91' lang='lat' dir='ltr'><strong>tur</strong></span> <span class='ocrx_word' id='word_1_365' title='bbox 277 3724 309 3778; x_wconf 90' lang='lat' dir='ltr'><strong>et</strong></span> <span class='ocrx_word' id='word_1_366' title='bbox 330 3712 373 3777; x_wconf 90' lang='lat' dir='ltr'><strong>ab</strong></span> <span class='ocrx_word' id='word_1_367' title='bbox 398 3712 546 3778; x_wconf 91' lang='lat' dir='ltr'><strong>omnibus</strong></span> <span class='ocrx_word' id='word_1_368' title='bbox 571 3721 761 3777; x_wconf 89' lang='lat' dir='ltr'><strong>auservetur</strong></span> <span class='ocrx_word' id='word_1_369' title='bbox 772 3720 793 3794; x_wconf 89' lang='lat'><strong>⁰,</strong></span> <span class='ocrx_word' id='word_1_370' title='bbox 829 3734 928 3776; x_wconf 90' lang='lat' dir='ltr'><strong>manu</strong></span> <span class='ocrx_word' id='word_1_371' title='bbox 956 3713 1089 3798; x_wconf 90' lang='lat' dir='ltr'><strong>propria</strong></span> <span class='ocrx_word' id='word_1_372' title='bbox 1115 3713 1342 3778; x_wconf 90' lang='lat' dir='ltr'><strong>roboravimus</strong></span> <span class='ocrx_word' id='word_1_373' title='bbox 1368 3723 1545 3798; x_wconf 87' lang='lat' dir='ltr'><strong>nostroque</strong></span> <span class='ocrx_word' id='word_1_374' title='bbox 1572 3712 1669 3776; x_wconf 84' lang='lat' dir='ltr'><strong>anulo</strong></span> <span class='ocrx_word' id='word_1_375' title='bbox 1697 3713 1850 3790; x_wconf 88' lang='lat' dir='ltr'><strong>iussimus</strong></span> 
     </span>
     <span class='ocr_line' id='line_1_33' title="bbox 204 3815 348 3902; baseline 0 -22"><span class='ocrx_word' id='word_1_376' title='bbox 204 3815 348 3902; x_wconf 82' lang='lat' dir='ltr'><strong>sigillari.</strong></span> 
     </span>
    </p>
   </div>
   <div class='ocr_carea' id='block_1_4' title="bbox 305 3970 1568 4058">
    <p class='ocr_par' dir='ltr' id='par_1_5' title="bbox 305 3970 1568 4058">
     <span class='ocr_line' id='line_1_34' title="bbox 305 3970 1568 4058; baseline -0.001 -23"><span class='ocrx_word' id='word_1_377' title='bbox 305 3975 319 4056; x_wconf 71' lang='lat' dir='ltr'><strong>l</strong></span> <span class='ocrx_word' id='word_1_378' title='bbox 342 3971 477 4056; x_wconf 83' lang='lat' dir='ltr'><strong>Signum</strong></span> <span class='ocrx_word' id='word_1_379' title='bbox 500 3972 611 4038; x_wconf 92' lang='lat' dir='ltr'><strong>domni</strong></span> <span class='ocrx_word' id='word_1_380' title='bbox 636 3970 766 4038; x_wconf 90' lang='lat' dir='ltr'><strong>Ottonis</strong></span> <span class='ocrx_word' id='word_1_381' title='bbox 789 3973 994 4058; x_wconf 88' lang='lat' dir='ltr'><strong>imperatoris</strong></span> <span class='ocrx_word' id='word_1_382' title='bbox 1020 3973 1156 4037; x_wconf 90' lang='lat' dir='ltr'><strong>serenis·</strong></span> <span class='ocrx_word' id='word_1_383' title='bbox 1181 3973 1270 4053; x_wconf 78' lang='lat' dir='ltr'><strong>(Mn.)</strong></span> <span class='ocrx_word' id='word_1_384' title='bbox 1296 3973 1367 4036; x_wconf 91' lang='lat' dir='ltr'><strong>simi</strong></span> <span class='ocrx_word' id='word_1_385' title='bbox 1391 3972 1530 4054; x_wconf 90' lang='lat' dir='ltr'><strong>augusti.</strong></span> <span class='ocrx_word' id='word_1_386' title='bbox 1555 3973 1568 4056; x_wconf 64' lang='grc' dir='ltr'><strong><em>ξ</em></strong></span> 
     </span>
    </p>
   </div>
   <div class='ocr_carea' id='block_1_5' title="bbox 151 4090 1850 4279">
    <p class='ocr_par' dir='ltr' id='par_1_6' title="bbox 151 4090 1850 4279">
     <span class='ocr_line' id='line_1_35' title="bbox 305 4090 1850 4178; baseline 0 -23"><span class='ocrx_word' id='word_1_387' title='bbox 305 4092 454 4174; x_wconf 66' lang='lat' dir='ltr'><strong>{Petrus</strong></span> <span class='ocrx_word' id='word_1_388' title='bbox 477 4090 699 4156; x_wconf 85' lang='lat' dir='ltr'><strong>kanoellarius</strong></span> <span class='ocrx_word' id='word_1_389' title='bbox 722 4092 872 4156; x_wconf 88' lang='lat' dir='ltr'><strong>adviccm</strong></span> <span class='ocrx_word' id='word_1_390' title='bbox 889 4092 1028 4158; x_wconf 83' lang='lat' dir='ltr'><strong>Huberti</strong></span> <span class='ocrx_word' id='word_1_391' title='bbox 1051 4095 1222 4178; x_wconf 68' lang='grc' dir='ltr'><strong>66166661ὓ</strong></span> <span class='ocrx_word' id='word_1_392' title='bbox 1245 4100 1278 4157; x_wconf 90' lang='grc'><strong>61</strong></span> <span class='ocrx_word' id='word_1_393' title='bbox 1300 4091 1582 4156; x_wconf 87' lang='lat' dir='ltr'><strong>archikanccllarii</strong></span> <span class='ocrx_word' id='word_1_394' title='bbox 1604 4093 1796 4176; x_wconf 85' lang='lat' dir='ltr'><strong>recognovit</strong></span> <span class='ocrx_word' id='word_1_395' title='bbox 1819 4102 1850 4155; x_wconf 91' lang='lat' dir='ltr'><strong>et</strong></span> 
     </span>
     <span class='ocr_line' id='line_1_36' title="bbox 151 4194 1850 4279; baseline 0.002 -24"><span class='ocrx_word' id='word_1_396' title='bbox 151 4209 184 4256; x_wconf 81' lang='lat'><strong>35</strong></span> <span class='ocrx_word' id='word_1_397' title='bbox 205 4195 406 4279; x_wconf 88' lang='lat' dir='ltr'><strong>subscripsit.</strong></span> <span class='ocrx_word' id='word_1_398' title='bbox 429 4194 443 4262; x_wconf 96' lang='grc'><strong>1</strong></span> <span class='ocrx_word' id='word_1_399' title='bbox 1730 4197 1786 4276; x_wconf 84' lang='lat' dir='ltr'>(SI.</span> <span class='ocrx_word' id='word_1_400' title='bbox 1799 4197 1850 4276; x_wconf 89' lang='lat' dir='ltr'><strong>D.)</strong></span> 
     </span>
    </p>
   </div>
   <div class='ocr_carea' id='block_1_6' title="bbox 203 4348 1848 4641">
    <p class='ocr_par' dir='ltr' id='par_1_7' title="bbox 203 4348 1848 4641">
     <span class='ocr_line' id='line_1_37' title="bbox 307 4348 1847 4435; baseline 0.001 -23"><span class='ocrx_word' id='word_1_401' title='bbox 307 4349 420 4412; x_wconf 77' lang='lat' dir='ltr'><strong>Datat</strong></span> <span class='ocrx_word' id='word_1_402' title='bbox 443 4349 509 4414; x_wconf 89' lang='lat' dir='ltr'><strong>kal.</strong></span> <span class='ocrx_word' id='word_1_403' title='bbox 526 4348 625 4413; x_wconf 87' lang='lat' dir='ltr'><strong>madii</strong></span> <span class='ocrx_word' id='word_1_404' title='bbox 644 4371 730 4414; x_wconf 86' lang='lat' dir='ltr'><strong>anuo</strong></span> <span class='ocrx_word' id='word_1_405' title='bbox 749 4351 910 4434; x_wconf 74' lang='lat' dir='ltr'><strong>dominice</strong></span> <span class='ocrx_word' id='word_1_406' title='bbox 926 4354 1167 4416; x_wconf 88' lang='lat' dir='ltr'><strong>incarnacionis</strong></span> <span class='ocrx_word' id='word_1_407' title='bbox 1190 4367 1424 4434; x_wconf 79' lang='lat' dir='ltr'><strong>Dccuctxxlu,</strong></span> <span class='ocrx_word' id='word_1_408' title='bbox 1448 4351 1624 4416; x_wconf 90' lang='lat' dir='ltr'><strong>indictione</strong></span> <span class='ocrx_word' id='word_1_409' title='bbox 1641 4369 1699 4432; x_wconf 83' lang='lat' dir='ltr'><strong>xv,</strong></span> <span class='ocrx_word' id='word_1_410' title='bbox 1722 4351 1847 4435; x_wconf 91' lang='lat' dir='ltr'><strong>imperii</strong></span> 
     </span>
     <span class='ocr_line' id='line_1_38' title="bbox 204 4451 1848 4538; baseline 0 -20"><span class='ocrx_word' id='word_1_411' title='bbox 204 4453 315 4518; x_wconf 90' lang='lat' dir='ltr'><strong>domni</strong></span> <span class='ocrx_word' id='word_1_412' title='bbox 334 4452 465 4518; x_wconf 89' lang='lat' dir='ltr'><strong>Ottonis</strong></span> <span class='ocrx_word' id='word_1_413' title='bbox 481 4471 528 4534; x_wconf 81' lang='grc'><strong>111,</strong></span> <span class='ocrx_word' id='word_1_414' title='bbox 551 4455 629 4516; x_wconf 90' lang='grc'><strong>11616</strong></span> <span class='ocrx_word' id='word_1_415' title='bbox 649 4452 779 4519; x_wconf 90' lang='grc'><strong>0116616</strong></span> <span class='ocrx_word' id='word_1_416' title='bbox 796 4471 834 4536; x_wconf 79' lang='lat' dir='ltr'><strong>v3</strong></span> <span class='ocrx_word' id='word_1_417' title='bbox 857 4464 967 4519; x_wconf 86' lang='lat' dir='ltr'><strong>actum</strong></span> <span class='ocrx_word' id='word_1_418' title='bbox 983 4457 1070 4520; x_wconf 87' lang='lat' dir='ltr'><strong>iusta</strong></span> <span class='ocrx_word' id='word_1_419' title='bbox 1084 4454 1257 4520; x_wconf 87' lang='lat' dir='ltr'><strong>basilicam</strong></span> <span class='ocrx_word' id='word_1_420' title='bbox 1274 4456 1377 4519; x_wconf 83' lang='lat' dir='ltr'><strong>sancti</strong></span> <span class='ocrx_word' id='word_1_421' title='bbox 1394 4451 1585 4517; x_wconf 78' lang='lat' dir='ltr'><strong>Marcellis‘¹</strong></span> <span class='ocrx_word' id='word_1_422' title='bbox 1608 4452 1712 4538; x_wconf 92' lang='lat' dir='ltr'><strong>plebis</strong></span> <span class='ocrx_word' id='word_1_423' title='bbox 1737 4461 1848 4537; x_wconf 74' lang='lat' dir='ltr'><strong>sancto</strong></span> 
     </span>
     <span class='ocr_line' id='line_1_39' title="bbox 203 4556 519 4641; baseline -0.013 -17"><span class='ocrx_word' id='word_1_424' title='bbox 203 4559 349 4641; x_wconf 74' lang='lat' dir='ltr'><strong>Romane</strong></span> <span class='ocrx_word' id='word_1_425' title='bbox 373 4556 519 4640; x_wconf 69' lang='lat' dir='ltr'><strong>ecclesie.</strong></span> 
     </span>
    </p>
   </div>
   <div class='ocr_carea' id='block_1_7' title="bbox 152 4759 1849 5173">
    <p class='ocr_par' dir='ltr' id='par_1_8' title="bbox 290 4759 1848 4830">
     <span class='ocr_line' id='line_1_40' title="bbox 290 4759 1848 4830; baseline -0.001 -15"><span class='ocrx_word' id='word_1_426' title='bbox 290 4762 347 4815; x_wconf 83' lang='lat' dir='ltr'><strong>titt.</strong></span> <span class='ocrx_word' id='word_1_427' title='bbox 376 4759 486 4830; x_wconf 78' lang='lat' dir='ltr'><strong>[Siclsel]</strong></span> <span class='ocrx_word' id='word_1_428' title='bbox 590 4762 715 4825; x_wconf 72' lang='grc'><strong>6)(116611</strong></span> <span class='ocrx_word' id='word_1_429' title='bbox 732 4761 982 4827; x_wconf 62' lang='lat' dir='ltr'><strong>macarianae</strong></span> <span class='ocrx_word' id='word_1_430' title='bbox 1000 4780 1018 4812; x_wconf 93' lang='lat' dir='ltr'><strong>u</strong></span> <span class='ocrx_word' id='word_1_431' title='bbox 1036 4780 1100 4813; x_wconf 70' lang='grc'><strong>6616.</strong></span> <span class='ocrx_word' id='word_1_432' title='bbox 1120 4779 1168 4814; x_wconf 82' lang='lat' dir='ltr'><strong>aas</strong></span> <span class='ocrx_word' id='word_1_433' title='bbox 1185 4770 1336 4830; x_wconf 87' lang='lat' dir='ltr'><strong>noncupato</strong></span> <span class='ocrx_word' id='word_1_434' title='bbox 1442 4765 1469 4824; x_wconf 85' lang='lat' dir='ltr'><strong>b)</strong></span> <span class='ocrx_word' id='word_1_435' title='bbox 1488 4779 1554 4813; x_wconf 73' lang='lat' dir='ltr'><strong>corr.</strong></span> <span class='ocrx_word' id='word_1_436' title='bbox 1573 4779 1620 4814; x_wconf 79' lang='grc'><strong>666</strong></span> <span class='ocrx_word' id='word_1_437' title='bbox 1638 4763 1848 4827; x_wconf 80' lang='lat' dir='ltr'><strong>Samseenorum,</strong></span> 
     </span>
    </p>

    <p class='ocr_par' dir='ltr' id='par_1_9' title="bbox 152 4830 1849 4968">
     <span class='ocr_line' id='line_1_41' title="bbox 152 4830 1848 4900; baseline 0.002 -21"><span class='ocrx_word' id='word_1_438' title='bbox 152 4834 185 4880; x_wconf 71' lang='lat'><strong>40</strong></span> <span class='ocrx_word' id='word_1_439' title='bbox 374 4831 526 4882; x_wconf 75' lang='lat' dir='ltr'><strong>indecorius</strong></span> <span class='ocrx_word' id='word_1_440' title='bbox 544 4834 629 4882; x_wconf 78' lang='grc'><strong>6166116</strong></span> <span class='ocrx_word' id='word_1_441' title='bbox 653 4848 665 4880; x_wconf 89' lang='grc'><strong>1</strong></span> <span class='ocrx_word' id='word_1_442' title='bbox 687 4833 734 4880; x_wconf 78' lang='lat' dir='ltr'><strong>mit</strong></span> <span class='ocrx_word' id='word_1_443' title='bbox 755 4831 958 4898; x_wconf 74' lang='lat' dir='ltr'><strong>l&#39;ilpaaprpaalct</strong></span> <span class='ocrx_word' id='word_1_444' title='bbox 976 4833 1097 4884; x_wconf 73' lang='grc'><strong>6616611611</strong></span> <span class='ocrx_word' id='word_1_445' title='bbox 1114 4835 1147 4883; x_wconf 76' lang='lat' dir='ltr'><strong>tat</strong></span> <span class='ocrx_word' id='word_1_446' title='bbox 1251 4833 1276 4900; x_wconf 85' lang='grc'><strong>6)</strong></span> <span class='ocrx_word' id='word_1_447' title='bbox 1293 4833 1421 4897; x_wconf 87' lang='lat' dir='ltr'><strong>spitualis,</strong></span> <span class='ocrx_word' id='word_1_448' title='bbox 1441 4847 1506 4895; x_wconf 86' lang='lat' dir='ltr'><strong>oms,</strong></span> <span class='ocrx_word' id='word_1_449' title='bbox 1525 4848 1579 4898; x_wconf 69' lang='lat' dir='ltr'><strong>nra,</strong></span> <span class='ocrx_word' id='word_1_450' title='bbox 1602 4835 1645 4898; x_wconf 88' lang='lat' dir='ltr'><strong>epi</strong></span> <span class='ocrx_word' id='word_1_451' title='bbox 1668 4831 1732 4882; x_wconf 85' lang='grc'><strong>61166</strong></span> <span class='ocrx_word' id='word_1_452' title='bbox 1750 4830 1848 4882; x_wconf 57' lang='lat' dir='ltr'><strong>Ainis</strong></span> 
     </span>
     <span class='ocr_line' id='line_1_42' title="bbox 373 4900 1849 4968; baseline 0.001 -18"><span class='ocrx_word' id='word_1_453' title='bbox 373 4900 552 4966; x_wconf 66' lang='lat' dir='ltr'><strong>asymeter</strong></span> <span class='ocrx_word' id='word_1_454' title='bbox 649 4901 676 4962; x_wconf 91' lang='lat' dir='ltr'><strong>d)</strong></span> <span class='ocrx_word' id='word_1_455' title='bbox 694 4917 771 4952; x_wconf 76' lang='lat' dir='ltr'><strong>aanor</strong></span> <span class='ocrx_word' id='word_1_456' title='bbox 789 4901 949 4953; x_wconf 69' lang='lat' dir='ltr'><strong>ansredii-tes</strong></span> <span class='ocrx_word' id='word_1_457' title='bbox 967 4919 997 4952; x_wconf 90' lang='lat' dir='ltr'><strong>ec</strong></span> <span class='ocrx_word' id='word_1_458' title='bbox 1094 4901 1118 4968; x_wconf 90' lang='lat' dir='ltr'><strong>e)</strong></span> <span class='ocrx_word' id='word_1_459' title='bbox 1134 4901 1217 4952; x_wconf 78' lang='lat' dir='ltr'><strong>durch</strong></span> <span class='ocrx_word' id='word_1_460' title='bbox 1234 4901 1483 4966; x_wconf 73' lang='lat' dir='ltr'><strong>itherqamltriebenaa</strong></span> <span class='ocrx_word' id='word_1_461' title='bbox 1500 4918 1519 4951; x_wconf 92' lang='lat' dir='ltr'><strong>u</strong></span> <span class='ocrx_word' id='word_1_462' title='bbox 1537 4917 1602 4951; x_wconf 74' lang='grc'><strong>6616.</strong></span> <span class='ocrx_word' id='word_1_463' title='bbox 1622 4917 1669 4950; x_wconf 78' lang='lat' dir='ltr'><strong>aas</strong></span> <span class='ocrx_word' id='word_1_464' title='bbox 1687 4903 1849 4951; x_wconf 87' lang='lat' dir='ltr'><strong>monimenta</strong></span> 
     </span>
    </p>

    <p class='ocr_par' dir='ltr' id='par_1_10' title="bbox 373 4969 1848 5037">
     <span class='ocr_line' id='line_1_43' title="bbox 373 4969 1848 5037; baseline 0.001 -18"><span class='ocrx_word' id='word_1_465' title='bbox 373 4970 544 5035; x_wconf 63' lang='grc'><strong>1166161666</strong></span> <span class='ocrx_word' id='word_1_466' title='bbox 566 4971 737 5022; x_wconf 86' lang='lat' dir='ltr'><strong>habitationis</strong></span> <span class='ocrx_word' id='word_1_467' title='bbox 840 4974 869 5037; x_wconf 78' lang='lat' dir='ltr'><strong>g)</strong></span> <span class='ocrx_word' id='word_1_468' title='bbox 890 4988 903 5020; x_wconf 90' lang='lat' dir='ltr'><strong>c</strong></span> <span class='ocrx_word' id='word_1_469' title='bbox 926 4987 992 5022; x_wconf 84' lang='lat' dir='ltr'><strong>corr.</strong></span> <span class='ocrx_word' id='word_1_470' title='bbox 1011 4987 1057 5020; x_wconf 83' lang='lat' dir='ltr'><strong>aas</strong></span> <span class='ocrx_word' id='word_1_471' title='bbox 1082 4979 1092 5021; x_wconf 94' lang='grc'><strong>1</strong></span> <span class='ocrx_word' id='word_1_472' title='bbox 1196 4972 1223 5032; x_wconf 85' lang='lat' dir='ltr'><strong>h)</strong></span> <span class='ocrx_word' id='word_1_473' title='bbox 1242 4979 1253 5020; x_wconf 91' lang='lat' dir='ltr'><strong>t</strong></span> <span class='ocrx_word' id='word_1_474' title='bbox 1275 4987 1408 5022; x_wconf 68' lang='grc'><strong>66611666</strong></span> <span class='ocrx_word' id='word_1_475' title='bbox 1432 4971 1448 5019; x_wconf 90' lang='lat' dir='ltr'><strong>d</strong></span> <span class='ocrx_word' id='word_1_476' title='bbox 1551 4973 1572 5034; x_wconf 92' lang='grc'><strong>1)</strong></span> <span class='ocrx_word' id='word_1_477' title='bbox 1590 4985 1656 5021; x_wconf 80' lang='lat' dir='ltr'><strong>corr.</strong></span> <span class='ocrx_word' id='word_1_478' title='bbox 1673 4986 1721 5020; x_wconf 80' lang='lat' dir='ltr'><strong>aas</strong></span> <span class='ocrx_word' id='word_1_479' title='bbox 1744 4969 1848 5020; x_wconf 87' lang='lat' dir='ltr'><strong>audead</strong></span> 
     </span>
    </p>

    <p class='ocr_par' dir='ltr' id='par_1_11' title="bbox 375 5037 1849 5106">
     <span class='ocr_line' id='line_1_44' title="bbox 375 5037 1849 5106; baseline 0.001 -19"><span class='ocrx_word' id='word_1_480' title='bbox 375 5039 403 5105; x_wconf 85' lang='lat' dir='ltr'><strong>ir)</strong></span> <span class='ocrx_word' id='word_1_481' title='bbox 419 5055 496 5089; x_wconf 77' lang='lat' dir='ltr'><strong>aanor</strong></span> <span class='ocrx_word' id='word_1_482' title='bbox 519 5039 601 5091; x_wconf 82' lang='lat' dir='ltr'><strong>durch</strong></span> <span class='ocrx_word' id='word_1_483' title='bbox 627 5039 833 5105; x_wconf 73' lang='lat' dir='ltr'><strong>Tilpaaqcpualct</strong></span> <span class='ocrx_word' id='word_1_484' title='bbox 855 5039 965 5106; x_wconf 73' lang='lat' dir='ltr'><strong>aayiltip</strong></span> <span class='ocrx_word' id='word_1_485' title='bbox 987 5039 1111 5090; x_wconf 69' lang='lat' dir='ltr'><strong>attacta</strong></span> <span class='ocrx_word' id='word_1_486' title='bbox 1134 5057 1150 5090; x_wconf 88' lang='lat' dir='ltr'><strong>a</strong></span> <span class='ocrx_word' id='word_1_487' title='bbox 1254 5041 1272 5104; x_wconf 91' lang='grc'><strong>1)</strong></span> <span class='ocrx_word' id='word_1_488' title='bbox 1291 5039 1374 5090; x_wconf 75' lang='lat' dir='ltr'><strong>durch</strong></span> <span class='ocrx_word' id='word_1_489' title='bbox 1399 5037 1582 5103; x_wconf 74' lang='lat' dir='ltr'><strong>Nacltrupuap</strong></span> <span class='ocrx_word' id='word_1_490' title='bbox 1605 5054 1655 5089; x_wconf 84' lang='grc'><strong>666</strong></span> <span class='ocrx_word' id='word_1_491' title='bbox 1677 5039 1694 5088; x_wconf 90' lang='grc'><strong>11</strong></span> <span class='ocrx_word' id='word_1_492' title='bbox 1717 5054 1783 5088; x_wconf 81' lang='lat' dir='ltr'><strong>corr.</strong></span> <span class='ocrx_word' id='word_1_493' title='bbox 1801 5055 1849 5088; x_wconf 79' lang='lat' dir='ltr'><strong>aaa</strong></span> 
     </span>
    </p>

    <p class='ocr_par' dir='ltr' id='par_1_12' title="bbox 376 5106 1849 5173">
     <span class='ocr_line' id='line_1_45' title="bbox 376 5106 1849 5173; baseline 0.001 -17"><span class='ocrx_word' id='word_1_494' title='bbox 376 5113 509 5171; x_wconf 81' lang='lat' dir='ltr'><strong>protracte</strong></span> <span class='ocrx_word' id='word_1_495' title='bbox 610 5111 647 5170; x_wconf 91' lang='lat' dir='ltr'><strong>m)</strong></span> <span class='ocrx_word' id='word_1_496' title='bbox 665 5125 742 5160; x_wconf 74' lang='grc'><strong>611661·</strong></span> <span class='ocrx_word' id='word_1_497' title='bbox 759 5109 848 5161; x_wconf 71' lang='lat' dir='ltr'><strong>amur</strong></span> <span class='ocrx_word' id='word_1_498' title='bbox 949 5113 976 5170; x_wconf 91' lang='grc'><strong>6)</strong></span> <span class='ocrx_word' id='word_1_499' title='bbox 996 5125 1063 5158; x_wconf 85' lang='lat' dir='ltr'><strong>cerr.</strong></span> <span class='ocrx_word' id='word_1_500' title='bbox 1082 5126 1128 5161; x_wconf 75' lang='grc'><strong>666</strong></span> <span class='ocrx_word' id='word_1_501' title='bbox 1146 5109 1212 5172; x_wconf 84' lang='grc'><strong>61611,</strong></span> <span class='ocrx_word' id='word_1_502' title='bbox 1232 5109 1317 5159; x_wconf 73' lang='lat' dir='ltr'><strong>iridem</strong></span> <span class='ocrx_word' id='word_1_503' title='bbox 1336 5125 1349 5157; x_wconf 88' lang='lat' dir='ltr'><strong>c</strong></span> <span class='ocrx_word' id='word_1_504' title='bbox 1367 5108 1429 5158; x_wconf 77' lang='grc'><strong>11161·</strong></span> <span class='ocrx_word' id='word_1_505' title='bbox 1446 5107 1492 5158; x_wconf 78' lang='lat' dir='ltr'><strong>cicc</strong></span> <span class='ocrx_word' id='word_1_506' title='bbox 1505 5107 1573 5158; x_wconf 75' lang='lat' dir='ltr'><strong>Zeila</strong></span> <span class='ocrx_word' id='word_1_507' title='bbox 1590 5106 1777 5173; x_wconf 77' lang='lat' dir='ltr'><strong>aacbqetraqea</strong></span> <span class='ocrx_word' id='word_1_508' title='bbox 1794 5107 1849 5157; x_wconf 83' lang='lat' dir='ltr'><strong>aad</strong></span> 
     </span>
    </p>
   </div>
   <div class='ocr_carea' id='block_1_8' title="bbox 292 5193 1561 5260">
    <p class='ocr_par' dir='ltr' id='par_1_13' title="bbox 292 5193 1561 5260">
     <span class='ocr_line' id='line_1_46' title="bbox 292 5193 1561 5260; baseline 0 -18"><span class='ocrx_word' id='word_1_509' title='bbox 292 5239 293 5242; x_wconf 76' lang='grc'>,</span> <span class='ocrx_word' id='word_1_510' title='bbox 376 5193 438 5241; x_wconf 84' lang='lat' dir='ltr'><strong>dia</strong></span> <span class='ocrx_word' id='word_1_511' title='bbox 456 5202 466 5242; x_wconf 89' lang='lat' dir='ltr'><strong>t</strong></span> <span class='ocrx_word' id='word_1_512' title='bbox 483 5193 638 5244; x_wconf 67' lang='lat' dir='ltr'><strong>cccccccccc</strong></span> <span class='ocrx_word' id='word_1_513' title='bbox 655 5193 743 5244; x_wconf 73' lang='lat' dir='ltr'><strong>wiardo</strong></span> <span class='ocrx_word' id='word_1_514' title='bbox 847 5195 873 5258; x_wconf 90' lang='lat' dir='ltr'><strong>o)</strong></span> <span class='ocrx_word' id='word_1_515' title='bbox 890 5193 913 5244; x_wconf 76' lang='lat' dir='ltr'><strong><em>A</em></strong></span> <span class='ocrx_word' id='word_1_516' title='bbox 930 5199 991 5244; x_wconf 81' lang='grc'><strong>61611</strong></span> <span class='ocrx_word' id='word_1_517' title='bbox 1010 5195 1164 5245; x_wconf 88' lang='lat' dir='ltr'><strong>observetur</strong></span> <span class='ocrx_word' id='word_1_518' title='bbox 1267 5194 1294 5260; x_wconf 91' lang='lat' dir='ltr'><strong>p)</strong></span> <span class='ocrx_word' id='word_1_519' title='bbox 1313 5193 1382 5246; x_wconf 87' lang='lat' dir='ltr'><strong><em>th</em></strong></span> <span class='ocrx_word' id='word_1_520' title='bbox 1485 5193 1512 5258; x_wconf 78' lang='lat' dir='ltr'><strong>q)</strong></span> <span class='ocrx_word' id='word_1_521' title='bbox 1531 5193 1561 5243; x_wconf 82' lang='grc'><strong>11.</strong></span> 
     </span>
    </p>
   </div>
   <div class='ocr_carea' id='block_1_9' title="bbox 0 0 2278 6420">
    <p class='ocr_par' dir='ltr' id='par_1_14' title="bbox 0 0 2278 6420">
     <span class='ocr_line' id='line_1_47' title="bbox 0 0 2278 6420; baseline 0 3"><span class='ocrx_word' id='word_1_522' title='bbox 0 0 2278 6420; x_wconf 95' lang='lat' dir='ltr'><strong> </strong></span> 
     </span>
    </p>
   </div>
  </div>
 </body>
</html>
