4508 6428
402 423 466 488 426
698 477 699 482 κ
999 432 1452 492 KAISERURKUNDEN.

404 614 535 677 nomine
567 611 731 698 quoddam
761 612 931 698 praedium
961 611 1000 676 de
1029 621 1141 678 nostro
1170 612 1251 678 fisco
1277 615 1311 676 in
1333 614 1502 699 proprium
1524 611 1735 696 donavimus,
1769 615 1803 680 in
1824 614 1902 679 villa
1926 613 2060 680 scilicet

404 715 589 800 Drogobuli
618 737 701 800 quae
732 713 842 779 Salam
871 725 903 780 et
930 714 1082 800 Fon[am]
1117 716 1235 782 fluvios
1269 715 1455 798 interiacet,
1489 716 1522 778 in
1553 715 1711 782 comitatu
1741 715 1887 781 eiusdem
1921 717 2058 782 comitis

404 819 583 885 Thietmari
611 841 687 884 cum
718 818 868 884 omnibus
897 819 1094 905 appenditiis
1124 829 1156 885 et
1183 820 1391 902 utilitatibus,
1427 828 1492 883 tam
1520 820 1553 884 in
1576 818 1733 884 aedificiis
1757 842 1855 905 quam
1878 820 2058 905 mancipiis

404 925 497 987 terris
520 921 615 988 cultis
638 931 671 986 et
695 921 827 988 incultis
856 924 958 1007 pratis
986 924 1119 1008 pascuis
1148 926 1242 1009 aquis
1270 945 1471 1010 aquarumve
1500 921 1691 987 decursibus
1718 921 1914 988 molendinis
1943 926 2056 1008 pisca-

403 1026 547 1091 tionibus
569 1027 631 1090 viis
654 1035 685 1090 et
707 1026 804 1090 inviis
827 1025 968 1090 exitibus
996 1035 1028 1090 et
1054 1025 1212 1091 reditibus
1241 1029 1376 1112 quesitis
1404 1036 1437 1092 et
1465 1026 1665 1112 inquirendis
1694 1025 1908 1112 omnibusque
1942 1029 2097 1092 cuius-5

403 1150 542 1215 cumque
565 1128 654 1194 modi
678 1128 872 1194 utilitatibus
895 1150 979 1213 quae
1008 1131 1111 1194 nostri
1140 1131 1219 1194 iuris
1247 1151 1319 1193 esse
1342 1129 1552 1211 videbantur,
1588 1137 1623 1193 ut
1651 1131 1917 1215 praenominatus
1946 1129 2059 1195 fidelis

403 1242 514 1297 noster
531 1231 751 1298 Thiemarus‘1
774 1241 884 1297 teneat
902 1243 934 1297 et
952 1233 1119 1318 possideat
1141 1243 1174 1298 et
1195 1233 1331 1298 liberam
1353 1232 1474 1298 babeat
1496 1242 1693 1319 potestatem
1716 1234 1750 1298 id
1772 1237 1880 1320 ipsum
1902 1233 2059 1321 predium

343 1333 345 1338 ’
404 1334 547 1408 donandi
571 1335 733 1402 vendendi
762 1337 985 1402 commutandi
1007 1336 1059 1402 vel
1090 1337 1245 1424 quiequid
1273 1337 1334 1402 sibi
1362 1337 1492 1403 libuerit
1520 1337 1640 1402 exinde
1667 1338 1820 1402 faciendi.
1865 1339 1910 1404 Et
1932 1347 1969 1404 ut
1992 1338 2061 1402 hoc

403 1439 642 1505 munificentiae
664 1449 797 1506 nostrae
821 1440 943 1506 donum
958 1440 1011 1505 vel
1026 1441 1230 1506 auctoritatis
1246 1450 1378 1507 nostrae
1399 1450 1611 1527 praeceptum
1634 1442 1765 1508 firmum
1787 1451 1819 1506 et
1842 1441 1958 1506 stabile
1983 1463 2059 1527 per

404 1551 544 1625 maneat,
568 1552 695 1608 cartam
716 1542 801 1608 hanc
825 1542 988 1607 conscribi
1011 1552 1044 1606 et
1066 1543 1155 1608 anuli
1178 1545 1280 1608 nostri
1304 1541 1544 1630 impressioned
1567 1546 1689 1628 signari
1712 1546 1875 1628 iussimus,
1899 1566 2001 1630 quam
2025 1553 2062 1616 et
2082 1561 2117 1608 10

405 1666 503 1709 manu
525 1648 659 1730 propria
682 1646 796 1711 subtus
819 1646 1030 1711 firmavimus.

504 1778 518 1863 ἒ
540 1781 676 1866 Signum
701 1782 811 1848 domni
836 1781 968 1848 Ottonis
990 1783 1054 1863 (M.)
1078 1785 1187 1868 magni
1211 1793 1243 1848 et
1265 1786 1469 1850 invictissimi
1493 1786 1699 1871 imperatoris
1722 1787 1862 1870 augusti.
1885 1783 1899 1867 ξ

506 1881 521 1963 ’a‘
542 1886 716 1952 Liudolfus
728 1887 943 1952 cancellarius
956 1886 1105 1952 advicem
1117 1886 1317 1952 Uuillibelmi
1334 1887 1609 1974 archicappellani
1625 1891 1810 1974 recognovi.
1826 1888 1840 1971 ξ
1855 1892 1911 1970 (SI.
1921 1892 1963 1971 5.)
1975 1891 2064 1972 (SR.)

507 2023 597 2089 Data
615 2043 665 2090 111.
684 2025 751 2090 kal.
776 2025 957 2090 decembris
981 2048 1066 2091 anno
1091 2027 1274 2092 dominicae
1295 2028 1532 2093 incarnationis
1555 2044 1748 2110 nccccnxv,
1771 2028 1949 2093 indictione
1966 2046 2061 2112 vnn,

405 2147 491 2192 anno
514 2129 605 2211 regni
628 2128 738 2194 domni
762 2128 893 2194 Ottonis
917 2111 1020 2214 xxxi,
1043 2131 1168 2216 imperii
1192 2153 1270 2197 vero
1293 2149 1366 2215 11113
1398 2143 1507 2198 actum
1529 2131 1759 2214 Uualehuson3
1789 2133 1822 2196 in
1846 2131 1897 2196 dei
1921 2133 2062 2196 nomine
2084 2146 2116 2193 15

404 2230 544 2297 feliciter
568 2255 674 2298 amen.

1188 2476 1275 2551 312.

414 2629 495 2706 Otto
522 2629 669 2704 verleilit
694 2630 764 2704 den
786 2631 961 2705 Bm‘c'derm
987 2630 1053 2706 der
1074 2632 1312 2707 Morizkirclte
1332 2661 1378 2707 zu
1400 2633 1626 2733 Mapdeburp
1653 2632 1719 2708 dus
1741 2633 1952 2709 Mitmreclu
1978 2633 2064 2708 und

406 2751 476 2823 dem
502 2751 695 2826 Murktzoll
720 2753 761 2825 iu
787 2751 948 2828 Gittelde.
1526 2774 1669 2848 Bmmqm
1690 2777 1753 2835 965
1775 2775 1936 2835 December
1959 2781 2015 2838 22.

508 2963 601 3022 Liber
617 2963 696 3036 peto.
721 2980 743 3022 s.
760 2963 909 3021 Maur-icti
930 2979 987 3021 aus
1010 2962 1075 3022 dem
1097 2963 1183 3023 Eride
1206 2964 1257 3023 des
1279 2967 1330 3024 11.
1348 2963 1401 3024 Jb.
1425 2963 1450 3036 f.
1468 2966 1511 3025 25
1534 2965 1576 3022 tm
1598 2964 1626 3022 lc.
1644 2963 1846 3024 Stuatsarcbiv
1866 2984 1907 3024 ea
1930 2967 2062 3040 Mapde-
2081 2983 2118 3030 so

509 3067 583 3138 oum
606 3063 667 3146 (G).
689 3099 731 3110 -
755 3065 974 3139 nosocomum
996 3064 1175 3140 Copialbmch
1197 3067 1248 3126 des
1271 3069 1321 3127 15.
1339 3065 1391 3126 st.
1415 3065 1440 3138 f.
1463 3056 1516 3128 24'
1540 3068 1650 3127 ebersda
1675 3065 1740 3146 (D).

509 3205 694 3278 amittamus
709 3204 781 3264 Ant.
798 3204 993 3278 illaydcburq.
1011 3204 1055 3264 ed.
1076 3211 1100 3275 1,
1117 3207 1159 3264 48
1182 3227 1222 3257 --
1247 3205 1379 3264 Behrems
1394 3206 1474 3264 Hist.
1492 3206 1612 3265 Beselir.
1629 3207 1679 3265 des
1694 3207 1813 3266 Hauses
1834 3225 1890 3266 vom
1905 3207 2064 3282 siemera

507 3306 680 3387 (Hammooer
694 3307 758 3367 aad
775 3305 1105 3386 Wolfenbctttel1697),
1123 3308 1199 3367 Beil.
1215 3311 1267 3378 10,
1287 3332 1324 3361 =
1342 3307 1526 3382 Supittarc'us
1538 3308 1609 3370 Ant.
1624 3309 1818 3383 Mayucocrq.
1836 3309 1880 3368 ed.
1898 3317 1940 3380 ΙΙ,
1957 3313 2002 3369 36
2022 3333 2061 3362 =

509 3412 613 3486 Isitmr'q
623 3413 691 3471 ΗΑ.
708 3406 773 3482 16⁶,
790 3416 809 3471 9
824 3417 858 3469 πθ
869 3415 921 3482 34,
939 3435 979 3463 =
995 3410 1159 3482 leuckfeld
1169 3410 1240 3471 Ant.
1253 3415 1442 3472 nummariae
1458 3415 1530 3483 158,
1548 3435 1588 3464 =
1604 3412 1786 3486 Sopittcrias
1801 3414 1835 3469 im
1848 3411 1964 3486 Boysem
1977 3410 2060 3484 Allo.

510 3514 656 3588 naccam
671 3520 701 3586 1,
718 3519 791 3575 104.
814 3549 856 3559 -
878 3515 1008 3574 Bolimer
1029 3516 1102 3588 Req.
1126 3517 1199 3575 309.
1223 3548 1265 3558 -
1288 3514 1417 3589 Stampf
1434 3517 1507 3589 Rcy.
1531 3520 1604 3576 391.
2081 3535 2116 3582 ss

498 3651 648 3740 ‚xVersasst
670 3652 735 3711 aad
753 3653 938 3726 ceramicum
960 3669 1016 3711 oon
1037 3652 1107 3712 ΕΗ.

611 3855 652 3919 In
674 3855 804 3918 nomine
827 3863 941 3937 sancte
963 3861 995 3918 et
1017 3852 1184 3938 individue
1207 3855 1370 3920 trinitatis.
1416 3854 1495 3921 Otto
1519 3855 1630 3922 divina
1652 3856 1783 3920 favente
1805 3855 1982 3920 clementia
2013 3859 2061 3921 in-

407 3967 539 4045 perator
562 3967 735 4048 pugnatus.
835 3957 972 4021 Noverit
995 3959 1136 4022 omnium
1165 3956 1309 4023 fidelium
1331 3968 1516 4024 nostrorum
1539 3967 1607 4024 tam
1629 3959 1827 4044 presentium
1850 3980 1949 4044 quam
1973 3959 2062 4024 futu-

408 4084 518 4127 rorum
547 4059 723 4142 industria,
759 4060 897 4144 qualiter
919 4082 979 4124 nos
1001 4062 1187 4125 interventu
1209 4059 1326 4147 dilecte
1349 4064 1498 4148 coniugis
1520 4072 1630 4147 nostre
1662 4060 1853 4127 Adalheidis
1888 4061 1930 4126 ob
1966 4084 2062 4148 spem

409 4164 518 4249 divine
547 4164 833 4246 remunerationis,
868 4185 927 4248 pro
951 4173 1039 4228 statu
1060 4165 1152 4246 regni
1175 4164 1226 4230 vel
1250 4167 1365 4251 inperii
1388 4169 1507 4250 nostri,
1541 4189 1600 4253 pro
1625 4168 1764 4230 sanitate
1792 4186 1922 4250 quoque
1943 4174 2062 4230 nostra
2081 4189 2115 4237 so

410 4266 583 4352 dilectique
606 4264 664 4330 filii
686 4267 787 4329 nostri
813 4263 943 4330 Ottonis
966 4266 1176 4354 predicteque
1199 4269 1369 4334 carissime
1397 4271 1545 4354 coniugis
1573 4279 1683 4354 nostre
1706 4267 1898 4332 Adalbeidis
1922 4268 1955 4331 in
1980 4267 2064 4333 villa

410 4370 541 4436 Getlide
563 4373 597 4435 in
620 4372 778 4435 comitatu
800 4369 902 4454 Lisgo
927 4371 979 4435 cui
1001 4371 1211 4436 Burchardus
1234 4395 1344 4438 comes
1368 4395 1498 4458 preesse
1521 4372 1664 4456 videtur,
1699 4371 1865 4458 publicam
1892 4381 2063 4436 monetam

411 4498 483 4541 esse
507 4474 715 4541 concedimus
739 4496 915 4559 omnesque
931 4497 973 4539 ex
989 4474 1103 4539 eadem
1125 4485 1256 4540 moneta
1278 4475 1401 4541 reditus
1419 4475 1471 4541 vel
1494 4476 1650 4542 utilitates
1674 4498 1805 4562 quoquo
1820 4473 1919 4540 modo
1943 4474 2062 4561 adqui-

408 4579 527 4644 rendas
550 4579 593 4643 ad
615 4577 790 4663 ecclesiam
813 4579 918 4642 sancti
937 4577 1086 4642 Mauricii
1109 4579 1168 4642 inl
1189 4578 1396 4663 Magdcburg
1418 4581 1471 4644 cui
1493 4579 1666 4645 Richarius
1688 4578 1794 4645 abbas
1815 4600 1948 4665 preesse
1971 4577 2062 4643 vide·

407 4693 474 4767 tur,
504 4683 663 4749 tradimus
691 4692 724 4746 et
751 4681 929 4765 donamus;
962 4680 1125 4746 teloneum
1148 4705 1225 4748 vero
1251 4684 1291 4748 de
1313 4694 1457 4749 mercato
1486 4684 1575 4770 quod
1603 4684 1649 4748 ibi
1677 4684 1747 4748 fieri
1776 4682 2002 4747 concessimus
2026 4684 2064 4746 in
2082 4705 2117 4753 35

410 4786 667 4874 quibuscumque
689 4784 785 4851 rebus
809 4784 1035 4871 accipiendum
1058 4783 1111 4848 vel
1133 4787 1353 4851 mercimoniis
1365 4784 1387 4869 b,
1423 4785 1581 4872 prelibatq
1609 4786 1746 4872 ecclesie
1777 4785 1883 4850 saneti
1905 4785 2063 4850 Mauricii

408 4892 563 4956 munifica
590 4890 741 4975 largitate
772 4891 935 4954 offerimus
963 4899 995 4953 et
1023 4889 1179 4975 quicquid
1208 4890 1284 4954 inde
1311 4889 1476 4954 fructuum
1503 4889 1555 4955 vel
1585 4891 1733 4956 utilitatis
1763 4889 1806 4954 ad
1835 4898 1986 4954 nostrum
2010 4891 2064 4954 ius

408 4996 570 5080 pertinere
592 5017 690 5081 posse
706 4993 890 5076 videbatur,
913 5002 1017 5058 totum
1040 5001 1072 5056 et
1095 5013 1137 5057 ex
1160 4995 1286 5077 integro
1310 4992 1414 5058 eidem
1437 4991 1574 5077 ecclesie
1590 4991 1642 5057 vel
1665 4990 1819 5057 fratribus
1842 4989 1904 5054 deo
1928 5002 2063 5058 sancto-

410 5121 472 5184 que
494 5098 654 5162 Mauricio
676 5096 912 5162 famulantibus
935 5094 1143 5180 Magdaburg
1165 5096 1396 5181 perpetualiter
1423 5094 1578 5160 utendum
1608 5095 1833 5176 concedimus,
1867 5101 1904 5157 ut
1926 5103 2065 5160 teneant

409 5211 442 5265 et
462 5202 654 5287 possideant
675 5209 708 5264 et
731 5201 797 5263 suis
820 5209 856 5263 ut
877 5198 1009 5265 libuerit
1037 5198 1149 5264 usibus
1177 5199 1368 5281 adiungant.
1413 5199 1457 5263 Et
1480 5207 1516 5264 ut
1537 5198 1600 5263 hoc
1622 5198 1827 5264 auctoritatis
1849 5205 1963 5280 nostre
1986 5220 2062 5283 pre-
2082 5219 2120 5267 so

409 5316 539 5392 ceptum
561 5306 691 5371 firmum
706 5312 739 5368 et
757 5302 873 5367 stabile
895 5312 1097 5388 permaneat,
1120 5313 1246 5367 cartam
1267 5302 1353 5367 hanc
1376 5302 1539 5367 conscribi
1561 5312 1594 5366 et
1615 5301 1704 5367 anuli
1726 5301 1828 5366 nosni
1850 5301 2064 5386 inpressione

409 5410 531 5493 signari
554 5409 718 5490 iussimus,
742 5427 841 5491 quam
862 5415 894 5470 et
916 5427 1017 5472 manu
1039 5406 1173 5490 propria
1195 5404 1310 5469 subtus
1331 5405 1542 5470 firmavimus.

495 5597 555 5652 ³11.
582 5599 600 5651 d

496 5701 555 5758 ³12.
582 5599 678 5774 [dolia]
766 5705 792 5769 a)
805 5701 875 5770 fehlt
891 5706 920 5758 im
937 5701 967 5758 D
1052 5697 1080 5770 b)
1100 5705 1143 5758 vel
1160 5713 1240 5760 merc.
1257 5701 1342 5774 accip.
1361 5696 1395 5760 11.
