4560 6426
873 414 1068 472 888888
1090 385 1212 472 1.'912.
1852 407 1870 469 7

318 603 384 662 282
398 607 433 657 80
448 599 524 678 622)
548 600 614 658 und
636 599 769 672 Ludwig
784 607 840 658 111.
859 616 924 658 8888
939 600 992 660 23.
1009 598 1079 660 Jult
1093 601 1157 658 880
1175 596 1410 677 (8888888988
1426 601 1455 669 9,
1473 601 1535 658 414
1551 603 1586 655 80
1601 596 1633 678 8)
1650 597 1698 658 als
1714 599 1871 658 88888888-
1949 655 1953 672 ,

319 705 391 763 burc
412 704 564 778 Verlupeu
587 703 670 783 (VU.
690 709 710 762 I
726 701 855 783 88011)
881 703 1013 763 8888888.
1045 703 1107 766 VU.
1127 710 1144 761 1
1164 702 1235 778 9888
1257 703 1291 760 iu
1315 701 1875 777 8888888889888888888818888

319 810 360 870 D.
379 808 513 883 Ludwig
529 815 585 867 111.
607 826 672 868 888
689 812 741 870 10.
757 809 849 881 April
864 811 928 868 878
952 805 1091 886 (Droulce
1106 808 1145 866 ib.
1161 809 1227 868 280
1243 813 1277 864 80
1292 804 1368 885 610)
1393 805 1673 886 8888888811).
1689 806 1823 884 Ludwig
1840 807 1869 868 d.

318 914 359 972 D.
379 932 445 973 888
461 916 491 975 5.
508 913 650 973 Februar
664 915 727 972 834
753 910 837 992 (ibid.
860 914 925 971 214
948 917 983 970 8ο
1005 909 1092 989 486).
1115 945 1157 954 -
1179 911 1272 971 Uebcr
1294 910 1343 970 die
1364 911 1566 970 8888088888
1581 914 1797 986 Erweiteruuq
1813 929 1872 971 888

320 1017 393 1076 DK.
416 1021 438 1076 6
460 1020 503 1076 ius
528 1017 601 1078 eoo.
624 1018 736 1078 Eteri.
760 1017 854 1077 Folo.
879 1019 908 1092 2,
933 1019 974 1076 95
997 1033 1022 1075 s,
1046 1016 1136 1077 Fouz
1158 1018 1193 1074 io
1216 1016 1440 1090 Forscbuu-qea
1464 1018 1515 1089 18,
1537 1018 1610 1076 499.

322 1151 380 1232 (C.)
403 1149 418 1234 ‚i
439 1153 479 1216 In
501 1155 631 1218 nomine
656 1163 814 1218 sanctaei
834 1163 867 1219 et
888 1153 1078 1218 individuae
1100 1154 1266 1218 trinitatis.
1302 1151 1496 1218 Ouonradus
1520 1152 1631 1218 divina
1654 1153 1785 1217 favente
1809 1153 1872 1220 cle·

214 1257 337 1320 mentia
360 1279 429 1320 rex·
518 1273 629 1322 Constat
650 1251 700 1322 nos
723 1273 814 1322 divina
837 1273 1007 1337 dispensante
1027 1274 1114 1338 gratia
1137 1275 1231 1322 ceteris
1254 1273 1410 1324 mortalibus
1434 1274 1645 1337 supereminere,
1674 1271 1745 1322 unde
1768 1279 1872 1337 opertet

215 1379 245 1424 ut
267 1375 343 1424 cuius
366 1375 552 1440 praecellimus
574 1393 691 1440 munere,
714 1379 772 1427 eius
795 1377 948 1428 studeamus
969 1359 983 1442 ᾗ
1004 1376 1089 1427 modis
1113 1377 1235 1434 omnibus
1257 1393 1349 1442 parere
1369 1377 1511 1427 uoluntati.¹
1540 1377 1708 1442 Quapropter
1727 1379 1873 1442 comperiat

215 1479 345 1530 industria
360 1486 440 1546 atque
456 1483 558 1532 utilitas
574 1484 692 1532 omnium
707 1481 825 1542 fidelium
840 1487 991 1532 nostrorum
1006 1483 1185 1546 praesentium
1205 1481 1308 1531 scilicet
1328 1487 1355 1531 ot
1375 1482 1549 1545 futurorum,¹
1563 1483 1627 1547 quia
1648 1482 1690 1531 vir
1711 1482 1872 1533 venerabilis

167 1583 199 1630 10
215 1585 324 1652 Huoggi
347 1587 417 1636 abba
440 1603 472 1637 ex
494 1589 654 1638 monasterie
677 1586 748 1665 quod
771 1588 868 1637 dicitur
889 1587 984 1650 Fulda,
1008 1585 1080 1652 quod
1103 1591 1143 1636 est
1164 1587 1244 1636 situm
1267 1587 1295 1635 in
1309 1601 1379 1652 pago
1395 1586 1517 1651 Grapfelt
1531 1589 1712 1636 constructum
1728 1587 1755 1636 iu
1770 1586 1871 1637 honore

215 1693 299 1741 sancti
315 1691 449 1742 Bonitacii
464 1694 587 1756 martyris
603 1692 714 1754 Christi,
738 1692 784 1741 ubi
800 1674 905 1741 iideml'
924 1692 1057 1758 gloriosus
1073 1695 1172 1756 martyr
1188 1707 1297 1756 corpore
1315 1692 1440 1757 quiescit,
1464 1691 1555 1742 adiens
1578 1691 1762 1742 excellentiam
1780 1691 1871 1741 culmi·

215 1798 257 1845 nis
272 1797 355 1846 nostri
371 1796 469 1846 obtulit
484 1798 561 1846 nobis
583 1796 716 1862 quandam
736 1797 921 1846 auctoritatem
941 1789 1160 1847 *⁰Hli1douuici
1183 1795 1294 1860 piissimi
1317 1796 1387 1861 regis
1409 1797 1437 1845 in
1460 1810 1514 1861 qua
1536 1797 1734 1858 continebatur,
1758 1795 1872 1862 qualiter

216 1901 284 1950 idem
308 1901 469 1951 clarissimus
490 1903 613 1967 princeps
634 1900 783 1966 praefatum
804 1901 993 1951 monasterium
1014 1917 1074 1951 cum
1090 1899 1226 1951 monachis
1242 1899 1340 1950 ibidem
1356 1900 1462 1951 domino
1478 1900 1655 1950 militantibus
1673 1905 1699 1950 et
1716 1917 1776 1951 cum
1792 1902 1872 1950 rebus

215 2005 259 2055 vel
281 2007 432 2056 hominibus
454 2006 488 2056 ad
511 2022 539 2056 se
561 2008 630 2057 iuste
653 2006 847 2072 pertinentibus
869 2007 912 2057 vel
935 2006 1126 2072 aspicientibus
1149 2005 1198 2056 sub
1222 2020 1272 2055 sua
1292 2005 1474 2055 constituisset
1495 2003 1648 2056 defensione
1664 2009 1691 2054 et
1705 1973 1872 2054 irimunitatis

165 2121 197 2169 15
216 2113 336 2161 tuitione.
370 2111 527 2162 Obsecravit
549 2127 662 2177 namque
685 2113 864 2176 praescriptus
885 2112 956 2162 abba
970 2117 1001 2161 ut
1016 2110 1137 2162 similiter
1152 2111 1239 2175 ipsum
1255 2111 1442 2160 monasterium
1459 2126 1519 2159 cum
1534 2109 1670 2159 monachis
1685 2109 1784 2159 ibidem
1808 2093 1869 2159 deo

214 2216 406 2266 famulantibus
422 2221 448 2266 et
463 2233 523 2266 cum
538 2217 618 2268 rebus
634 2221 661 2266 et
675 2216 827 2267 hominibus
843 2217 893 2267 sibi
909 2216 1031 2284 legaliter
1045 2216 1240 2281 pertinentibus
1256 2216 1305 2265 sub
1320 2220 1411 2265 nostra
1433 2216 1653 2266 constitueremus
1674 2213 1826 2264 defensione
1846 2220 1872 2264 et
1946 2245 1953 2262 ,

214 2305 354 2390 praefati
369 2307 456 2390 regis
472 2322 624 2371 auctoritati
642 2326 760 2372 nostram
781 2323 950 2387 iungeremus
972 2322 1170 2383 auctoritatem,
1194 2321 1271 2371 cuius
1293 2321 1461 2384 petitionem,
1484 2321 1548 2385 quia
1570 2320 1667 2370 iustam
1689 2321 1769 2369 immo
1792 2320 1871 2369 ratio·

214 2426 329 2476 nabilem
353 2443 410 2476 esse
432 2408 672 2478 iudicavimuses‘¹
692 2433 718 2477 et
733 2427 862 2478 beneficio
877 2427 949 2493 quod
967 2428 1114 2492 postulavit
1132 2441 1268 2476 assensum
1288 2426 1467 2490 praebuimus.
1495 2425 1533 2475 Et
1554 2424 1614 2476 ideo
1636 2424 1706 2474 hanc
1728 2425 1870 2474 auctorita·

213 2536 266 2580 tem
288 2536 396 2595 propter
419 2531 538 2581 divinum
561 2547 677 2582 amorem
700 2537 726 2582 et
747 2533 944 2583 venerationem
967 2532 1052 2596 ipsius
1075 2533 1160 2581 sancti
1182 2531 1234 2580 loci
1262 2529 1532 2595 tranquillitatemque
1554 2529 1666 2580 fratrum
1688 2529 1786 2578 ibidem
1809 2545 1871 2579 con·

128 2671 131 2680 .
163 2643 196 2690 20
215 2635 364 2684 sistentium
388 2636 459 2685 circa
479 2637 567 2700 ipsum
589 2637 778 2686 monasterium
800 2635 857 2686 fieri
881 2636 1046 2686 decrevimus
1067 2651 1115 2700 per
1137 2650 1217 2700 quam
1239 2635 1267 2683 in
1290 2633 1409 2683 futurum
1432 2634 1565 2683 sancimus
1585 2639 1665 2699 atque
1686 2634 1818 2696 iubemus,
1842 2640 1872 2684 ut

214 2739 304 2808 nullus
327 2740 407 2789 iudex
430 2740 555 2804 publicus
576 2745 623 2789 aut
637 2740 751 2805 quilibet
766 2757 798 2790 ex
813 2741 954 2790 iudiciaria
969 2744 1100 2804 potestate
1115 2740 1143 2788 in
1159 2739 1284 2788 ecclesias
1300 2737 1378 2786 villas
1393 2737 1454 2788 loca
1470 2738 1512 2787 vel
1527 2753 1605 2804 agros
1617 2733 1670 2786 ss⁰
1690 2740 1871 2803 possessiones

214 2859 281 2909 squas
303 2845 428 2894 moderno
452 2851 570 2909 tempore
592 2846 661 2894 iuste
685 2849 712 2893 et
733 2844 927 2894 rationabiliter
941 2844 1012 2893 infra
1027 2860 1136 2908 regnum
1159 2843 1286 2891 divinitus
1308 2841 1385 2891 nobis
1406 2857 1561 2892 concessum
1581 2842 1731 2906 praefatum
1753 2842 1871 2906 possidet

216 2949 404 2997 monasterium
418 2948 461 2997 vel
477 2963 546 3013 quae
563 2948 687 3013 deinceps
702 2949 731 2997 in
746 2948 788 2996 ius
806 2949 890 3012 ipsius
910 2947 963 2997 loci
984 2947 1100 2998 voluerit
1120 2947 1211 2996 divina
1233 2947 1318 3010 pietas
1341 2947 1440 3011 augeri,
1464 2946 1498 2996 ad
1521 2961 1615 2996 causas
1636 2945 1776 2995 iudiciario
1798 2963 1871 2996 more

216 3034 417 3121 aliquand0¹
438 3051 585 3102 audiendas
606 3052 649 3102 vel
672 3052 748 3103 freda
768 3051 954 3118 undecumque
975 3051 1105 3118 exigenda
1122 3056 1169 3100 aut
1190 3039 1340 3100 mansiones
1355 3051 1398 3101 vel
1418 3055 1525 3116 paratas
1546 3050 1683 3102 iaciendas
1701 3055 1748 3100 aut
1766 3049 1870 3101 fideius-

165 3161 198 3209 25
217 3170 289 3205 sores
305 3155 436 3206 tollendos
458 3161 506 3206 aut
522 3157 642 3207 homines
664 3158 749 3222 ipsius
771 3157 925 3207 monasterii
943 3161 998 3206 tam
1019 3157 1149 3222 ingenuos
1169 3170 1249 3220 quam
1269 3160 1296 3205 et
1317 3171 1407 3206 servos
1430 3171 1510 3221 super
1531 3161 1628 3205 terrum
1650 3155 1734 3219 ipsius
1757 3170 1870 3204 comma·

215 3263 308 3309 nentes
330 3260 525 3326 distringendos
547 3277 596 3311 nee
618 3259 687 3310 ullas
709 3261 881 3312 redibitiones
904 3266 952 3311 aut
972 3260 1089 3310 inlicitas
1111 3259 1265 3310 occasiones
1289 3259 1460 3324 requirendas
1489 3252 1608 3310 8888888κ
1635 3259 1785 3324 futurisque
1806 3263 1871 3310 tem·

215 3364 324 3428 poribus
345 3365 448 3432 ingredi
463 3365 562 3416 audeat
576 3366 620 3416 vel
637 3380 670 3416 ea
684 3381 752 3432 quae
767 3382 848 3431 supra
869 3373 1014 3417 memorata
1034 3371 1096 3416 sunt
1118 3366 1222 3431 exigere
1243 3369 1403 3430 praesumat,
1427 3363 1474 3413 sed
1488 3363 1568 3414 188888
1582 3357 1762 3414 memorato
1780 3364 1871 3414 abbati

214 3471 322 3535 suisque
345 3452 599 3522 888888888888811
626 3471 744 3521 eiusdem
767 3472 920 3521 monasterii
948 3488 1008 3521 cum
1027 3454 1057 3523 al
1080 3472 1131 3521 sibi
1159 3470 1286 3519 subiectis
1316 3468 1365 3518 sub
1395 3469 1561 3518 inmunitatis
1587 3473 1693 3518 nostrae
1718 3468 1871 3520 defensione
1958 3485 1959 3488 ’

213 3575 349 3640 possidere
365 3581 391 3624 et
406 3581 495 3626 nestro
512 3575 625 3626 fideliter
639 3592 732 3642 parere
747 3577 872 3641 imperim
896 3583 922 3627 et
944 3577 1071 3642 quicquid
1094 3576 1126 3626 de
1148 3574 1291 3640 praedietis
1314 3573 1394 3623 rebus
1414 3574 1457 3622 ius
1478 3571 1535 3622 tisci
1555 3573 1659 3638 exigere
1679 3579 1798 3651 poterat,
1821 3589 1870 3638 pro

163 3683 197 3730 30
215 3677 323 3730 aeterna
343 3683 554 3731 remuneratione
575 3682 695 3746 praefato
712 3683 871 3732 monasterio
888 3687 915 3731 et
932 3681 1069 3732 monachis
1092 3680 1278 3730 concessimus.
1311 3662 1536 3747 praecipimus
1560 3662 1657 3725 etiam
1680 3681 1711 3726 ut
1726 3677 1758 3728 de
1774 3661 1897 3730 villisk·

215 3787 359 3838 aecclesiae
388 3789 473 3837 sancti
500 3787 647 3850 Bonifacii,
676 3788 760 3837 servis
790 3789 870 3837 etiam
899 3793 925 3838 et
953 3786 1054 3837 colonis
1077 3786 1104 3834 in
1127 3785 1180 3834 illis
1203 3783 1371 3832 manentibus
1394 3797 1460 3848 quas
1483 3781 1608 3832 moderno
1632 3787 1749 3846 ternpore
1772 3783 1870 3834 habore

214 3891 320 3940 videtur
340 3892 384 3941 vel
404 3907 473 3958 quae
494 3891 619 3958 deinceps
640 3893 668 3942 in
688 3894 746 3942 iure
769 3893 853 3957 ipsius
877 3893 962 3941 sancti
982 3891 1040 3942 loci,
1058 3890 1149 3939 divina
1169 3889 1254 3953 pietas
1270 3887 1385 3937 voluerit
1407 3885 1577 3952 amplificare,
1599 3886 1697 3936 habeat
1719 3887 1871 3952 praedictus

214 3997 298 4046 abbas
326 4012 543 4062 successoresque
572 3998 630 4046 eius
657 4001 815 4062 potestatem
842 3996 958 4046 decimas
984 3993 1153 4060 accipiendas
1175 3999 1283 4058 propter
1305 3991 1427 4042 aedificia
1448 3991 1610 4057 perficienda
1632 3993 1675 4042 vel
1697 3994 1872 4044 restauranda

214 4101 407 4167 luminariaquo
423 4101 594 4152 ecclesiarum
613 4101 766 4152 renovanda
781 4107 807 4152 et
823 4107 852 4152 ut
867 4103 919 4152 sibi
940 4100 1117 4165 fidelibusque
1138 4099 1201 4161 suis,
1225 4098 1388 4163 pauperibus
1409 4113 1514 4162 quoque
1537 4103 1563 4147 et
1585 4098 1731 4164 peregrinis
1754 4103 1871 4164 tempore

163 4205 196 4253 35
216 4207 392 4272 susceptionis
408 4222 473 4256 usus
488 4207 651 4256 necessarios
666 4208 769 4271 possint
783 4208 919 4271 praebere,
942 4206 1088 4257 secundum
1111 4204 1138 4253 id
1160 4202 1232 4270 quod
1255 4208 1363 4252 sanctae
1383 4202 1492 4267 regulae
1510 4204 1677 4267 propositum
1699 4209 1779 4268 atque
1799 4219 1872 4254 man·

215 4311 306 4362 datum
321 4313 396 4362 iubet
410 4312 554 4362 monachos
570 4313 598 4360 in
612 4312 782 4376 susceptione
795 4311 930 4376 hospitum
945 4326 1145 4377 pauperumque
1161 4323 1264 4372 semper
1280 4323 1337 4357 csse
1351 4313 1467 4371 paratos.
1501 4307 1537 4355 Et
1558 4308 1581 4356 si
1603 4307 1709 4373 quando
1731 4310 1872 4360 vocatione

215 4417 306 4466 divina
321 4418 374 4466 iam
388 4417 460 4466 fatus
476 4417 547 4466 abba
567 4432 787 4482 successoresque
808 4417 866 4466 eius
887 4416 919 4466 de
941 4416 991 4466 hac
1012 4415 1073 4465 luce
1092 4414 1279 4480 nrigraverint,
1302 4411 1429 4477 quamdiu
1449 4412 1501 4476 ipsi
1522 4412 1645 4462 monachi
1665 4413 1735 4462 inter
1754 4428 1783 4463 se
1805 4413 1872 4463 tales

215 4523 328 4572 inveniri
350 4523 453 4587 possint
475 4524 520 4588 qui
543 4524 628 4588 ipsam
650 4523 882 4588 congregationem
905 4519 1050 4571 secundum
1073 4519 1192 4585 regulam
1215 4517 1252 4582 pii
1267 4515 1350 4580 patris
1369 4497 1404 4566 *¹
1426 4514 1564 4564 Benedicti
1581 4531 1671 4582 regere
1686 4515 1801 4580 valeant,
1824 4533 1872 4582 per

215 4627 283 4690 8888
304 4631 421 4676 nostram
444 4629 630 4678 auctoritatem
651 4642 810 4677 consensum
831 4631 857 4676 et
877 4625 1011 4676 licentiam
1034 4617 1178 4675 habeantm
1200 4621 1315 4687 eligendi
1338 4621 1456 4671 abbates.
1490 4621 1565 4671 Haec
1587 4639 1650 4672 vero
1673 4625 1820 4673 auctoritas
1841 4627 1871 4672 ut

163 4736 197 4785 40
214 4732 360 4797 pleniorem
380 4733 408 4781 in
432 4732 474 4782 dei
489 4733 595 4783 nomine
611 4733 729 4798 optineat
746 4731 910 4795 firmitatem,
933 4745 1013 4781 manu
1032 4731 1141 4796 propria
1161 4745 1219 4780 eam
1242 4720 1356 4776 subtern
1376 4725 1539 4776 firmavimus
1554 4731 1581 4776 ct
1596 4727 1676 4778 anulo
1692 4733 1783 4778 nostro
1800 4727 1872 4794 sigil-

215 4838 265 4889 lari
288 4838 421 4888 iussimus.

325 4944 339 5028 ξ
361 4943 497 5030 Signum
521 4944 632 5010 domni
656 4942 845 5009 Chuonradi
871 4945 961 5028 (MP.)
987 4945 1185 5010 serenissimi
1207 4948 1304 5032 regis.
1327 4946 1342 5032 ᾖ

323 5047 338 5130 i
361 5028 552 5116 tidalfridus
575 5049 721 5113 notarius
745 5049 790 5113 ad
810 5051 915 5114 vicem
933 5049 1092 5135 Piligrimi
1115 5050 1392 5137 archicappellani
1411 5053 1588 5138 recognovi
1607 5062 1640 5116 et
1661 5048 1675 5132 ξ
1698 5052 1769 5132 (SR.
1792 5055 1870 5135 NN.)

1744 5157 1802 5235 (sr.
1827 5159 1869 5240 e.)

164 5277 197 5326 48
335 5272 359 5326 b.
387 5272 481 5340 [Feltz]
569 5275 596 5336 a)
615 5289 677 5324 scae
694 5273 760 5324 8888
777 5273 1044 5338 Atetmnqmscim
1132 5277 1160 5338 b)
1179 5284 1260 5328 rueret
1278 5279 1391 5340 ibidem,
1409 5292 1460 5326 888
1476 5276 1535 5326 dem
1551 5293 1603 5326 nur
1622 5278 1637 5326 b
1655 5282 1716 5326 8888
1734 5279 1762 5328 bi
1782 5278 1872 5343 ycttlpt

561 5347 586 5406 c)
604 5351 674 5394 auct.
698 5345 890 5394 immunitatem
914 5345 1001 5394 fratris
1020 5347 1102 5395 nostri
1121 5346 1164 5396 lil.
1183 5347 1212 5395 in
1229 5347 1282 5398 VU.
1303 5354 1316 5394 1
1402 5347 1430 5406 d)
1449 5347 1561 5396 libenter
1584 5346 1816 5397 accomodavimus
1840 5365 1871 5397 zu

387 5415 511 5476 8888888
530 5411 598 5462 8888
616 5412 652 5464 D.
671 5410 785 5478 Ludwig
802 5422 844 5462 111.
934 5413 959 5478 e)
977 5430 1025 5463 scu
1044 5416 1159 5482 reliquas
1180 5432 1212 5464 88
1229 5421 1352 5480 88988888
1369 5415 1437 5466 8888
1455 5414 1491 5465 D.
1509 5414 1620 5480 Ludwig
1638 5423 1670 5464 11.
1758 5417 1779 5478 f)
1798 5434 1870 5468 more

388 5482 531 5547 aliquando
550 5481 705 5546 evasum,
722 5499 750 5532 eo
767 5483 830 5532 class
846 5482 896 5532 dae
912 5484 998 5532 88888
1015 5482 1085 5534 Wort
1102 5501 1152 5534 nur
1167 5487 1196 5534 iu
1208 5485 1288 5550 Folqe
1306 5488 1377 5537 8888
1397 5483 1532 5535 Cori-ectus·
1549 5485 1728 5550 stupescbcltet
1746 5485 1871 5537 88888888

388 5555 416 5616 g)
464 5567 496 5600 zu
514 5553 553 5602 nii
572 5552 635 5602 see
650 5551 699 5601 der
715 5551 785 5602 bile
805 5550 992 5617 noclqetraqen
1078 5553 1107 5619 h)
1126 5571 1167 5603 res
1190 5572 1220 5604 88
1241 5560 1366 5620 credam
1383 5570 1430 5602 aas
1448 5552 1503 5604 VU.
1521 5560 1535 5600 1
1628 5557 1648 5617 i)
1667 5571 1726 5604 cum
1749 5555 1871 5606 omnibus

388 5621 439 5670 sibi
458 5623 486 5669 tu
503 5620 558 5671 Vn.
577 5627 591 5667 1
676 5621 705 5687 k)
724 5627 754 5670 ut
771 5622 804 5671 de
822 5621 893 5670 villis
904 5648 939 5658 —
951 5629 1058 5688 paratos
1076 5639 1124 5672 888
1141 5623 1195 5674 VU.
1214 5632 1239 5672 11
1328 5625 1348 5687 1>
1366 5641 1390 5690 p.
1404 5624 1487 5672 nostri
1500 5624 1529 5670 iu
1546 5621 1600 5671 VU.
1620 5629 1633 5670 1
1719 5627 1756 5686 m)
1774 5641 1792 5674 n
1809 5624 1872 5674 uter

386 5689 434 5742 der
450 5689 520 5739 Zeila
537 5689 724 5754 nocbpetrepsn
811 5693 839 5753 n)
856 5689 924 5740 8888
942 5692 1033 5742 subter
1050 5693 1083 5742 ist
1102 5708 1160 5743 cam
1178 5693 1319 5754 8888888,
1338 5693 1387 5744 das
1404 5688 1601 5742 resciretur
1618 5691 1751 5742 8888888
1763 5709 1811 5742 aas
1822 5693 1871 5742 der

386 5757 441 5809 VU.
461 5765 475 5808 1
489 5759 683 5824 ausqctwmmm
700 5758 777 5810 tous.
