4554 6414
896 423 1021 480 ΟΤΤΟ
1044 425 1068 478 1.
1093 421 1164 478 942.
1791 417 1853 481 135

206 603 346 685 dustria,
376 603 514 688 qualiter
536 626 596 667 nos
620 626 678 688 per
700 605 916 669 interventum
938 604 1047 668 dilecti
1070 607 1197 669 comitis
1220 608 1322 669 nostri
1347 603 1490 668 Cdnradi
1513 606 1643 670 cuidam
1665 607 1850 670 venerando

206 708 360 791 episcopo
391 707 582 790 Richgouuo
611 717 799 792 nuncupato
829 707 869 770 de
895 708 1047 771 benefitio
1077 708 1220 773 eiusdem
1244 705 1387 772 Cumadi
1417 711 1544 772 comitis
1571 732 1703 774 mansos
1726 710 1852 793 regales

206 826 269 872 vm
298 812 386 872 circa
415 810 584 874 basilicam
614 833 676 895 que
698 809 937 874 Niuunchin'ka
957 821 1104 892 vocatur,
1128 822 1160 874 et
1182 813 1346 896 mancipia
1368 829 1417 874 xx
1440 814 1472 874 in
1501 834 1587 896 pago
1610 813 1791 896 Nalrgouue
1818 815 1851 876 in

203 912 327 976 forasto
350 922 462 977 nostro
486 911 632 996 Wasogo
656 915 823 976 nominato
848 915 880 975 11
904 915 1061 978 comitatu
1083 914 1220 999 predicti
1244 912 1386 978 cunradi
1410 917 1443 978 in
1465 917 1634 1000 proprium
1659 917 1851 981 donavimus

170 1029 278 1079 scum
308 1016 457 1080 omnibus
485 1015 563 1081 illuc
591 1015 739 1099 legaliter
772 1015 1024 1100 pertinentibuS,
1058 1038 1132 1080 cum
1160 1017 1328 1082 curtilibus
1357 1017 1438 1082 locis
1467 1018 1603 1082 edificiis
1634 1021 1720 1103 agris
1749 1021 1851 1103 pratis

203 1121 334 1202 pascuis
357 1118 447 1182 silvis
470 1122 564 1204 aquis
587 1141 810 1204 aquarumque
834 1118 1025 1183 decursibus
1047 1119 1240 1184 molendinis
1267 1122 1503 1207 piscationibus
1527 1124 1668 1188 exitibus
1691 1132 1722 1187 et
1744 1123 1852 1187 rediti-

202 1222 264 1285 bus
288 1224 421 1306 quesitis
445 1233 477 1286 et
499 1222 710 1307 inquirendis.
755 1222 913 1285 Iussimus
936 1245 1065 1307 quoque
1088 1222 1150 1286 hoc
1173 1235 1361 1309 preceptum
1388 1225 1464 1289 inde
1487 1227 1649 1290 conscribi
1678 1249 1736 1311 per
1764 1227 1853 1312 quod

203 1325 352 1391 volumus
381 1327 577 1413 firmiterque
606 1325 771 1408 iubemus,
806 1327 958 1412 quatinus
984 1327 1149 1412 predictus
1173 1331 1346 1412 episcopus
1369 1339 1480 1392 noster
1501 1329 1692 1413 Richgouuo
1716 1330 1756 1394 de
1778 1333 1852 1414 ipsa

204 1433 402 1515 proprietate
424 1431 560 1495 liberam
583 1439 680 1514 atque
703 1452 852 1494 securam
880 1430 1000 1493 habeat
1027 1439 1224 1514 potestatem
1250 1430 1391 1494 habendi
1414 1431 1557 1495 donandi
1580 1433 1741 1497 vendendi
1765 1455 1851 1496 com-

155 1543 186 1589 10
204 1535 350 1598 mutandi
379 1534 430 1598 vel
459 1534 615 1620 quiequid
643 1534 704 1597 sibi
733 1533 864 1599 libuerit
891 1533 966 1597 inde
996 1533 1148 1597 faciendi.
1193 1535 1237 1598 Et
1259 1545 1294 1598 ut
1315 1533 1377 1597 hoc
1400 1544 1510 1598 nostre
1539 1539 1758 1600 concessionis
1782 1559 1851 1620 pre-

203 1645 333 1721 ceptum
355 1637 489 1700 firmiter
511 1644 710 1721 permaneat,
733 1659 832 1702 manu
854 1647 968 1702 nostra
991 1635 1104 1701 subtus
1128 1637 1208 1702 illud
1229 1637 1430 1701 firmavimus
1449 1648 1480 1701 et
1498 1638 1586 1702 anuli
1604 1641 1705 1704 101111
1729 1641 1850 1723 inpres-

203 1741 293 1804 sione
317 1741 469 1805 iussimus
492 1741 676 1823 insigniri*

304 1896 394 1961 Brun
417 1895 631 1961 cancellarius
654 1896 803 1960 advicem
824 1893 986 1959 Fridurici
1009 1894 1265 1980 archicapellani
1288 1899 1473 1981 recognovi.

306 2051 395 2115 Data
418 2069 465 2115 111.
488 2051 555 2115 kal.
579 2074 655 2115 nor.
685 2074 771 2115 anno
799 2053 1033 2115 incarnationis
1061 2051 1184 2115 domini
1213 2067 1415 2133 Decccxml,
1450 2051 1627 2116 indictione
1650 2069 1725 2134 xm,
1760 2074 1846 2116 anno

154 2159 186 2206 15
205 2153 314 2218 domni
339 2154 469 2220 Ottonis
493 2157 689 2219 serenissimi
711 2156 796 2238 regis
820 2172 887 2237 vn3
910 2164 1019 2219 actum
1042 2151 1086 2218 ad
1108 2153 1291 2236 Uilicaml3
1314 2157 1348 2219 in
1372 2155 1423 2219 dei
1445 2157 1577 2220 nomine
1600 2178 1705 2219 amen.

990 2435 1052 2510 52.

212 2585 292 2662 Otto
318 2587 458 2662 seltener
483 2588 563 2661 dem
594 2589 754 2687 Volpwia
781 2589 1018 2685 Besitzerepee
1044 2589 1085 2660 e'a
1111 2586 1368 2685 Morrporeee'lle.

1389 2729 1464 2786 Void
1486 2732 1551 2787 942
1572 2729 1733 2786 November
1755 2733 1805 2787 17.

308 2918 555 2993 Originaldiplom
578 2921 621 2976 im
642 2919 983 2992 Deportemeatelereleie
1003 2937 1044 2976 aa
1065 2919 1171 2992 Narseo
1196 2917 1257 2996 (Α).

305 3075 422 3148 Lepepe
445 3079 477 3134 ia
499 3075 590 3134 Mene..
615 3077 650 3132 ele
672 3076 701 3133 la
723 3093 779 3134 soe.
804 3074 955 3133 d'arelre'ol.
981 3075 1128 3133 [10110111
1152 3080 1193 3142 ΙΙ,
1217 3077 1246 3142 1,
1269 3074 1333 3132 275
1355 3079 1389 3128 22⁰
1412 3074 1430 3130 5
1454 3087 1510 3130 aas
1533 3069 1571 3130 A.

307 3229 439 3300 Verfasst
462 3231 526 3289 aad
544 3231 730 3303 pesehrieben
751 3247 807 3287 eoa
823 3229 890 3287 BB.
915 3263 957 3271 -
979 3228 1043 3286 Der
1056 3227 1310 3299 Aesstellenpsort
1333 3229 1372 3285 ist
1394 3228 1490 3285 bislrer
1515 3226 1549 3304 (s.
1569 3225 1727 3283 Daerrmler
1742 3224 1848 3282 Jahrb.

307 3335 339 3394 O.
365 3343 389 3393 Ι.
414 3335 489 3414 128)
510 3336 573 3405 aas
593 3337 734 3394 Voarr'ers
756 3352 797 3392 ere
819 3335 871 3391 der
891 3336 985 3392 Atsoe
1006 3333 1151 3402 eradens
1175 3333 1265 3406 Vepse
1293 3349 1334 3388 aa
1362 3331 1415 3388 der
1441 3331 1532 3387 Mem
1558 3329 1691 3401 pertentet
1720 3327 1848 3385 worden.

303 3441 401 3498 Elaea
427 3441 480 3499 Ort
508 3442 599 3515 Voyse
627 3459 668 3500 aa
694 3441 746 3497 der
768 3440 859 3497 Meos
882 3439 961 3508 finde
983 3438 1029 3495 teli
1051 3439 1148 3506 nieht,
1183 3437 1310 3508 depepen
1333 3435 1443 3492 meelate
1463 3433 1536 3491 Voe'd
1558 3451 1599 3490 aa
1621 3432 1673 3489 der
1694 3432 1784 3489 llleas
1808 3434 1849 3488 111

305 3544 421 3602 Westeu
442 3562 498 3602 oon
523 3544 597 3602 Toel
619 3544 670 3601 der
692 3543 832 3616 Seeldepe
855 3543 1049 3614 entspreelrea.
1075 3576 1115 3582 —
1138 3540 1242 3598 Derelr
1266 3539 1440 3609 Scheekeap
1462 3536 1514 3593 der
1528 3535 1608 3592 Alete
1630 3532 1760 3611 (Lepape
1783 3534 1801 3593 1.
1825 3551 1849 3592 0.

302 3651 337 3702 n⁰
355 3644 399 3723 6),
422 3646 525 3704 welche
547 3646 625 3704 disse
647 3647 848 3719 Bese’taanpea
869 3664 924 3703 eoa
947 3646 1040 3703 rerem
1059 3645 1169 3704 Gottea
1188 3644 1220 3701 V.
1244 3642 1289 3701 als
1311 3640 1432 3714 11119111
1462 3639 1592 3698 ertaltea
1621 3639 1714 3708 hatte,
1744 3638 1850 3696 tamea

304 3748 447 3807 dieselben
468 3750 543 3806 neele
565 3749 654 3807 deren
679 3750 755 3808 Tode
776 3767 817 3808 aa
839 3749 893 3806 des
916 3749 1036 3807 Kloster
1058 3749 1232 3806 Boerieres

305 3954 363 4034 (C.)
387 3956 401 4038 ᾖ
422 3953 461 4017 Ι1
483 3955 613 4018 nomine
637 3965 770 4018 sanctae
793 3965 825 4018 et
846 3953 1033 4018 individuae
1061 3953 1224 4017 trinitatis.
1271 3949 1348 4015 Otto
1378 3951 1490 4014 divina
1518 3950 1648 4013 favente
1677 3946 1849 4010 clementia

201 4079 268 4120 rex.
367 4058 503 4121 Noverit
526 4059 670 4122 omnium
692 4058 836 4122 fidelium
859 4068 1045 4122 nostrorum
1068 4057 1243 4136 industria,
1265 4051 1279 4132 i
1302 4055 1440 4140 qualiter
1463 4041 1522 4117 nos
1545 4075 1604 4138 per
1631 4055 1848 4116 interventum

200 4159 304 4225 fidelis
327 4163 429 4225 nostri
453 4159 583 4225 Ottonis
607 4162 699 4226 ducis
722 4160 852 4225 cuidam
874 4162 944 4224 viro
961 4158 1126 4242 Volguuin
1149 4169 1335 4243 noncupato
1361 4155 1515 4244 quicquid
1530 4154 1693 4219 Nordbalt
1713 4157 1748 4218 in
1770 4153 1850 4217 villa

152 4279 184 4328 30
202 4287 263 4348 que
285 4274 423 4328 vocatur
445 4263 656 4348 Mangunuile
679 4266 712 4327 in
735 4265 891 4327 comitatu
915 4263 1078 4327 Sointinse
1101 4261 1293 4346 possederat
1310 4271 1342 4323 et
1359 4258 1479 4324 iudicio
1504 4257 1732 4320 scabineorum
1755 4255 1848 4318 fisca·

200 4376 268 4432 tum
290 4378 375 4450 erat,
409 4371 443 4432 in
465 4371 697 4453 proprietatem
721 4366 913 4430 donavimus
936 4388 1010 4429 cum
1034 4365 1183 4429 omnibus
1206 4363 1284 4427 illuc
1306 4362 1454 4446 legaliter
1475 4358 1727 4445 pertinentibus,
1758 4379 1848 4419 man-

201 4473 293 4556 cipiis
322 4473 409 4555 agris
436 4475 538 4557 pratis
567 4473 699 4556 pascuis
728 4469 833 4551 silvie,
869 4491 931 4555 quq
954 4467 1140 4553 praedictus
1163 4464 1324 4531 Nordbalt
1346 4464 1545 4549 potestativa
1567 4482 1666 4524 manu
1688 4469 1846 4523 tenuerat.

200 4573 357 4638 Iussimus
386 4596 515 4660 quoque
545 4573 607 4637 hoc
638 4582 846 4656 praeceptum
875 4572 951 4636 inde
980 4570 1142 4636 conscribi
1170 4592 1228 4655 per
1257 4568 1345 4654 quod
1367 4567 1516 4632 volumus
1538 4564 1734 4648 firmiterque
1756 4561 1846 4625 iube-

200 4701 289 4760 mus,
324 4680 501 4764 quatinus⁸
533 4686 789 4762 prememoratus
813 4675 979 4759 Volguuin
1008 4675 1161 4758 deinceps
1183 4673 1319 4738 liberam
1341 4672 1462 4735 babeat
1484 4677 1678 4753 potestatem
1702 4664 1845 4728 donandi

150 4797 183 4844 35
201 4782 421 4846 commutandi
444 4782 494 4846 vel
518 4781 672 4868 quicquid
696 4803 737 4844 ex
761 4803 799 4845 eo
823 4779 885 4844 sibi
908 4779 1038 4844 libuerit
1060 4777 1211 4842 faciendi.
1255 4776 1299 4840 Et
1320 4785 1356 4839 ut
1377 4775 1440 4838 hoc
1467 4779 1597 4836 nostrae
1626 4769 1847 4832 concessionis

199 4897 409 4972 praeceptum
430 4887 559 4951 firmum
582 4885 763 4970 stabileque
785 4895 990 4970 permaneat,
1024 4883 1099 4947 inde
1128 4891 1253 4946 cartam
1276 4878 1374 4943 scribi
1398 4875 1568 4961 sigilloque
1590 4885 1702 4937 nostro
1725 4873 1847 4937 firmari

200 5011 361 5055 iussimus.

302 5141 316 5222 1
338 5145 473 5229 Signum
497 5144 607 5210 domni
632 5143 762 5210 Ottonis
787 5143 877 5224 (MP.)
902 5138 1106 5208 serenisimib
1129 5135 1261 5228 regis.}{

302 5263 473 5344 {Brunoc
496 5267 710 5332 cancellarius
734 5267 882 5332 advicem
904 5264 1066 5329 Fridurici
1089 5261 1366 5327 archicancellarii
1390 5261 1574 5345 recognovi.
1597 5255 1611 5339 Ξ)
1634 5261 1692 5339 (SI.
1715 5251 1793 5338 Ι).)11

302 5451 344 5508 ⁵1.
373 5451 466 5522 [Foltz]
570 5459 595 5518 11)
616 5458 726 5524 Signum
745 5458 835 5509 domni
852 5457 957 5509 Ottonis
976 5458 1135 5508 serenissimi
1153 5455 1265 5522 regisS
1366 5455 1393 5516 b)
1416 5453 1545 5516 Glulica
1564 5449 1592 5502 S.

303 5555 343 5607 ⁵2.
374 5555 467 5624 [l'oltz]
560 5562 587 5621 a)
605 5577 671 5610 corr.
689 5577 737 5610 aas
754 5569 883 5626 quatenns
970 5561 998 5620 b)
1016 5559 1039 5609 A
1127 5563 1152 5620 0)
1172 5578 1187 5610 0
1205 5557 1302 5608 sebeint
1319 5573 1368 5607 oon
1386 5555 1497 5606 andero·
1514 5551 1596 5603 Hand
1612 5550 1800 5616 naclpetropen
1817 5567 1848 5599 ru

369 5629 486 5748 qu
504 5628 624 5750 8111)ἳοσή
641 5629 700 5678 darn
711 5629 834 5680 Abdrack
850 5630 903 5694 aas
914 5629 972 5680 dem
984 5629 1136 5694 Pergameo!
1154 5629 1208 5678 aad
1224 5627 1292 5677 nach
1309 5625 1356 5676 der
1369 5623 1558 5687 Bescbreibvnq
1576 5623 1645 5670 eines
1664 5619 1779 5670 Vidium
1790 5635 1848 5670 aem
