4560 6426
351 405 374 465 4
952 409 1406 466 KAISERURKUNDEN.

352 599 539 656 nostrorum
569 591 781 677 petitionibus
810 613 985 676 pareamus
1014 614 1096 676 quas
1125 614 1185 677 pro
1207 591 1404 656 utilitatibus
1426 599 1459 655 et
1481 589 1799 655 aucmentationibus
1823 589 2008 654 divinorum

354 694 584 782 obsequiorum
606 695 741 760 auribus
765 696 950 760 serenitatis
972 703 1105 760 nostrae
1128 695 1314 761 infuderint.
1342 695 1438 761 Unde
1454 694 1598 780 generali
1614 694 1753 780 collegio
1770 695 1913 758 omnium
1928 692 2009 756 fide-

352 799 432 864 lium
457 809 642 866 nostrorum
665 809 779 866 notum
801 801 872 864 fieri
895 801 1043 885 cupimus
1066 802 1265 885 presentium
1289 799 1414 864 scilicet
1436 809 1469 863 et
1490 799 1682 881 futurorum,
1707 800 1784 885 quia
1806 821 1867 864 nos
1889 807 2009 882 rogatu

353 913 451 990 atque
481 906 644 970 communi
674 927 835 970 consensu
863 904 1007 969 fidelium
1029 914 1215 970 nostrorum
1237 904 1281 968 ad
1304 904 1461 989 placitum
1483 912 1631 968 nostrum
1654 903 1771 967 Ulmae
1794 902 1941 967 habitum
1964 926 2009 966 ex

353 1009 491 1074 diversis
513 1010 626 1075 mundi
651 1010 800 1096 partibus
827 1009 1055 1092 collectorum,
1089 1008 1275 1073 Salomonis
1298 1007 1466 1090 videlicet,
1496 1006 1667 1071 Dracholfi
1690 1015 1788 1093 atque
1811 1007 2046 1092 Meginpertis

352 1113 587 1178 venerabilium
616 1115 861 1200 episcoporum,
890 1114 1044 1177 comitum
1074 1134 1152 1176 vero
1181 1110 1361 1196 Sigihardi,
1390 1109 1532 1193 Aruolfi,
1562 1110 1822 1195 Erichangarii⁵,
1850 1109 2009 1191 Odalrici,

351 1215 572 1299 Perohtoldib,
596 1214 801 1298 Chuonradi,
825 1216 1033 1297 Hammeum,
1057 1214 1219 1278 Luitfredi
1244 1224 1343 1299 atque
1359 1214 1476 1298 Iringi,
1498 1213 1543 1278 ad
1566 1217 1769 1300 episcopium
1783 1213 2009 1279 Erchaubaldi

351 1319 549 1385 venerabilis
569 1321 715 1406 episcopi
731 1319 863 1384 Eihstat
878 1322 1080 1385 nominatum
1096 1329 1129 1383 et
1144 1319 1187 1383 ad
1206 1318 1338 1383 domum
1357 1318 1444 1382 illius
1466 1321 1500 1382 in
1522 1318 1678 1384 honorem
1703 1320 1807 1384 sancti
1824 1317 2010 1383 Willibaldi

352 1427 550 1490 confessoris
570 1423 700 1489 'Christi
728 1433 951 1489 constructum
981 1446 1093 1487 omncs
1121 1447 1173 1487 res
1202 1445 1284 1508 quas
1313 1430 1538 1487 antecessores
1565 1425 1668 1488 nostri
1691 1425 1830 1489 othone
1852 1425 2010 1489 memorie

351 1533 426 1616 pius
455 1531 716 1615 consanguineus
745 1536 858 1593 noster
883 1526 1090 1591 Hludovicus
1120 1526 1226 1592 eidem
1256 1527 1365 1592 domui
1396 1525 1449 1591 dei
1477 1549 1536 1612 per
1564 1528 1769 1613 preceptales
1792 1528 1923 1592 chartas
1946 1550 2007 1613 pro
2031 1541 2067 1588 ιο

351 1633 495 1698 remedio
519 1635 648 1697 animae
672 1655 750 1697 suae
773 1630 825 1696 vel
848 1655 909 1696 uos
932 1631 994 1715 ipsi
1018 1640 1094 1715 post
1116 1632 1186 1694 eius
1210 1631 1390 1695 discessum
1414 1633 1447 1695 in
1470 1633 1637 1717 proprium
1662 1632 1871 1713 donavimus,
1900 1631 2009 1696 denuo

352 1737 396 1801 ad
419 1737 557 1803 eandem
581 1738 714 1802 domum
736 1738 788 1801 dei
812 1737 1034 1801 concessimus
1056 1743 1155 1821 atque
1177 1736 1210 1799 iu
1233 1737 1284 1799 ius
1307 1745 1340 1799 et
1363 1735 1541 1801 dominium
1563 1736 1650 1800 illius
1673 1735 1882 1800 aeternaliter
1904 1745 2010 1800 traus-

352 1841 506 1923 fudimus,
528 1840 564 1906 id
579 1850 629 1904 ost
643 1841 813 1906 abbatiam
828 1839 1034 1904 Hasenrieda
1051 1840 1183 1922 dictam,
1200 1839 1326 1921 Ahusa,
1346 1838 1561 1925 [ssi]rihhinga
1572 1849 1592 1922 ⁶,
1616 1840 1803 1925 Faranpah,
1827 1839 2008 1905 Sundares-

352 1944 429 2026 feld,
452 1954 579 2030 purtem
593 1945 681 2009 illius
697 1945 810 2009 foresti
827 1944 869 2008 ad
886 1943 1108 2025 Viuzunburc,
1133 1945 1217 2007 sicut
1238 1945 1271 2008 iu
1294 1945 1417 2028 pagina
1432 1945 1601 2029 praecepti
1619 1943 1660 2008 ob
1677 1943 1739 2008 hoc
1756 1943 1834 2007 facti
1851 1945 2009 2029 scriptum

352 2047 508 2130 habetur,
536 2047 710 2112 ecclesiam
732 2049 776 2112 ad
798 2047 927 2112 Feldun
949 2070 1023 2112 cum
1048 2049 1114 2111 suis
1138 2049 1341 2132 pertinentiis
1365 2057 1397 2111 et
1419 2047 1528 2112 locum
1550 2049 1666 2112 vivarii
1689 2049 1785 2112 unius
1808 2049 1840 2112 iu
1862 2049 2011 2132 Paginza
2034 2065 2069 2112 15

353 2160 385 2215 et
406 2153 542 2237 insuper
569 2163 699 2238 pratum
727 2175 842 2233 unum3
875 2150 1068 2237 qulantiltas
1097 2174 1175 2215 vero
1206 2152 1322 2215 vivarii
1352 2159 1385 2214 ot
1407 2153 1493 2236 prati
1520 2159 1619 2236 atque
1651 2152 1731 2214 situs
1759 2152 1822 2215 loci
1852 2153 1885 2215 in
1908 2153 2011 2236 priori

352 2267 508 2343 precepto
533 2258 709 2322 adtitulata
731 2267 790 2322 est.
820 2257 876 2322 Ad
896 2257 957 2320 hec
980 2258 1079 2320 ctiam
1102 2258 1135 2319 in
1159 2254 1370 2319 elemosinam
1386 2265 1538 2321 nostram
1562 2265 1595 2319 ct
1616 2265 1860 2321 autecessorum
1883 2265 2011 2321 nostro-

352 2384 424 2426 rum
447 2360 491 2425 ad
513 2361 694 2446 predictam
718 2362 891 2425 ecclesiam
916 2361 1003 2425 omni
1026 2383 1112 2424 amio
1135 2369 1201 2424 tres
1230 2381 1349 2444 porcos
1379 2359 1564 2442 silvaticos,
1595 2370 1661 2424 tres
1690 2383 1822 2445 aeruca,
1852 2370 1918 2425 tres
1941 2384 2011 2425 cer-

353 2462 551 2550 foedatque
574 2474 737 2530 trecentos
760 2467 868 2551 pisces
892 2465 935 2529 ad
958 2488 1052 2530 usum
1076 2465 1274 2528 Eistatensis
1298 2464 1457 2529 ecclesiae
1480 2467 1652 2550 episcopo,
1676 2466 1731 2530 ubi
1755 2475 1888 2531 sanetus
1903 2466 2011 2530 Willi-

352 2569 472 2634 baldus
494 2571 664 2634 confessor
686 2567 807 2633 Christi
831 2578 863 2632 et
885 2567 1083 2634 venerabilis
1107 2580 1222 2633 sancta
1246 2570 1437 2656 Wslpurgis
1461 2593 1598 2656 corpore
1622 2573 1808 2656 quiescunt,
1842 2595 1916 2636 curu
1941 2575 2010 2636 suis
2033 2593 2072 2639 ‘20

352 2673 565 2738 venatoribus
588 2683 686 2759 atque
708 2673 928 2758 piscatoribus
952 2674 1037 2737 infra
1059 2674 1216 2739 forestum
1239 2673 1381 2758 Feldluu
1405 2675 1720 2760 commanentibus]e
1746 2675 1954 2740 aeternaliter
1976 2678 2011 2741 in

353 2779 521 2863 proprium
543 2777 775 2841 concessimus.
798 2777 958 2842 Iussimus
980 2800 1109 2864 quoque
1131 2778 1194 2843 hoc
1218 2789 1429 2864 praeceptum
1452 2779 1527 2843 iude
1550 2778 1713 2844 conscribi
1737 2802 1796 2865 per
1819 2781 1907 2866 quod
1928 2781 2012 2845 haec

354 2883 463 2946 omnia
491 2889 524 2945 et
546 2880 704 2967 quidquid
727 2880 771 2944 ad
793 2880 850 2944 illa
872 2883 1012 2966 pertinet
1035 2883 1079 2946 ad
1101 2894 1316 2949 memoratum
1340 2887 1568 2970 episcopatum
1596 2885 1643 2948 ita
1665 2885 1861 2949 contulimus
1884 2896 1916 2949 et
1938 2908 2012 2971 per-

353 2987 527 3072 petualiter
552 2985 817 3069 [concessimus],
847 2997 879 3050 et
906 2989 1039 3073 insuper
1062 2989 1220 3075 quidquid
1244 2998 1444 3055 memoratus
1467 2988 1601 3053 illustris
1624 2989 1772 3074 pontifex
1797 3012 1875 3052 suae
1898 2989 2011 3054 domui

353 3112 411 3174 per
433 3089 671 3155 cumulationes
693 3089 747 3154 vel
770 3093 951 3176 emptiones
974 3100 1032 3155 aut
1059 3093 1223 3178 quaslibet
1250 3096 1421 3184 ocasiones
1449 3095 1665 3179 acquisierat,
1700 3116 1759 3179 per
1789 3094 1898 3158 omnia
1920 3103 1953 3156 ct
1976 3096 2010 3158 in
2031 3111 2070 3157 26

354 3195 504 3259 omnibus
527 3195 758 3259 confirmamus
781 3203 813 3257 et
835 3194 1039 3260 roboramus.
1080 3195 1192 3280 <Sicut
1220 3200 1333 3283 quevis
1362 3221 1395 3262 m
1404 3247 1540 3261 .......
1546 3220 1582 3261 re
1607 3197 1756 3281 rapiatur
1777 3206 1814 3261 ut
1837 3201 2011 3263 temerario

353 3320 434 3362 casu
462 3298 585 3382 aliquid
612 3299 689 3363 iude
718 3298 759 3361 de
787 3299 983 3384 supradictis
1012 3300 1111 3365 robus
1140 3313 1275 3367 conetur
1301 3283 1446 3384 auferre,
1480 3304 1596 3366 summi
1626 3303 1791 3388 pontificis
1819 3303 1853 3366 id
1879 3311 1929 3366 est
1957 3302 2011 3366 dei

311 3479 315 3484 ⁵
355 3402 586 3486 omnipotentis
614 3402 690 3467 inde
720 3403 839 3466 sentiat
865 3404 1060 3488 vindictam,
1096 3407 1244 3490 privatus
1273 3415 1382 3470 tamen
1410 3407 1568 3472 facultate
1603 3431 1681 3471 suae
1710 3406 1945 3489 malivolentia,
1978 3416 2013 3470 et

354 3505 398 3569 ad
413 3527 578 3569 cameram
593 3515 740 3570 nostram
755 3507 826 3570 auri
843 3506 944 3571 libras
962 3525 1001 3590 x,
1025 3510 1152 3594 argenti
1176 3525 1196 3573 c
1218 3508 1415 3596 persolvat>
1452 3512 1497 3576 Et
1511 3522 1547 3576 ut
1562 3512 1625 3577 hoc
1641 3513 1862 3577 concessionis
1877 3520 2012 3576 nostrae

354 3607 648 3695 auctoritatisque‘
668 3621 857 3696 preceptum
880 3611 1009 3676 firmum
1033 3613 1213 3699 stabileque
1237 3617 1412 3698 consistat,
1441 3639 1540 3681 manu
1568 3627 1682 3682 nostra
1706 3617 1787 3681 illud
1808 3618 2012 3682 firmavimus
2031 3630 2071 3678 30

355 3724 388 3777 et
411 3713 518 3798 sigillo
541 3723 654 3779 nostro
678 3718 864 3800 consignari
888 3719 1052 3781 iussimus.

457 3869 593 3956 Signum
617 3871 739 3937 domini
763 3871 952 3939 Ohuonradi
977 3877 1041 3957 (Μ.)
1066 3876 1204 3962 piissimi
1226 3878 1323 3963 regis.

459 3992 617 4059 Salomon
639 3995 855 4061 cancellarius
878 3997 1028 4063 advicem
1051 3999 1208 4084 Piligrimi
1232 3999 1509 4086 archicappellani
1533 4003 1733 4088 recognovit.
1780 4004 1850 4086 (st.)

457 4151 572 4215 Datass
592 4169 643 4217 nl.
666 4175 743 4218 uon.
766 4175 847 4219 mar.
868 4176 955 4221 anno
978 4158 1213 4222 incarnationis
1235 4156 1357 4223 domini
1374 4174 1548 4242 Dccccml²
1571 4159 1749 4226 indictione
1771 4179 1829 4244 xv,
1852 4171 2013 4245 regnante
2042 4193 2048 4208 s

356 4252 476 4320 domno
500 4253 698 4322 Chuonrado
722 4281 807 4324 anno
831 4277 860 4342 13
883 4269 993 4326 actum
1016 4262 1060 4326 ad
1081 4249 1226 4344 Felduri3
1253 4261 1391 4326 feliciter
1413 4264 1447 4327 in
1471 4263 1522 4327 dei
1545 4265 1676 4329 nomine
1698 4288 1803 4330 amen.
2031 4293 2069 4341 35

1165 4539 1202 4618 l.

357 4687 517 4762 Kourad
542 4689 702 4790 testeum
727 4692 806 4765 dein
833 4693 997 4766 Bistltuot
1019 4694 1208 4770 Eioltsttu'dt
1229 4683 1287 4770 dic
1308 4725 1381 4771 uon
1405 4699 1528 4771 scireest
1555 4696 1790 4798 Vorqr‘iupetut
1815 4699 2013 4776 uerlicbeue

358 4809 581 4884 Iuttnurtftttt.
1754 4877 1795 4885 ..
1839 4877 1881 4885 -
1925 4877 1968 4886 ..

462 5021 646 5095 Copiulbucb
667 5041 726 5082 voa
749 5025 912 5086 Etctstuut
934 5046 993 5087 uus
1017 5029 1083 5087 dem
1106 5029 1237 5104 Ausone
1260 5029 1312 5088 des
1336 5033 1386 5094 14.
1411 5030 1463 5092 Jlt.
1492 5032 1516 5104 s.
1541 5036 1582 5091 17
1609 5035 1652 5091 im
1675 5034 1702 5092 k.
1725 5033 1943 5092 Reiciesareltiv
1970 5053 2012 5093 eu

458 5126 615 5186 Manebat
639 5126 705 5209 (A).
2029 5169 2066 5216 40

458 5285 543 5346 Mon.
567 5285 665 5345 Boicu
687 5289 755 5361 31⁰,
780 5291 843 5348 160
865 5293 900 5345 η’)
922 5292 962 5349 91
986 5307 1045 5349 uus
1067 5289 1096 5346 A
1119 5314 1160 5344 =
1183 5289 1315 5350 Bobmer
1336 5291 1376 5351 A.
1403 5259 1493 5355 Geor.
1517 5296 1560 5354 36
1582 5301 1617 5353 πθ
1638 5297 1692 5355 36.

461 5443 521 5501 Dio
547 5441 696 5518 Fassunp
723 5445 794 5519 qest
821 5447 1074 5506 wabrselteinlicb
1102 5449 1165 5521 auf
1186 5451 1236 5507 cin
1264 5450 1304 5510 D.
1327 5449 1461 5524 Ludwig
1490 5450 1542 5510 des
1571 5451 1735 5510 Frommca
1763 5453 1889 5512 auritck.
1932 5452 2012 5510 Hier

479 5627 503 5681 ³.
531 5628 638 5697 [Sickcl]
726 5633 752 5699 a)
770 5634 990 5701 EricbargariiA
1077 5637 1106 5698 h)
1124 5635 1294 5688 PerotottiA
1375 5637 1400 5698 c)
1418 5637 1551 5704 Rihhinga
1568 5637 1601 5702 A,
1617 5655 1639 5690 s.
1659 5637 1710 5691 SS.
1731 5640 1754 5702 ⁷,
1774 5640 1828 5688 247
1911 5639 1939 5700 d)
1957 5643 2011 5690 tres

531 5717 654 5764 cervos.‚
680 5710 787 5754 ...tres
805 5704 931 5754 eerfusA
1002 5706 1027 5770 e)
1045 5706 1257 5758 Feld.....des
1275 5707 1478 5758 aeternaliterA
1547 5708 1785 5770 flauetoritatisA
1855 5710 1884 5772 g)
1903 5709 1965 5758 dato
1978 5708 2010 5760 A.
