4508 6428
984 395 1430 454 KAISERURKUNDEN.

1163 577 1250 652 289.

393 753 473 830 Otto
502 754 663 851 besttttiqt
687 751 745 825 die
771 749 1083 848 erbbttoqiylceit
1107 749 1187 822 und
1212 749 1282 823 deo
1307 749 1535 824 Bcsitzstanol
1560 749 1620 822 des
1645 775 1717 822 oon
1744 748 1815 822 dea
1838 745 2043 845 Biscltbfea

392 873 591 950 Goaalioas
617 873 697 946 aad
721 870 908 948 Gerordas
934 871 1304 969 wiederberqcstclltcn
1324 869 1483 944 Klostcrs
1509 867 1546 946 S.
1568 871 1718 943 Monesi
1740 871 1796 942 bei
1817 869 1921 942 Toni.

966 1003 967 1006 ¹
1663 1011 1744 1070 Koln
1765 1013 1828 1072 965
1853 1011 1938 1070 Jttni
1958 1014 1992 1071 2.

485 1222 586 1282 Gallio
608 1219 717 1281 Christ.
742 1221 785 1279 cd.
806 1229 830 1290 Ι,
855 1224 883 1291 4,
908 1222 970 1280 595
993 1219 1220 1293 anoollstoadtp.
1245 1253 1287 1262 —
1309 1219 1416 1278 Boreoit
1439 1219 1519 1279 Htst.
1543 1219 1579 1277 dc
1603 1219 1687 1289 Toal,
1712 1221 1797 1292 prob.
1819 1222 1862 1279 21
1891 1236 1930 1276 ce
1951 1219 2073 1278 arelat

460 1351 463 1366 ·
485 1327 515 1386 S.
532 1326 686 1384 Maasucti
700 1324 760 1403 (Β).
785 1358 826 1366 -
843 1322 953 1384 Golmct
976 1324 1055 1382 Hist.
1080 1323 1115 1380 de
1130 1323 1279 1381 Motae
1301 1322 1345 1381 cd.
1366 1331 1390 1394 l,
1415 1329 1456 1395 1⁶,
1481 1328 1545 1384 373
1561 1321 1612 1401 (A)
1637 1347 1676 1376 =
1699 1325 1743 1382 ed.
1763 1332 1803 1394 II,
1827 1328 1872 1395 2⁰,
1896 1326 1973 1394 216,
1996 1349 2037 1376 =

484 1429 622 1503 Boaqoct
645 1434 674 1499 9,
698 1432 762 1489 388
783 1435 818 1486 ιιο
840 1433 891 1488 11.
915 1462 957 1470 —-
980 1429 1110 1486 Bttmer
1131 1430 1203 1502 ch.
1227 1432 1301 1489 294.
1325 1462 1367 1471 -
1390 1428 1519 1502 Stamps
1536 1429 1607 1502 Rea.
1631 1431 1704 1489 367.

485 1584 590 1642 Isdem
611 1586 676 1643 dem
691 1585 828 1643 Dictator
849 1584 897 1642 dio
912 1583 1049 1657 Ausoobe
1068 1584 1181 1658 qestetlt
1204 1603 1268 1643 war
1286 1603 1327 1642 aa
1341 1583 1468 1658 oleicltor
1486 1585 1550 1642 Mt
1565 1582 1621 1654 ste
1635 1583 1690 1642 das
1704 1583 1826 1642 Kloster
1855 1583 1887 1642 S.
1904 1585 2038 1642 Monstri

484 1688 549 1746 ono
575 1687 631 1759 for
658 1689 712 1747 aa
735 1689 787 1747 rc.
812 1687 842 1747 s
866 1674 946 1745 aare
970 1687 1057 1766 (noco
1078 1687 1144 1747 oe.
1167 1687 1521 1749 eenamcenam
1546 1687 1613 1744 aas
1641 1687 1711 1760 neq
1735 1688 1876 1759 manat
1899 1685 2034 1764 onom)

483 1793 627 1864 Prdceptc
647 1792 853 1862 aasaasetscn,
877 1793 1012 1850 beardetc
1033 1809 1066 1850 er
1087 1792 1243 1865 malleto
1265 1793 1360 1852 Weiss
1381 1791 1485 1861 dltcrc,
1519 1807 1577 1848 roas
1599 1791 1679 1848 uiolet
1701 1790 1847 1848 amoene
1868 1789 2035 1849 Uolcanden
2056 1799 2089 1847 10

484 1893 540 1965 [ἂν
568 1895 598 1955 S.
623 1896 759 1966 Monesi,
794 1897 927 1956 donabere
948 1898 1019 1955 obcr
1040 1897 1134 1954 siclier
1155 1897 1232 1972 ancli
1258 1895 1421 1956 Urtaadea
1443 1895 1499 1966 [etr
1527 1895 1557 1954 S.
1581 1881 1674 1953 Erre:
1708 1895 1799 1952 dolor
1820 1896 1854 1952 ia
1875 1893 1943 1952 Do.
1968 1898 2035 1956 289

483 1999 647 2057 eolslrctotc
669 1999 824 2073 Atellanae
845 2019 886 2060 oa
907 2000 1006 2060 DDO.
1024 2004 1068 2060 92
1090 1999 1154 2057 aad
1174 2003 1238 2060 290
1260 2001 1324 2058 aad
1347 2018 1389 2060 oa
1410 1999 1519 2058 andere
1537 1999 1719 2057 oramate
1740 1997 1796 2069 frtr
1817 1998 1848 2057 S.
1865 1985 1946 2056 Erre
1969 1999 2036 2056 aad

483 2104 651 2176 abataapt
670 2104 863 2178 Woedoaoco
884 2104 949 2162 aad
964 2104 1052 2163 Sotae
1074 2105 1177 2162 welche
1199 2106 1232 2161 tn
1247 2103 1431 2176 Iottriaoca
1452 2103 1517 2161 sord
1538 2103 1656 2176 spectcll
1669 2106 1712 2161 im
1728 2103 1869 2176 Sprcnyel
1883 2120 1941 2161 roa
1958 2104 2036 2162 Toul

485 2205 541 2263 den
555 2206 729 2264 Dictatorea
747 2208 877 2281 peltata
899 2225 1007 2268 scaren.
1032 2241 1073 2250 -
1095 2208 1154 2266 Dte
1168 2208 1288 2266 Draolec
1308 2209 1426 2278 fliessca
1448 2208 1522 2266 wohl
1543 2207 1601 2266 olle
1621 2225 1678 2266 aaa
1701 2206 1850 2265 dersclben
1865 2205 2033 2277 Absclntft.

484 2306 535 2366 Da
558 2310 592 2365 tn
614 2308 708 2367 dieser
729 2310 933 2368 tasbcsondcre
954 2311 1002 2368 dte
1024 2311 1142 2368 Nomen
1162 2310 1289 2380 otclsach
1311 2310 1435 2369 eattstellt
1457 2312 1576 2369 worden
1597 2330 1638 2370 aa
1662 2314 1727 2370 scta
1754 2313 1904 2382 schetaea,
1938 2313 2035 2370 habea
2056 2326 2088 2371 15

483 2413 540 2468 coir
560 2412 625 2470 liter
646 2412 709 2470 ared
731 2413 771 2471 da
793 2416 870 2472 caelo
891 2416 955 2471 ciac
970 2415 1098 2487 juncera
1118 2413 1259 2472 Urlaade
1281 2414 1332 2472 des
1354 2413 1391 2472 Β.
1412 2413 1529 2473 Gcrord
1551 2414 1586 2493 (s.
1604 2413 1716 2474 camo
1733 2419 1772 2484 1⁶,
1789 2414 1865 2493 389)
1878 2433 1920 2472 aa
1935 2417 2035 2475 Ratlsc

479 2533 615 2590 posonen,
640 2518 742 2576 welche
763 2517 898 2576 eiemltot
917 2518 1047 2591 pietaten
1069 2517 1185 2576 Iatolts
1206 2518 1271 2576 aad
1292 2518 1424 2589 offerebas
1444 2520 1499 2576 mit
1522 2517 1619 2590 Htlsc
1638 2536 1694 2577 oon
1720 2518 1786 2578 DO.
1809 2522 1873 2579 289
1902 2519 2034 2590 cersesst

484 2619 602 2678 worden
623 2622 672 2680 ist.

588 2826 626 2890 In
650 2827 780 2890 nomine
804 2835 937 2890 sanctae
954 2835 986 2890 et
1003 2825 1191 2891 individuae
1209 2828 1373 2891 trinitatis.
1408 2825 1486 2892 Otto
1504 2827 1617 2893 divina
1632 2826 1838 2914 providentia
1853 2826 2034 2912 imperator

382 2931 442 3018 <ac
459 2929 606 3018 semper>
624 2940 793 3014 augustus.
882 2929 1181 3016 Quotienscumque
1197 2953 1236 2994 ea
1247 2939 1261 2968 ⁸
1282 2932 1467 3017 quaerimus
1483 2940 1515 2996 et
1530 2931 1701 3016 diligenter
1715 2953 1930 3018 procuramus
1946 2955 2033 3018 quae
2052 2945 2088 2991 ao

381 3036 425 3102 ad
446 3037 603 3102 honorem
626 3045 659 3100 et
681 3033 892 3100 stabilitatem
914 3034 1127 3100 ecelesiarum
1156 3035 1209 3101 dei
1237 3037 1398 3121 pertinere
1427 3037 1673 3121 cognoscimus,
1705 3035 1854 3102 moremb
1882 3035 2032 3121 profecto

382 3140 648 3206 decentissimum
671 3138 962 3225 praedecessorum
984 3148 1193 3205 nostrorum·
1220 3161 1333 3224 regum
1356 3141 1562 3204 institutum⁰
1589 3151 1736 3205 tenemus
1758 3150 1856 3226 atque
1878 3151 2033 3205 aeternae

381 3245 650 3310 remunerationis
679 3245 860 3328 praemium
888 3241 985 3308 nobis
1016 3266 1036 3307 a
1065 3241 1154 3307 deod
1181 3242 1342 3308 bonorum
1372 3245 1516 3308 omnium
1544 3243 1739 3309 retributore
1767 3245 1802 3306 in
1830 3243 1941 3308 stibna
1963 3245 2033 3307 vita

380 3347 582 3414 reddendum
604 3369 671 3412 non
694 3346 889 3413 dubitamus.
928 3347 1138 3434 Quapropter
1160 3347 1203 3413 ad
1225 3348 1452 3414 universorum
1474 3345 1619 3411 fidelium
1640 3356 1826 3412 nostrorum
1847 3355 1914 3410 tam
1939 3367 2033 3431 prae-

381 3455 522 3518 sentium
545 3450 670 3516 scilicet
693 3474 790 3537 quam
813 3452 997 3517 fuuuorum
1014 3453 1163 3517 notitiam
1179 3453 1348 3537 pervenire
1362 3451 1524 3533 volumus,
1547 3449 1636 3536 quod
1652 3448 1818 3516 Gerardus
1833 3449 2031 3515 venerabilis
2051 3464 2085 3510 25

380 3555 543 3620 'Iullensis
566 3554 724 3619 ecclesiae
746 3555 878 3640 praesul
900 3565 1032 3621 nostrae
1055 3555 1233 3640 imperialis
1256 3557 1448 3622 elementiae
1476 3557 1696 3642 praesentiam
1725 3554 1838 3620 adiens
1865 3553 2033 3620 humiliter

381 3661 552 3743 suggessit,
576 3657 750 3744 quemdam
773 3656 883 3723 locum
905 3661 939 3722 in
962 3658 1118 3724 suburbio
1142 3658 1289 3724 eiusdem
1307 3683 1386 3725 suae
1402 3661 1544 3724 civitatis
1567 3657 1760 3744 abantiquo
1781 3657 2032 3744 quidemfuisse

379 3762 567 3846 fundatum,
603 3761 661 3827 sed
682 3763 948 3848 praecedentium
970 3764 1096 3827 incuria
1118 3773 1302 3850 temporum
1323 3763 1422 3830 rebus
1446 3762 1651 3846 destituam,
1686 3762 1842 3847 religione
1870 3761 2031 3847 deprava·

380 3875 464 3950 tum,
499 3865 657 3930 aedificiis
681 3867 907 3932 corruentibus
938 3866 1022 3931 male
1045 3889 1116 3932 csse
1139 3867 1337 3953 collapsum,
1373 3868 1428 3953 qui
1450 3865 1717 3932 videlicetloeus
1740 3865 1918 3930 inhonore
1942 3866 2032 3930 beati

380 3969 466 4033 Petri
489 3969 715 4055 apostolorum
737 3971 893 4055 principis
916 3981 1127 4036 consecratus
1150 3980 1183 4036 et
1204 3969 1366 4057 corporali
1391 3972 1495 4035 saneti
1514 3969 1713 4035 confessoris
1729 3967 1849 4033 Christi
1864 3969 2030 4033 Mansueti
2051 3987 2086 4034 so

379 4074 476 4157 primi
500 4069 645 4137 eiusdem
667 4073 810 4136 civitatis
833 4075 978 4158 episcopi
1001 4075 1188 4158 praesentia
1209 4075 1399 4158 insignitus,
1435 4073 1594 4156 simulque
1623 4072 1712 4137 beati
1734 4071 1907 4136 Ammonis
1936 4094 2031 4157 prae-

379 4176 467 4240 fatae
490 4175 581 4240 urbis
604 4177 758 4240 antistitis
780 4199 918 4263 corpore
942 4178 1126 4262 decoratus,
1149 4201 1170 4242 a
1192 4178 1300 4244 bonae
1322 4179 1498 4242 memoriae
1515 4174 1678 4242 Gauzlino
1697 4175 1950 4262 praedecessore
1970 4198 2030 4241 suo

381 4281 526 4364 reparari
548 4280 655 4344 fuerat
677 4292 822 4366 coeptus,
846 4281 904 4346 sed
928 4305 1025 4370 opere
1048 4285 1238 4369 imperfecto
1260 4283 1404 4350 relictus
1441 4283 1540 4347 Hunc
1563 4283 1661 4368 igitur
1682 4281 1870 4368 praedictus
1893 4283 2031 4346 antistes

381 4382 491 4448 divino
513 4384 670 4448 instinctu
693 4383 835 4450 ductus⁰
862 4385 989 4472 plenius
1011 4410 1165 4473 reparare
1188 4386 1377 4453 desiderans
1400 4395 1433 4450 et
1455 4409 1569 4450 sacrae
1591 4385 1741 4469 religioni
1768 4385 2031 4470 competentibus

382 4485 523 4550 officinis
544 4489 705 4552 instruere
728 4486 905 4554 decernens
928 4491 1090 4577 rebusque
1113 4491 1365 4558 subsistentibus
1385 4489 1543 4576 ampliare
1558 4491 1703 4574 cupiens,
1728 4488 1881 4554 abbatem
1896 4491 2030 4553 nomine
2050 4508 2085 4556 ³5

381 4586 489 4653 Adam
516 4589 720 4675 regularibus
748 4591 930 4679 disciplinis
953 4595 1115 4660 eruditum
1139 4593 1373 4661 cumconsilio
1397 4593 1562 4659 Brunonis
1585 4592 1823 4678 archiepiscopi
1846 4614 1886 4657 ae
1909 4594 2031 4678 prinoi-

379 4713 458 4776 pum
479 4696 571 4778 regni
594 4695 748 4762 fratribus
772 4695 894 4762 ibidem
916 4699 1171 4765 consistentibus
1194 4700 1352 4784 praefecit
1375 4707 1407 4762 et
1428 4707 1496 4762 tam
1512 4720 1554 4762 ex
1572 4696 1722 4783 hisquae
1739 4696 2031 4783 quondameidem

378 4795 452 4862 loeo
476 4797 647 4864 subiecta⁰
669 4801 770 4865 fuisse
792 4800 924 4887 probari
947 4812 1110 4888 poterant,
1135 4825 1232 4890 quam
1255 4805 1355 4868 etiam
1377 4826 1420 4867 ex
1441 4801 1492 4866 his
1508 4825 1592 4888 quae
1608 4825 1651 4866 ex
1666 4801 1762 4865 rebus
1778 4801 1937 4885 episcopii
1952 4822 2030 4866 cum

380 4923 541 4968 consensu
564 4904 722 4970 eeclesiae
745 4928 823 4970 suae
846 4906 992 4974 fidelium
1015 4907 1167 4972 addenda
1189 4908 1261 4971 visa
1285 4917 1374 4990 sunt,
1403 4908 1497 4993 petiit
1526 4907 1711 4970 autoritatis
1739 4914 1871 4969 nostrae
1895 4902 2029 4968 decreto

378 5003 510 5088 firmari,
533 5016 570 5070 ut
591 5029 631 5070 ea
653 5030 737 5094 quae
759 5008 882 5074 ibidem
904 5009 948 5075 ad
972 5010 1023 5074 dei
1047 5009 1270 5097 peragendum
1294 5009 1486 5095 obsequium
1507 5010 1628 5074 tradita
1652 5019 1735 5092 sunt,
1759 5011 1887 5094 possint
1906 5009 1939 5070 in
1958 5029 2030 5092 per·
2049 5025 2085 5074 40

379 5117 512 5192 petuum
534 5109 650 5174 illaesa
672 5114 870 5177 conservari.
909 5112 1075 5193 Quocirca
1096 5135 1157 5178 nos
1179 5135 1238 5198 pro
1262 5110 1314 5176 dei
1338 5134 1449 5178 amore
1471 5123 1504 5177 et
1527 5111 1704 5178 stabilitate
1726 5114 1817 5196 regni
1840 5111 1942 5176 nostri
1966 5134 2028 5176 nee

378 5233 443 5276 non
466 5221 499 5275 et
519 5235 580 5298 pro
603 5215 766 5299 speranda
789 5218 998 5282 successione
1020 5219 1149 5302 generis
1171 5219 1274 5282 nostri
1296 5217 1460 5303 praesenti
1490 5218 1666 5282 autoritate
1695 5225 1763 5282 tam
1792 5225 1904 5280 nostra
1927 5237 2029 5300 quam

377 5315 476 5378 etiam
493 5312 551 5378 filii
569 5318 673 5380 nostri
691 5319 778 5402 regis
789 5327 802 5354 ⁵
821 5316 961 5402 Ottonis,
981 5319 1077 5384 nobis
1095 5323 1277 5407 aequivoci,
1297 5323 1469 5387 statuimus
1488 5330 1585 5408 atque
1604 5321 1809 5385 decernimus
1823 5330 1860 5383 ut
1874 5318 2028 5384 monaehi

378 5416 439 5481 sub
461 5416 604 5502 regulari
628 5421 733 5483 sancti
755 5419 925 5486 Benedicti
949 5421 1124 5508 disciplina
1144 5426 1292 5490 viventes
1315 5427 1349 5488 in
1372 5447 1410 5489 eo
1433 5424 1509 5489 loco
1531 5423 1658 5510 absque
1687 5422 1754 5487 ulla
1783 5420 2029 5487 succedentium

464 5623 524 5678 289.
550 5625 680 5748 [FqlatalB
735 5629 761 5690 a)
773 5627 844 5692 fehlt
861 5631 891 5680 in
908 5630 935 5681 Β
1021 5633 1050 5694 b)
1068 5647 1154 5681 mores
1172 5630 1199 5681 B
1286 5631 1312 5694 e)
1331 5630 1365 5694 B,
1385 5630 1455 5694 fehlt
1472 5629 1542 5681 ιἰιΑ
1634 5631 1663 5694 d)
1682 5630 1788 5682 domino
1806 5629 1832 5680 B
1923 5629 1948 5692 e)
1965 5629 2029 5679 sub-
2049 5631 2085 5680 45

550 5712 591 5748 rec
621 5713 635 5748 e
681 5735 688 5748 .
