4538 6436
280 423 345 490 520
446 443 448 448 ’
875 427 1330 488 KAISERUBKUNDEN.

384 615 474 679 Data
492 631 554 678 1111,
575 613 650 678 idus
673 613 802 696 augusti
825 633 911 676 anno
935 609 1119 675 dominicae
1141 610 1377 675 incarnationis
1400 623 1648 692 Dccccbxvnn,
1672 607 1853 674 indictione
1869 625 1933 691 ΧΗ,

209 763 211 770 ,
282 727 439 801 regnante
462 716 571 781 donno
596 714 718 780 Ottone
743 716 889 798 piissimo
913 714 1110 798 imperatore
1126 729 1207 794 vl113
1230 721 1341 776 actrrm
1362 713 1396 776 in
1418 709 1557 776 Percino
1570 707 1593 792 ῖς
1616 709 1755 776 feliciter
1776 731 1883 775 amen.

1063 951 1150 1024 379.
1208 995 1210 1001 ,

293 1109 373 1186 Otto
400 1110 547 1183 valeia
572 1110 637 1183 der
664 1107 907 1204 biscboflicbeu
934 1107 1070 1181 Kircbe
1095 1133 1140 1180 zu
1166 1103 1296 1204 Speier
1322 1105 1381 1178 die
1406 1104 1629 1178 Immucitttt.

1294 1246 1419 1305 Bretina
1440 1247 1487 1305 bei
1510 1246 1601 1308 Sim
1622 1250 1685 1308 969
1711 1245 1836 1308 Oklobtr
1858 1251 1889 1307 4.
1954 1260 1972 1307 b

386 1457 482 1518 Codes
505 1460 602 1516 mium
625 1457 776 1531 sperasse
803 1473 861 1515 eus
889 1454 955 1514 dem
978 1454 1065 1514 Ende
1092 1454 1142 1514 des
1170 1456 1221 1516 13.
1244 1455 1298 1515 db.
1322 1454 1346 1526 f.
1369 1453 1422 1517 22
1444 1457 1488 1514 im
1506 1457 1619 1530 pressis.
1646 1455 1936 1546 amu-sanass-

384 1561 485 1620 orcbio
505 1581 546 1620 eu
566 1561 736 1621 Karlsmbe
757 1557 817 1639 (B).

385 1696 504 1771 Deme
519 1699 592 1771 Res.
610 1696 688 1757 Bed.
704 1700 747 1756 90
769 1702 804 1754 κθ
818 1698 861 1757 28
882 1713 940 1756 aas
956 1695 994 1755 Β.
1017 1728 1059 1738 -
1080 1695 1221 1769 Reatino
1242 1695 1307 1758 ΠΒ.
1330 1714 1386 1756 sou
1409 1696 1521 1772 speyer
1535 1701 1565 1769 1,
1583 1699 1622 1758 15
1644 1703 1680 1756 πθ
1695 1699 1737 1758 15
1758 1713 1816 1756 aas
1831 1696 1871 1755 Β.
1891 1729 1937 1740 -

386 1800 514 1874 Stumpf
530 1801 602 1874 aeq.
626 1804 699 1860 473.

384 1940 503 1999 Lassen
528 1940 658 1998 meirere
680 1939 872 2010 Wcrdmum
899 1937 965 1996 aoid
992 1938 1040 1996 die
1070 1937 1319 2010 Schlussformetn
1347 1939 1388 1998 It.
1409 1938 1440 1999 0.
1471 1939 1515 1998 uls
1537 1939 1675 1998 Dictator
1696 1940 1761 1998 mid
1783 1938 1938 2000 Schrdber
1959 1951 1990 1999 10

384 2042 539 2113 stennon,
570 2059 602 2100 so
630 2042 682 2100 hot
709 2042 771 2100 sicle
799 2041 927 2099 derselbe
954 2040 1026 2099 doch
1053 2042 1205 2116 mopticlsst
1226 2060 1267 2101 aa
1289 2043 1507 2102 Vorurlttmdea
1529 2043 1673 2116 schuttera,
1704 2042 1752 2102 die
1772 2059 1831 2102 uss
1852 2060 1939 2101 eaeor

383 2147 463 2204 siclt
486 2146 612 2203 betarutt
634 2145 713 2215 stad,
736 2146 807 2203 aber
828 2146 883 2202 wie
904 2143 952 2202 die
974 2145 1115 2218 Fassucq
1137 2145 1202 2204 und
1225 2148 1320 2220 saise
1342 2145 1543 2217 Wortformea
1564 2147 1726 2217 nesam,
1756 2146 1938 2205 miudesteras

386 2249 430 2306 bis
452 2251 515 2308 800
537 2248 769 2306 eurtcbreichen
790 2254 919 2307 memet.
958 2246 1016 2305 Bet
1036 2249 1161 2307 salchem
1183 2248 1387 2310 &thasbalte
1410 2249 1513 2321 durfte
1535 2250 1578 2308 im
1602 2250 1691 2308 Teate
1712 2251 1800 2310 selbst
1821 2251 1872 2308 eia
1894 2251 1939 2307 im

385 2354 437 2410 10.
460 2349 514 2416 dle,
542 2350 666 2410 seltener
694 2349 889 2411 Arcboismus
918 2369 971 2409 um
999 2370 1032 2412 so
1059 2354 1142 2411 mehr
1163 2353 1341 2413 beibeholtea
1363 2353 1488 2423 werdo»,
1520 2352 1560 2412 do
1583 2352 1635 2411 der
1657 2351 1808 2414 Schreiber
1829 2367 1886 2411 oon
1907 2352 1940 2410 Β

384 2453 447 2512 sich
468 2453 562 2512 durch
581 2471 695 2527 cernue
715 2455 904 2527 Wiederqabe
924 2457 1022 2514 sens
1041 2456 1185 2530 Vortooea
1206 2458 1261 2515 mit
1283 2456 1362 2515 auen
1382 2456 1582 2530 sprocbticben
1596 2456 1842 2515 Besouderltetten
1864 2472 1937 2514 aas·
1958 2469 1991 2515 15

385 2558 523 2617 sochus.
561 2558 699 2633 Doqcyeu
726 2559 777 2618 hot
805 2559 867 2618 siclt
896 2559 1025 2618 darselbe
1045 2560 1093 2618 trie
1114 2559 1179 2618 aad
1201 2559 1241 2618 cta
1262 2561 1337 2618 wohl
1359 2561 1454 2634 cinge
1475 2559 1702 2634 Auslosstmoen
1723 2577 1764 2618 au
1787 2558 1939 2620 Schultess
1976 2641 1977 2644 Ἴ

386 2660 521 2720 hommes
543 2661 650 2733 lusson,
673 2680 706 2722 so
728 2663 798 2722 dass
814 2663 1037 2736 areensem
1058 2671 1119 2723 aus'
1138 2668 1276 2736 scateret
1290 2663 1362 2723 DD.
1379 2663 1461 2722 mehr
1475 2663 1545 2723 oder
1558 2643 1677 2722 miniter
1690 2663 1820 2736 yleicben
1839 2663 1938 2723 Wost·
1976 2645 1977 2650 ἵ

388 2763 492 2836 lautos,
515 2767 645 2824 saulieu
659 2766 699 2824 D.
716 2767 783 2826 Otto
798 2773 839 2826 11.
863 2767 928 2826 aad
942 2767 983 2827 D.
1001 2766 1068 2826 Otto
1084 2777 1140 2827 111.
1167 2767 1308 2846 (Stampf
1319 2768 1392 2841 Res.
1409 2770 1481 2838 864,
1500 2766 1587 2845 927),
1610 2786 1659 2826 am
1674 2768 1778 2826 Platae
1799 2766 1878 2826 siud.
1895 2798 1938 2842 ή-

387 2867 450 2927 Scit
465 2868 659 2944 Aassteltunq
675 2887 732 2928 eoa
753 2869 822 2930 ΒΟ.
838 2874 902 2930 379
926 2871 1002 2929 wira
1024 2888 1054 2930 es
1077 2871 1186 2930 wieder
1202 2871 1293 2946 Περεῖ
1314 2871 1362 2930 die
1378 2871 1474 2931 Jolsrc
1495 2872 1548 2930 der
1570 2872 1753 2946 Mniqliclsen
1766 2871 1940 2944 Reciersny

389 2969 471 3031 Ottos
493 2990 547 3031 um
570 2975 634 3032 ctus
656 2974 747 3032 heber
767 2978 957 3034 masseca.
1959 2991 1994 3038 20

490 3177 530 3244 In
551 3178 683 3244 nomine
705 3188 818 3243 sancte
841 3188 874 3244 et
901 3177 1070 3244 individue
1100 3178 1265 3243 trinitatis.
1310 3177 1389 3244 Otto
1419 3179 1532 3244 divina
1561 3179 1732 3243 ordinante
1758 3178 1940 3243 clemencia

284 3282 465 3367 imperator
493 3291 662 3366 augustus.
763 3279 923 3346 Omnibus
946 3281 1099 3374 fidelibus
1123 3290 1238 3346 sancte
1260 3282 1312 3346 dei
1336 3282 1474 3348 ecclesie
1496 3285 1707 3368 nostrisque·
1729 3281 1940 3368 presentibus

286 3386 411 3452 scilicet
433 3395 466 3450 et
487 3385 605 3452 futuris
628 3396 741 3451 notum
765 3388 816 3468 sit,
841 3388 918 3471 quia
941 3389 969 3451 si
992 3386 1203 3453 sacerdotum
1224 3409 1264 3450 ac
1288 3409 1457 3452 servorum
1475 3386 1527 3452 dei
1548 3389 1727 3474 peticiones
1744 3408 1826 3473 quas
1841 3385 1940 3450 nobis

284 3511 344 3574 pro
373 3491 439 3554 suis
461 3490 714 3555 necessitatibus
742 3490 959 3572 innotuerint,
994 3489 1037 3554 ad
1067 3491 1217 3556 effectum
1248 3490 1473 3575 perducimus,
1507 3512 1574 3556 non
1602 3491 1707 3556 solum
1735 3488 1941 3574 imperialem

286 3614 477 3658 exercemus
505 3593 791 3676 consuetudinem,
821 3614 933 3658 verum
962 3593 1068 3658 eciam
1095 3592 1138 3658 ad
1159 3593 1256 3659 beate
1279 3593 1508 3660 retribucionis
1530 3593 1715 3659 mercedem
1738 3591 1818 3658 talia
1839 3591 1939 3658 nobis
1958 3615 1993 3662 25

285 3696 374 3762 facta
396 3695 556 3781 proficere
578 3696 783 3762 confidimus.
819 3696 1030 3783 Quapropter
1048 3699 1230 3784 comperiat
1253 3699 1398 3762 omnium
1419 3696 1564 3764 fidelium
1588 3704 1701 3762 sancte
1724 3695 1775 3760 dei
1798 3694 1941 3760 ecclesie

286 3809 537 3886 nostrorumque
559 3800 765 3884 presencium
787 3799 914 3865 scilicet
936 3810 968 3866 et
984 3802 1166 3866 futruorum
1188 3801 1357 3884 industria,
1382 3803 1458 3888 quia
1473 3800 1548 3865 virb
1564 3799 1760 3866 venerabilis
1777 3796 1940 3864 Otlrarius

286 3902 457 3967 Nemetins
472 3901 547 3966 vel⁶
565 3899 660 3987 Spire
676 3903 820 3967 civitatis
843 3905 1018 3990 episcopus
1042 3903 1123 3969 adiit
1144 3914 1291 3969 nostram
1313 3903 1535 3985 clemenciam,
1560 3901 1731 3987 postulans
1748 3911 1784 3966 ut
1799 3900 1941 3988 ecclesie

288 4007 341 4070 cui
363 4027 496 4091 preesse
518 4004 656 4087 videtur,
682 4027 744 4091 que
768 4015 818 4071 est
840 4016 1031 4072 constructa
1052 4009 1086 4072 in
1108 4008 1233 4072 bonore
1256 4016 1370 4072 sancte
1393 4005 1445 4071 dei
1468 4007 1635 4091 genitricis
1660 4021 1852 4090 semperque
1876 4007 1940 4070 vir-

288 4111 373 4194 ginis
402 4109 522 4190 Marie,
554 4107 596 4173 ob
625 4108 785 4174 mercedis
814 4121 925 4176 nostre
954 4122 1165 4196 augmentum
1193 4120 1225 4176 et
1253 4111 1415 4176 firmitatis
1440 4108 1585 4174 studium
1608 4108 1714 4174 eidem
1736 4109 1940 4172 monasterio
1960 4131 1994 4177 so

287 4222 434 4278 nostram
463 4212 692 4278 auctoritatem
721 4222 818 4298 atque
846 4215 1061 4280 immunitatis
1089 4215 1265 4279 tuicionem
1294 4213 1364 4277 fieri
1393 4211 1588 4276 iuberemus.
1634 4207 1734 4275 Ouius
1757 4207 1942 4295 peticioni*l

287 4326 421 4402 propter
443 4315 589 4381 divinum
612 4337 755 4382 amorem
784 4327 816 4382 et
842 4320 1092 4383 veneracionem
1119 4318 1216 4383 beate
1244 4316 1348 4380 Maris
1378 4338 1568 4402 semperque
1597 4315 1733 4397 virginis
1761 4313 1944 4378 adsensum

287 4420 498 4506 prebuimus⁰
521 4421 636 4485 ethos
659 4422 771 4505 apices
795 4423 980 4486 serenitatis
1003 4431 1115 4486 nostre
1138 4422 1228 4485 circs
1248 4421 1357 4506 ipsam
1380 4417 1491 4484 sedem
1513 4418 1584 4482 fieri
1606 4419 1760 4482 iussimus
1779 4437 1840 4501 per
1856 4437 1942 4502 quos

288 4524 492 4589 decernimus
521 4531 619 4609 atque
648 4523 812 4606 iubemus,
843 4534 879 4588 ut
906 4522 1013 4588 nullus
1045 4521 1125 4606 [dux
1148 4519 1252 4607 slve]‘
1279 4545 1389 4587 comes
1411 4521 1465 4587 vel
1485 4520 1572 4586 ullus
1594 4519 1743 4606 publicus
1772 4519 1875 4584 iudex
1899 4539 1953 4586 ex·

287 4629 459 4694 iudiciaria
487 4636 652 4712 potestate
681 4635 739 4691 aut
767 4627 877 4712 aliqua
904 4625 1079 4692 cuiuslibet
1101 4627 1275 4711 potestatis
1297 4628 1411 4709 ignota
1434 4647 1577 4710 persona
1599 4626 1661 4688 uisi
1686 4623 1774 4687 solus
1799 4621 1940 4708 [episco-
1961 4643 1995 4690 so

288 4755 350 4818 pus
373 4730 442 4816 et]‘
468 4732 649 4797 advocatus
678 4729 801 4794 familie
831 4739 943 4794 sancte
974 4729 1026 4794 dei
1055 4729 1224 4813 genitricis
1253 4727 1357 4793 Maris
1388 4731 1420 4794 in
1450 4729 1582 4792 civitate
1605 4727 1702 4810 Spira
1722 4726 1775 4791 vel
1798 4726 1944 4794 Nemetas

288 4845 409 4901 vocata
431 4845 489 4900 aut
510 4835 590 4900 foris
612 4855 740 4899 murum
762 4831 907 4898 eiusdem
930 4833 1083 4914 civitatis,
1106 4831 1141 4896 id
1163 4841 1215 4896 est
1236 4832 1268 4894 in
1292 4831 1372 4896 villa
1388 4832 1486 4917 Spira
1510 4830 1553 4914 [et
1575 4825 1723 4913 maroa]‘
1744 4851 1807 4914 que
1832 4830 1944 4914 eidem

288 4939 361 5004 urbi
384 4939 540 5004 adiacens
563 4948 628 5022 est,
658 4936 766 5003 nufias
796 4947 864 5001 exss
890 4937 1035 5000 iussione
1059 4945 1090 4999 et
1113 4935 1326 4999 concessione
1349 4944 1463 4998 nostra
1485 4932 1640 5017 deinceps
1663 4930 1813 5018 publicus
1838 4931 1943 5016 placi-

289 5053 367 5108 tusss
389 5053 556 5129 presumat
577 5040 699 5106 habere
721 5063 782 5106 uec
805 5039 890 5105 ullus
912 5039 1080 5104 bominum
1102 5061 1145 5102 ex
1167 5035 1319 5102 fidelibus
1343 5046 1456 5102 sancte
1479 5036 1531 5101 dei
1555 5035 1694 5100 ecclesie
1710 5056 1749 5098 ac
1766 5036 1891 5126 npstris
1907 5039 1944 5101 in

289 5147 435 5212 ecclesiis
451 5156 508 5212 aut
521 5145 605 5212 locis
620 5145 673 5210 vel
688 5146 776 5229 agris
792 5165 851 5208 seu
872 5144 906 5208 in
927 5144 1060 5229 reliquis
1083 5139 1348 5226 possessionibus
1371 5138 1497 5226 prefate
1521 5137 1658 5202 ecclesie
1682 5158 1764 5222 quas
1780 5135 1942 5202 moderno
1962 5157 1998 5204 40

289 5260 433 5337 tempore
455 5253 539 5315 iuste
562 5258 595 5313 et
616 5247 859 5314 racionabiliter
887 5245 1056 5333 possidere
1084 5243 1212 5308 videtur
1242 5247 1275 5310 in
1304 5237 1527 5330 quibuslibeth
1555 5242 1649 5327 pagis
1671 5237 1724 5304 vel
1753 5241 1942 5324 territoriis,

288 5355 341 5420 vel
370 5354 524 5442 quicquid
553 5353 675 5418 ibidem
704 5361 839 5439 propter
868 5351 1013 5416 divinum
1042 5371 1187 5414 amorem
1218 5360 1250 5415 et
1271 5348 1520 5413 veneracionem
1549 5344 1646 5409 beate
1674 5341 1779 5408 Maris
1810 5364 1944 5429 semper

375 5542 434 5598 ³78.
460 5547 480 5609 i)
499 5543 531 5608 A,
549 5547 578 5595 iu
596 5544 724 5594 Primsrio
742 5542 777 5593 B.

377 5640 435 5700 ³70.
462 5646 570 5716 [Siclrel]
667 5648 692 5710 a)
708 5647 805 5697 nostris
824 5645 850 5695 Β
944 5645 973 5712 b)
990 5651 1019 5694 ut
1037 5643 1064 5694 Β
1159 5643 1184 5703 c)
1203 5649 1230 5693 et
1248 5641 1274 5692 Β
1370 5641 1396 5706 d)
1412 5641 1571 5706 peticionem
1589 5638 1616 5688 B
1639 5686 1643 5695 ,
1684 5639 1686 5644 ’
1712 5637 1736 5702 e)
1752 5637 1896 5702 prebentes
1915 5637 1943 5687 Β

460 5719 603 5784 oss-plisni
620 5731 669 5766 osse
685 5715 733 5766 der
752 5713 812 5767 NU.
899 5716 927 5779 g)
947 5713 974 5763 B
1060 5712 1089 5780 h)
1104 5712 1216 5778 quilibet
1233 5710 1267 5761 Β.
1959 5723 1995 5770 4⁶
