4538 6436
1012 417 1465 475 KAISERURKUNDEN.

1194 598 1280 672 377.

426 755 506 832 Otto
533 755 672 829 scbenltt
699 755 763 827 dar
791 752 1094 848 er·zbiscbofliclzen
1120 754 1254 827 Kirclte
1283 755 1341 827 des
1368 756 1401 827 d.
1429 755 1547 826 Moriz
1579 755 1619 825 in
1646 746 1881 850 andeburq
1900 753 1966 826 dns
1994 754 2064 826 bis-

416 877 479 949 lrer
504 901 584 948 666
611 875 766 974 Bisclmf
786 877 895 947 nneo
923 902 967 946 zu
995 874 1116 946 Labeo
1143 875 1316 948 beseasene
1342 873 1417 950 Gal
1441 874 1722 988 Heredsbaasen.

1672 1015 1766 1073 Paria
1789 1017 1851 1075 969
1875 1015 1945 1076 Juli
1966 1019 2020 1076 26.

521 1189 769 1278 Oriyinaldiplom
791 1207 833 1262 im
855 1205 882 1261 a.
908 1203 1111 1263 Steatsarcliiv
1132 1222 1172 1261 66
1195 1203 1300 1261 Berlin
1322 1202 1383 1282 (Α).
2084 1220 2100 1266 5

517 1331 700 1434 Sopittorins
723 1358 793 1418 Ant.
819 1359 1011 1432 9166666666.
1037 1358 1081 1416 cd.
1102 1367 1126 1428 1,
1151 1361 1192 1417 92
1220 1376 1277 1417 aas
1306 1358 1373 1417 MS.
1404 1359 1453 1417 des
1480 1358 1616 1417 olearias
1641 1383 1678 1409 z
1703 1359 1747 1416 erl.
1766 1368 1807 1428 ll,
1832 1361 1873 1418 68
1898 1383 1935 1411 :
1959 1361 2064 1433 66669

514 1464 581 1523 uA.
608 1459 671 1535 16⁶,
696 1469 736 1524 19
759 1470 793 1520 n⁰
816 1466 866 1533 56,
893 1487 931 1514 =
957 1463 1139 1535 Sapittorias
1162 1465 1196 1519 in
1218 1462 1334 1535 Bepara
1356 1461 1435 1535 Allq.
1459 1463 1656 1534 91696661,
1680 1467 1752 1521 148.
1776 1495 1819 1505 -
1844 1462 1974 1522 6666666
1999 1463 2062 1523 OD.

515 1567 686 1626 Brandeab.
712 1571 741 1637 8,
766 1569 829 1626 632
850 1573 884 1624 69
907 1570 949 1626 98
971 1583 1028 1624 aas
1051 1566 1090 1623 D.
1114 1599 1156 1608 —
1179 1565 1309 1623 Bbtrmer
1330 1567 1402 1639 Ray.
1427 1569 1500 1626 366.
1524 1600 1566 1608 -
1590 1565 1719 1637 Stampf
1737 1566 1808 1638 Itan.
1833 1570 1904 1626 471.

471 1793 473 1798 ,
518 1721 652 1793 Verfosst
675 1723 738 1780 666
759 1740 830 1780 666
855 1723 939 1780 Tlreil
960 1723 1037 1780 6666
1055 1723 1242 1795 66666νί6666
1263 1738 1319 1779 voa
1341 1721 1409 1778 LH.
1445 1720 1505 1778 Die
1527 1721 1629 1779 beiden
1650 1719 1959 1792 Uetersclnistseeitea
1980 1721 2064 1779 nebst

517 1826 580 1883 clem
595 1826 749 1884 Handmot
770 1825 855 1898 sapie
877 1829 924 1884 66
945 1826 1144 1884 itu-lienisclrer
1166 1825 1318 1884 Sclreiber
1339 1826 1393 1882 mit
1416 1824 1560 1883 blosserer
1577 1825 1662 1883 Tiate
1684 1826 1785 1883 trinea.
1822 1824 1913 1884 Ueber
1935 1825 1982 1881 dic
1996 1823 2062 1882 Do·
2083 1835 2115 1882 10

513 1932 617 2003 66666
639 1948 662 1988 s.
688 1929 782 1989 Strbel
803 1931 899 1990 Beitr.
923 1948 980 1987 666
1001 1929 1085 2002 Dipl.
1111 1933 1140 2000 8,
1164 1933 1236 1988 176.

518 2132 576 2212 (0.)
600 2131 614 2210 ᾖ
636 2132 808 2196 lnominer
836 2143 947 2217 sancte
977 2143 1010 2196 et
1037 2132 1205 2198 individue
1233 2135 1399 2199 trinitatis.
1447 2133 1525 2198 Otto
1550 2134 1601 2199 dei
1625 2135 1731 2218 gratia
1760 2135 1937 2219 imperator
1960 2156 2061 2219 augu-

413 2234 519 2300 stus.b
606 2237 742 2302 Noverit
765 2240 944 2303 omniiunrl
965 2238 1110 2303 fidelium
1133 2248 1319 2304 nostrorum
1342 2249 1409 2304 tam
1432 2239 1633 2324 presentim“
1657 2259 1755 2322 quam
1777 2237 1957 2302 futurorum
1978 2236 1993 2320 {t
2015 2239 2061 2301 in-

412 2341 547 2422 dustria,
572 2340 712 2426 qualiter
726 2364 786 2406 nos
803 2341 845 2405 ob
863 2364 954 2426 spem
973 2341 1081 2427 divine
1105 2343 1327 2410 retributionis
1352 2367 1441 2409 more
1464 2353 1706 2408 antecessorum
1730 2353 1925 2426 nostrorum,
1948 2365 2062 2427 regum

411 2442 463 2508 vel
491 2447 741 2529 imperatorum,
773 2448 828 2530 qui
857 2446 1097 2512 munificentiae
1126 2471 1181 2531 sue
1210 2447 1303 2512 donis
1327 2448 1506 2531 aecclesias
1531 2446 1727 2528 ditaverunt,
1751 2469 1810 2531 pro
1835 2456 1922 2510 statu
1944 2449 2062 2530 regni⁰
2085 2464 2114 2510 15

410 2546 462 2610 vel
484 2549 611 2632 imperii
633 2550 737 2612 nostri
760 2559 793 2614 et
813 2571 871 2634 pro
895 2549 1119 2616 incolomitate
1143 2561 1256 2615 nostra
1280 2551 1461 2635 dilecteque
1484 2551 1633 2633 coniugis
1652 2559 1764 2614 nostre
1780 2547 1973 2614 Adalheidis
1990 2549 2062 2614 filii-

412 2674 474 2736 que
498 2661 530 2715 ct
552 2653 798 2737 coimperatoris
820 2654 923 2717 nostri
948 2652 1097 2736 Ottonis,
1131 2656 1287 2719 instinctu
1317 2664 1349 2719 et
1374 2656 1500 2719 monitu
1522 2653 1719 2718 venerabilis
1742 2655 1889 2739 episcopi
1912 2654 2063 2718 Annonis

411 2753 578 2839 quoddam
594 2755 742 2841 predium
758 2756 1037 2822 Hunoldeshuson
1056 2760 1268 2840 nominatum,
1295 2759 1392 2822 situm
1415 2760 1448 2821 in
1473 2759 1641 2842 provincia
1658 2757 1840 2822 Hassorum
1864 2756 1952 2842 quod
1974 2755 2063 2821 idem

409 2859 605 2924 venerabilis
629 2862 803 2946 episcopus
826 2862 860 2924 in
882 2860 1077 2925 beneficium
1100 2860 1221 2926 habere
1243 2861 1382 2942 videtur,
1408 2869 1521 2924 sancto
1547 2860 1707 2924 Mauricio
1732 2862 1866 2944 martyri
1884 2857 2005 2924 Christi
2029 2863 2062 2924 in

411 2985 505 3047 opem
535 2973 568 3028 et
597 2964 858 3049 supplementum
889 2965 996 3048 operis
1020 2963 1248 3048 lllagadeburg
1277 2967 1399 3048 incepti
1424 2987 1498 3029 cum
1521 2963 1671 3028 omnibus
1694 2964 1898 3048 appendiciis
1922 2975 1954 3028 et
1976 2964 2062 3028 utili·
2081 2985 2115 3032 ao

410 3065 531 3130 tatibus
555 3067 637 3148 suis,
666 3069 789 3131 tamin
813 3068 972 3132 aedificiis
997 3089 1094 3153 quam
1117 3069 1149 3130 in
1173 3069 1346 3152 mancipiis
1368 3071 1537 3153 utriusque
1563 3073 1661 3132 sexus
1685 3070 1787 3152 pratis
1812 3069 1943 3152 pascuis
1968 3067 2061 3132 silvis

409 3170 502 3253 aquis
526 3191 725 3254 aquarumve
748 3170 941 3235 decursibus
964 3170 1159 3235 molendinis
1182 3169 1358 3235 mobilibus
1382 3181 1414 3234 et
1437 3170 1658 3235 immobilibus
1677 3173 1740 3234 viis
1756 3179 1788 3233 et
1803 3171 1899 3241 inviis
1916 3171 2060 3235 exitibus

409 3284 442 3336 et
464 3273 624 3338 reditibus
648 3277 742 3338 terris
765 3273 861 3338 cultis
884 3283 916 3337 et
938 3273 1068 3338 incultis
1093 3276 1226 3358 quesitis
1250 3284 1282 3338 et
1305 3275 1508 3359 inquirendis
1531 3274 1692 3360 imperiali
1708 3283 1820 3338 nostra
1837 3274 2061 3339 munificentia

409 3377 441 3438 in
465 3386 655 3461 perpetuam
680 3379 912 3462 proprietatem
935 3376 1195 3441 transfudimus¹²
1217 3387 1249 3440 et
1273 3377 1442 3460 donamus,
1467 3388 1502 3442 ut
1526 3376 1765 3463 archiepiscopi
1788 3376 1874 3440 illius
1898 3377 2059 3462 aecclesie

410 3501 520 3542 secure
537 3491 569 3544 et
584 3481 741 3544 inoffense
757 3489 889 3543 teneant
905 3489 936 3544 et
952 3481 1144 3565 possideant
1162 3490 1194 3544 et
1218 3483 1285 3544 suis
1307 3491 1343 3544 ut
1366 3482 1631 3547 aecclesiasticas
1655 3505 1706 3546 res
1730 3481 1843 3546 usibus
1866 3481 2059 3566 adiungant.
2078 3503 2111 3548 aa

408 3583 452 3646 Et
473 3593 508 3646 ut
529 3582 593 3648 hoc
616 3586 821 3652 auctoritatis
844 3594 955 3668 nostre
979 3583 1101 3649 donum
1124 3585 1253 3650 firmum
1276 3594 1308 3649 et
1331 3586 1448 3651 stabile
1473 3597 1678 3672 permaneat,
1714 3585 1798 3650 hanc
1828 3595 1953 3650 cartam
1981 3607 2059 3650 eon-

409 3686 506 3750 scribi
538 3697 569 3749 et
601 3687 689 3750 anuli
719 3691 821 3751 nostri
851 3691 1068 3773 impressione
1099 3691 1219 3772 signari
1250 3689 1420 3772 iussimus,
1457 3711 1554 3774 quam
1587 3698 1619 3754 et
1648 3709 1747 3752 manu
1779 3690 1911 3772 propria
1942 3687 2059 3753 subtus

408 3789 619 3854 firmavimus

509 3935 523 4022 ll
545 3945 681 4030 Signum
704 3945 814 4011 domni
839 3945 970 4011 Ottonis
993 3945 1223 4011 invictissimid
1249 3949 1337 4028 (MP.)
1360 3949 1566 4033 imperatoris
1590 3949 1729 4032 augusti.
1753 3949 1767 4031 ,ξ

509 4063 523 4146 i
546 4047 733 4152 Liutgerius
757 4067 971 4132 cancellarius
995 4069 1145 4133 advicem
1160 4069 1316 4134 Hattonis
1336 4069 1603 4155 archiepiscopus
1617 4081 1630 4108 ²²
1652 4079 1684 4134 et
1701 4069 1863 4154 capellani
1878 4075 2058 4154 recognovi
2078 4089 2111 4134 ao

408 4177 439 4231 et
463 4171 677 4255 supseripsi.⁰
699 4169 713 4251 {i
1820 4175 1877 4253 (SI.
1894 4173 1945 4252 D.)
1973 4176 2057 4254 (SR.)

509 4325 598 4388 Data
627 4344 687 4391 vn.
719 4327 786 4392 kal.
818 4351 892 4412 aug.
924 4351 1010 4392 anno
1044 4327 1226 4394 dominicae
1248 4329 1490 4392 incarnationis
1521 4343 1772 4410 nccccnxvnn,
1809 4349 1895 4392 anno
1924 4329 2055 4414 imperii

406 4426 516 4491 domni
541 4427 671 4494 Ottonis
694 4449 771 4514 vm,
795 4431 852 4496 filii
875 4441 985 4496 antem
1007 4433 1075 4496 eius
1099 4429 1184 4513 111tl⁰;
1209 4443 1317 4496 actum
1341 4432 1458 4516 Papie3
1485 4433 1517 4495 in
1542 4432 1592 4496 dei
1616 4433 1748 4496 nomine
1770 4430 1917 4495 feliciter.

1186 4671 1273 4747 378.

414 4823 493 4898 Otto
524 4825 664 4899 6666616
696 4827 760 4899 der
793 4827 1036 4922 bisadofliclren
1063 4827 1196 4900 Kirclre
1223 4854 1267 4900 za
1298 4828 1442 4901 menso
1472 4829 1529 4901 dic
1557 4829 1661 4926 Bury
1686 4828 1794 4901 Aeolo
1821 4841 1949 4900 suriunt
1978 4829 2053 4901 Za·
2073 4862 2106 4909 35

405 4945 511 5017 teter·
537 4946 616 5018 66ιί
641 4948 786 5020 verleilrt
815 4948 871 5020 ileo·
899 4949 1120 5021 lnrrnunitr'tt.
1575 4970 1705 5027 Pereena
1728 4972 1790 5029 969
1814 4967 1931 5043 Auerni
1956 4976 2008 5030 19.

505 5173 591 5245 conte
610 5193 674 5232 com
697 5175 729 5234 J.
747 5179 831 5234 1311
857 5177 896 5232 im
913 5177 1113 5246 biscleiitlielrcn
1129 5177 1291 5235 66616666
1310 5179 1426 5236 Trcriso
1442 5177 1501 5255 (B).
1526 5211 1567 5219 —
1590 5177 1825 5236 Baborana-sciro
1841 5176 1986 5236 Collatino
2003 5179 2054 5239 des

503 5279 588 5334 1854
611 5278 683 5335 6666
707 5278 815 5336 666666
838 5279 1311 5352 6666666666066667661661666
1336 5279 1398 5358 (Α).

487 5477 545 5529 377.
574 5478 669 5547 [Foltz]
763 5479 829 5544 eqd
921 5485 948 5546 b)
966 5500 982 5534 a
999 5500 1049 5534 noa
1064 5483 1178 5547 pleiclrer
1196 5484 1278 5535 Hand
1294 5485 1482 5551 rraehpetrnpen
1575 5488 1600 5546 c)
1619 5503 1666 5552 reg
1683 5503 1749 5536 corr.
1768 5502 1815 5536 arr-r
1833 5491 1872 5536 ret
1959 5487 1987 5552 d)
2006 5503 2052 5536 ur·

572 5548 724 5614 spi-ttnyliclr
743 5548 775 5600 Ο.
793 5551 903 5600 iunioris
920 5555 1095 5616 invictissimi,
1115 5556 1226 5604 iunioris
1243 5553 1305 5603 aba·
1322 5558 1368 5604 mit
1389 5555 1624 5620 Tttyunqrpanleten
1640 5555 1760 5606 66666666
1859 5558 1882 5614 e)
1901 5554 1949 5605 der
1966 5555 2053 5606 66666
2071 5557 2105 5604 40

576 5618 711 5668 Srdreiber
728 5625 803 5667 setzte
822 5618 878 5668 lrier
894 5621 961 5670 neele
980 5622 1156 5672 6666666666
1174 5622 1222 5672 Art
1246 5626 1294 5686 ssi,
1322 5640 1375 5673 666
1394 5623 1453 5674 LH.
1475 5627 1523 5674 wie
1546 5625 1609 5674 oben
1631 5629 1746 5690 erpdmte
1771 5623 1836 5673 chae
1858 5622 1906 5674 clar
1927 5627 2015 5674 ameitc
2040 5643 2053 5675 s

572 5687 626 5738 rand
643 5687 694 5738 ders
712 5685 957 5752 ,thermisque-ret
975 5708 1007 5739 66
1022 5691 1109 5755 tilpen.
