4560 6420
1471 347 1489 386 s

834 434 958 492 ΟΤΤΟ
980 435 1004 490 Ι.
1029 427 1221 490 950-951.
1788 420 1850 486 211

305 625 359 683 dos
382 623 633 696 Reqicrtmpsjahr
660 619 842 693 soblechtwey
869 617 930 688 auf
950 619 1012 677 950
1034 619 1116 676 weist
1138 617 1202 676 aad
1230 617 1300 676 dass
1328 617 1382 676 dos
1411 614 1552 688 ebenfalts
1574 633 1630 675 voa
1651 616 1718 673 BF.
1742 615 1851 674 datirtc

304 727 372 787 DO.
397 732 458 787 131
489 727 536 785 dte
559 725 690 799 pleicbea
714 723 826 782 Zabtea
848 721 904 793 sits
925 722 973 778 die
995 722 1146 779 Indictica
1167 721 1231 779 uad
1253 722 1307 780 dus
1329 721 1582 795 Reqierunquahr
1603 719 1732 792 suthala·
1760 736 1789 778 es
1811 721 1851 778 ist

305 832 369 889 bier
390 831 452 888 oleo
475 829 608 902 ledi9lieh
630 827 684 886 dus
706 825 875 899 Aeremahr
895 825 1044 897 unrichttq
1067 825 1238 897 oaqeyebea.

228 1083 229 1086 ,
304 1015 361 1096 (Ο.)
382 1013 396 1093 l
417 1014 457 1077 In
480 1014 610 1077 nomine
633 1020 766 1077 sanctae
789 1021 821 1074 et
849 1008 1037 1074 individuae
1065 1012 1229 1074 trinitatis.
1275 1009 1353 1075 Otto
1383 1008 1435 1074 dei
1464 1010 1642 1076 auxiliante
1670 1009 1850 1074 clemencia

167 1141 270 1187 srex.
368 1117 528 1181 Noverint
551 1137 662 1180 onmes
684 1113 798 1178 fideles
819 1115 923 1177 nostri
947 1121 1136 1198 praesentes
1164 1113 1288 1178 scilicet
1310 1121 1343 1176 et
1363 1114 1478 1196 futuri,
1506 1113 1520 1194 ξ
1548 1113 1637 1199 quod
1664 1136 1724 1178 nos
1753 1115 1849 1178 inter·

200 1231 300 1286 ventu
322 1222 388 1286 cari
411 1220 521 1284 fratris
543 1219 647 1283 nostri
667 1218 832 1282 Bnmonis
856 1216 1030 1302 dilectique
1051 1216 1248 1281 marchionis
1271 1218 1374 1281 nostri
1397 1215 1537 1282 Geronis
1559 1219 1633 1282 usui
1655 1217 1792 1282 fratrum
1815 1218 1849 1280 in

200 1325 424 1389 monosteri0⁸
446 1320 535 1408 quod
556 1325 627 1406 ipse
648 1322 683 1385 in
704 1321 810 1385 Frasa
833 1322 866 1385 in
890 1321 1013 1385 honore
1036 1323 1140 1384 sancti
1165 1319 1286 1384 Ciriaci
1307 1322 1449 1387 martiris
1473 1324 1670 1404 construxit,
1700 1320 1849 1386 dedimus

200 1428 360 1515 quasdam
386 1450 439 1491 res
467 1426 676 1512 proprietatis
703 1433 834 1489 nostrae
862 1426 896 1488 in
926 1446 1012 1509 pago
1037 1422 1149 1488 Suaua
1171 1425 1205 1487 in
1228 1427 1384 1490 comitatu
1409 1425 1568 1510 praedicti
1591 1425 1788 1490 marchionis
1815 1427 1850 1489 in

199 1533 278 1598 villa
299 1521 542 1616 Hebanthorpb
572 1532 669 1593 etiam
699 1528 854 1614 quicquid
881 1529 926 1592 ibi
953 1529 1110 1593 hactenus
1138 1527 1327 1612 habuimus,
1360 1531 1534 1615 mancipiis
1563 1528 1721 1594 aedificiis
1747 1529 1848 1613 pratis

150 1654 182 1701 10
200 1639 331 1723 pascuis
361 1636 451 1700 silvis
481 1636 574 1719 aquis
602 1655 802 1720 aquarumve
831 1630 1021 1695 decursibus
1045 1629 1239 1694 molendinis
1261 1632 1356 1694 terris
1379 1631 1475 1696 cultis
1498 1642 1531 1696 et
1552 1631 1682 1696 incultis
1705 1630 1848 1696 exitibus

200 1752 232 1806 et
253 1739 410 1804 reditibus
432 1740 494 1802 viis
518 1747 550 1802 et
571 1739 669 1802 inviis
692 1739 827 1823 quesitis
850 1745 883 1799 et
904 1734 1113 1820 inquirendis,
1142 1757 1203 1798 nec
1225 1756 1292 1798 non
1314 1743 1347 1797 et
1369 1732 1450 1798 duas
1474 1755 1612 1816 sorores,
1634 1733 1719 1797 filias
1743 1735 1849 1798 ossius-

200 1842 275 1907 dam
297 1843 422 1908 Uuirici
453 1863 589 1927 quarum
615 1863 681 1905 una
704 1838 833 1924 Osgerd
854 1848 1043 1925 nuncupata
1065 1847 1098 1904 et
1120 1839 1223 1904 altera
1244 1836 1456 1924 Frithugerd,
1490 1839 1523 1901 in
1551 1839 1719 1923 proprium
1748 1836 1848 1902 dona-

198 1950 305 2011 vimus
329 1968 403 2010 cum
424 1945 499 2009 filiis
522 1967 644 2008 earum.
689 1944 734 2007 Et
758 1942 818 2028 ult]
849 1944 931 2007 haec
957 1953 1070 2008 nostra
1098 1945 1276 2009 auctoritas
1305 1943 1400 2008 firma
1423 1942 1619 2028 ,stabilisque
1648 1950 1847 2027 permaneat,

200 2053 352 2117 iussimus
375 2049 437 2114 hoc
460 2071 616 2134 praesens
638 2056 850 2133 praeceptum
872 2047 1035 2112 conscribi
1058 2047 1146 2112 anuli
1168 2049 1271 2111 nostri
1292 2047 1508 2132 impressione
1530 2045 1730 2110 roboratum.

151 2203 182 2250 15
301 2189 315 2270 ξ
338 2186 474 2271 Signum
497 2184 608 2250 domni
632 2183 763 2250 Ottonis
785 2187 871 2269 regis
893 2187 907 2268 ξ
931 2185 995 2267 (Μ.)

274 2385 280 2390 .
299 2289 313 2374 ξ
333 2291 424 2355 Brun
448 2289 662 2356 cancellarius
685 2289 835 2355 advicem
857 2289 1033 2354 Frithurici
1057 2286 1334 2373 archicappellani
1356 2288 1544 2400 recognovi,
1567 2288 1581 2370 ᾖ
1605 2288 1662 2368 (SI.
1681 2288 1722 2366 1.)
1763 2287 1846 2366 (SR.)

300 2429 390 2493 Data
405 2447 479 2493 vl11.
503 2427 547 2493 id.
571 2428 734 2495 decembs.
759 2451 844 2493 anno
867 2428 1101 2493 incarnationis
1124 2425 1248 2491 domini
1271 2429 1373 2491 nostri
1389 2425 1465 2489 Iesu
1480 2422 1600 2490 Christi
1624 2440 1846 2507 Dccccnvnn,

196 2534 374 2598 indictione
396 2550 466 2616 1111,
496 2555 582 2597 anno
605 2535 696 2616 regni
721 2532 851 2598 Ottonis
873 2534 960 2616 regis
983 2549 1048 2614 xv3
1077 2540 1188 2595 actum
1210 2529 1397 2610 Imanleuu3
1425 2529 1459 2593 in
1482 2526 1534 2591 dei
1557 2529 1688 2592 nomine
1710 2525 1847 2592 feliciter

197 2659 303 2701 amen.

146 2842 180 2890 ao
976 2804 1064 2883 131.

205 2941 285 3019 Otto
309 2944 470 3041 bestdta'qt
490 2942 569 3016 dem
591 2945 737 3018 Kloster
754 2945 880 3019 Foldo
902 2944 972 3020 dea
993 2963 1065 3019 oca
1086 2945 1208 3018 scinco
1231 2943 1467 3042 Vorqc'npern
1488 2939 1710 3013 oerliebeaea
1734 2938 1845 3012 Wild-
1955 3049 1957 3054 ,

198 3064 299 3136 baara
321 3065 371 3136 im
394 3063 520 3137 Wolde
543 3064 598 3137 bei
618 3065 771 3140 Ecbzell.
1323 3100 1495 3173 mmmm,
1518 3102 1579 3162 95,
1604 3100 1729 3161 ,am
1750 3104 1802 3161 19·

302 3289 550 3363 Orthiaoldiplom
572 3290 945 3351 earnemcarnem
967 3290 1115 3364 Morbury
1138 3287 1198 3369 (A).

299 3425 449 3485 schannat
475 3427 556 3486 Hist.
585 3427 677 3486 Fata.
705 3432 742 3498 2,
772 3432 838 3487 147
856 3433 892 3486 πθ
913 3431 957 3488 33
984 3445 1041 3486 uus
1063 3425 1102 3486 A.
1132 3461 1174 3470 -
1203 3391 1325 3486 Droakc
1349 3425 1410 3487 OD.
1439 3426 1531 3485 Fuld.
1555 3429 1616 3487 321
1639 3432 1675 3483 πθ
1698 3429 1761 3486 688
1789 3393 1869 3486 αιιεΙ

144 3542 177 3590 25
298 3530 335 3590 Α.
359 3563 401 3572 -
423 3530 510 3589 Fors.
531 3531 564 3588 ia
579 3530 717 3590 Berltaer
731 3530 849 3591 Abbild.
866 3536 896 3602 3,
923 3531 991 3603 Tos.
1009 3535 1059 3591 19.
1083 3564 1124 3573 —
1147 3530 1451 3604 BdbmerRey.177.
1477 3563 1514 3572 —
1541 3529 1844 3604 StampsRey.192.

301 3668 548 3727 Wahrscbeialich
570 3686 626 3727 von
648 3669 717 3729 BD.
741 3669 841 3728 dictirt
863 3669 996 3739 welcher,
1031 3670 1172 3728 meladem
1199 3669 1267 3728 BF.
1297 3669 1345 3727 die
1372 3673 1447 3728 erste
1471 3667 1551 3728 Zeila
1579 3668 1643 3726 rard
1671 3669 1718 3727 die
1742 3670 1844 3727 aweitc

296 3771 340 3828 bis
370 3772 464 3830 nostri
486 3771 569 3831 ducis
594 3772 779 3844 omchrieben
806 3774 899 3843 butte,
934 3773 990 3831 dea
1011 3773 1157 3832 aestues
1180 3769 1331 3832 Contestes
1354 3772 1518 3842 mmsdirtc,
1552 3771 1676 3843 moruus
1694 3770 1761 3831 BF.
1790 3773 1844 3832 dus

296 3875 482 3934 Esebctotoll
503 3876 690 3949 ttaaufu'qte.

299 4059 358 4139 (C.)
381 4060 396 4142 ξ
416 4061 456 4124 In
478 4063 609 4126 nomine
632 4072 766 4125 sanctae
788 4070 820 4125 et
843 4060 1029 4127 individuae
1051 4063 1214 4127 trinitatis.
1260 4059 1338 4126 Otto
1370 4063 1483 4127 divina
1511 4064 1641 4128 favente
1671 4062 1844 4128 clementia

142 4181 176 4228 3ο
194 4185 262 4226 rex.
356 4162 478 4228 Notum
501 4167 543 4228 sit
566 4165 716 4229 omnibus
738 4163 889 4230 fidelibus
912 4167 1031 4230 nostris
1054 4165 1280 4252 praesentibus
1303 4174 1336 4229 ct
1356 4166 1483 4250 futmis,
1506 4167 1520 4250 Ξ
1542 4167 1681 4252 qualiter
1702 4189 1763 4231 nos
1785 4189 1844 4251 per

194 4267 411 4330 interventum
434 4265 544 4331 dilecti
566 4268 675 4332 fratris
698 4271 800 4332 nostri
824 4269 987 4335 Bnmonis
1016 4274 1192 4357 generique
1215 4267 1406 4334 Cuonradi²
1433 4273 1535 4335 nostri
1566 4270 1657 4336 ducis
1687 4271 1843 4334 maxime-

194 4391 257 4454 que
278 4369 374 4434 nobis
398 4373 526 4435 animae
553 4372 753 4436 confidentes
780 4373 959 4438 remedium
988 4374 1064 4438 inde
1092 4376 1310 4457 nasciturum,
1345 4373 1554 4460 petitionibus
1578 4374 1707 4439 abbatis
1731 4373 1843 4438 Hada-

193 4475 273 4536 mari
297 4474 547 4539 rationabilibus
569 4477 800 4556 assentivimus
823 4476 1047 4561 quasdamque
1069 4500 1120 4540 res
1143 4476 1188 4541 ad
1210 4487 1361 4543 sanctum
1382 4477 1591 4542 Bonifacium
1613 4475 1776 4543 uaditasb
1799 4478 1840 4543 ab

193 4577 456 4643 antecessoribus
479 4581 599 4642 nostris
621 4578 753 4662 regibus
776 4589 985 4663 augmentare
1008 4578 1225 4663 decrevimus,
1249 4581 1284 4645 id
1306 4591 1356 4645 est
1378 4591 1413 4646 ut
1434 4582 1590 4646 forestam
1614 4603 1696 4666 quae
1720 4580 1763 4645 ad
1784 4581 1842 4645 vil-

142 4695 175 4741 35
193 4677 259 4742 lam
282 4677 478 4744 Achizuuila
501 4683 656 4766 pertinet,
691 4683 724 4745 in
747 4704 812 4768 qua
835 4684 924 4768 prius
948 4692 1017 4746 erat
1040 4687 1221 4748 communis
1245 4687 1389 4749 omnium
1411 4686 1531 4749 civium
1552 4686 1684 4747 venatio
1692 4734 1701 4767 ,
1733 4683 1841 4750 nullus

193 4782 379 4848 venandum
403 4784 523 4848 audeat
546 4785 671 4868 ingredi
693 4787 756 4849 nisi
779 4785 911 4850 licentia
929 4784 1073 4851 eiusdem
1089 4787 1219 4852 abbatis
1236 4788 1417 4852 Hadamari
1434 4809 1723 4872 successorumque
1737 4786 1840 4852 illius:

193 4884 233 4948 de
249 4896 359 4949 monte
374 4887 567 4952 Vuinternol
585 4911 687 4974 usquc
705 4890 738 4951 in
757 4888 891 4954 fluvium
906 4889 1058 4955 Hmnufa
1080 4901 1113 4954 et
1134 4889 1208 4954 inde
1233 4890 1337 4956 donec
1360 4890 1512 4956 Hurnufa
1534 4893 1634 4955 intrat
1656 4892 1689 4956 in
1712 4914 1841 4958 amnem

190 4988 284 5070 Nita,
309 4988 489 5075 deindeque
512 5013 639 5055 sursum
662 5015 765 5078 usque
788 4991 832 5055 ad
854 5005 977 5058 curtem
1000 4994 1196 5059 Tfirenheim
1218 4995 1403 5059 inferiorem
1426 5004 1459 5060 et
1481 4994 1524 5059 ad
1546 4993 1713 5061 Sleitfelde
1734 5005 1767 5060 et
1788 5020 1841 5062 us-

191 5112 254 5175 quc
269 5089 313 5154 ad
329 5089 626 5159 Uuolucsbrunnon
649 5096 827 5182 iterumque
845 5119 949 5182 usque
964 5096 1008 5161 ad
1023 5096 1244 5163 Uuintersnol.
1278 5099 1322 5164 Et
1344 5109 1380 5164 ut
1401 5100 1482 5164 haec
1506 5102 1708 5165 auctoritatis
1730 5113 1840 5189 nostre

140 5209 174 5257 40
191 5195 293 5257 iussio
321 5192 446 5259 firmior
471 5209 661 5281 permaneat
690 5221 710 5262 a
737 5200 918 5286 futurisque
946 5202 1055 5264 verius
1084 5202 1235 5268 credatur
1264 5226 1303 5267 ac
1332 5205 1458 5268 cautius
1485 5203 1527 5267 ab
1551 5203 1616 5269 illis
1640 5205 1839 5292 observetur,

190 5299 416 5382 praecepimus
445 5296 559 5364 illamc
587 5301 750 5366 conscribi
779 5301 932 5388 anulique
961 5303 1089 5370 nostrid
1121 5307 1334 5391 impressione
1366 5307 1587 5394 corroborari,
1622 5309 1736 5375 subtus
1767 5333 1840 5377 eam

191 5423 290 5466 manu
312 5411 425 5466 nostra
446 5401 621 5468 firmantes.

278 5554 334 5609 lit).
364 5555 473 5624 [sichel]
578 5559 604 5622 a)
622 5559 644 5610 A
749 5562 778 5623 b)
795 5577 842 5612 cor
859 5564 1018 5615 marchionis
1035 5563 1091 5614 mad
1106 5564 1175 5615 asch
1191 5565 1365 5634 Hebanthorp
1383 5566 1469 5618 falcino
1484 5566 1580 5620 nm.

279 5640 336 5694 1³1.
362 5638 460 5710 [Folta]
555 5645 582 5705 a)
601 5645 677 5696 Onon
695 5647 749 5709 ms
759 5645 847 5698 Bam
941 5651 970 5710 b)
988 5649 1037 5700 aa·
1054 5656 1119 5701 aaa
1136 5657 1148 5702 t
1164 5668 1212 5702 aru
1228 5651 1352 5704 mersas
1368 5651 1533 5704 caraem
1549 5655 1689 5706 mlum
1778 5657 1803 5719 c)
1823 5673 1841 5710 s
1865 5681 1868 5687 ¹

139 5707 173 5756 to
361 5726 428 5762 corr.
446 5727 493 5764 mss
511 5725 528 5760 u
632 5714 659 5778 d)
677 5715 746 5765 nach
763 5719 845 5767 nostri
863 5720 895 5769 s'st
913 5735 937 5786 q,
956 5718 1096 5774 madet.

1576 5827 1638 5892 2⁷*
