4560 6420
927 402 1053 460 ΟΤΤΟ
1074 403 1099 460 Ῑ.
1123 398 1196 458 960.
1820 388 1884 456 209

176 559 179 564 ¹
235 586 414 668 nominari,
448 582 656 670 eiusdemque
684 582 749 648 loci
777 585 952 669 episcopus
980 583 1078 650 talem
1107 581 1261 668 deinceps
1287 582 1362 647 inde
1384 591 1494 646 teneat
1515 590 1711 666 potestatem
1732 580 1817 644 hanc
1840 580 1885 645 ad
2007 593 2010 600 ’

237 687 326 752 sedis
348 687 521 752 utilitatem
541 685 728 770 locandam,
752 685 882 774 qualem
905 695 1087 752 ceterarum
1106 683 1207 750 habet
1228 684 1304 750 illuc
1326 707 1434 752 rerum
1456 683 1659 749 collatarum.
1700 684 1745 748 Et
1765 692 1803 748 ut
1822 683 1883 748 hec

236 791 462 854 innovaoionis
491 799 601 855 nostre
628 789 775 855 firmacio
805 787 1006 855 stabiliorem
1033 791 1067 852 in
1097 789 1149 854 dei
1180 791 1312 854 nomine
1340 810 1399 875 per
1425 785 1694 852 inrevocabilium
1723 784 1884 850 curricula

236 904 420 979 temporum
448 903 562 957 contra
589 893 779 958 infestantes
802 902 912 957 teneat
934 894 1125 957 caucionem
1147 901 1181 957 et
1202 915 1222 956 a
1244 893 1383 978 posteris
1405 892 1555 956 veracius
1578 889 1729 954 credatur
1749 910 1790 955 ac
1813 887 1884 953 dili-

203 1000 371 1083 bgencius
395 981 593 1080 observetur,
616 997 769 1061 iussimus
791 995 854 1060 hoc
876 994 978 1059 literis
1000 1017 1108 1060 rerum
1130 994 1293 1061 indicibus
1316 1004 1505 1080 preceptum
1527 991 1750 1059 commendari
1772 1013 1884 1057 mann·

237 1123 299 1188 que
321 1103 455 1186 propria
478 1100 592 1165 subtus
616 1101 778 1184 signatum
800 1097 911 1164 annuli
934 1099 1038 1163 nostri
1060 1101 1263 1185 inpressione
1285 1097 1501 1163 corroborari.

1017 1389 1103 1466 128.

246 1559 326 1637 Otto
348 1561 495 1635 verlerbt
516 1561 595 1635 ἀειιι
617 1587 698 1635 zum
715 1561 881 1636 Bistbum
898 1561 1088 1636 Eleatem
1105 1561 1299 1660 pellemque
1320 1561 1557 1636 Heideelreim
1579 1561 1638 1636 die
1660 1562 1882 1635 Immunitttt.

341 1909 438 1970 Ooder
459 1913 522 1971 156
544 1910 597 1969 der
619 1907 889 1983 Capitelbitliotlsolc
910 1925 951 1968 aa
972 1908 1128 1969 Eichstrtdt
1150 1925 1207 1970 aas
1229 1909 1282 1968 der
1302 1910 1392 1968 Mitte
1413 1908 1462 1968 des
1485 1909 1535 1969 15.
1553 1906 1607 1968 Jh.
1632 1904 1657 1978 s.
1680 1905 1752 1967 101'
1775 1903 1787 1985 (
1816 1904 1839 1983 ).

339 2065 474 2138 risisse
493 2065 561 2124 rra
582 2064 613 2126 s.
638 2065 802 2126 umnam
822 2066 868 2126 aa.
888 2063 1007 2142 ease
1028 2031 1321 2143 (monastice)
1344 2066 1407 2124 rae
1428 2080 1486 2124 aas
1509 2061 1596 2124 e:
1618 2061 1738 2124 erese
1761 2059 1815 2134 ορ.
1832 2063 1884 2130 10,

339 2171 412 2228 841.
441 2203 484 2215 -
512 2169 1411 2240 MmBor'oa31‘‚190n⁰97auscruere-948.
1441 2203 1484 2215 -
1510 2167 1637 2241 Stwmpl
1656 2168 1729 2242 Rea.
1754 2167 1817 2228 534
1844 2182 1886 2223 aa

339 2273 533 2334 err-953.

338 2426 403 2485 Der
416 2429 558 2504 Fasswsq
578 2429 655 2487 auct
676 2429 710 2486 irs
731 2429 780 2487 die
793 2427 1039 2502 Ramesses-todo
1054 2429 1159 2488 Bruma
1178 2427 1308 2501 peteris,
1331 2425 1473 2485 mauricii
1493 2425 1528 2482 irs
1549 2423 1598 2482 die
1620 2423 1716 2483 Jarre
1737 2426 1772 2482 ia
1792 2422 1887 2482 denes

338 2525 406 2588 RB.
430 2531 464 2587 in
487 2530 539 2588 dor
559 2530 689 2590 Kurrrlei
710 2530 815 2590 dicate.
861 2531 995 2590 Mehrere
1017 2530 1192 2590 Ammaka
1222 2531 1319 2590 lusson
1341 2528 1390 2588 die
1411 2529 1592 2602 Bessutrsmy
1613 2544 1670 2587 von
1696 2527 1767 2587 ΒΚ.
1790 2530 1812 2586 3
1840 2525 1886 2584 ala

342 2631 464 2706 rorum
486 2633 641 2692 emnam.

442 2853 481 2924 In
502 2857 634 2920 nomine
658 2865 770 2920 sancte
794 2865 827 2921 et
853 2853 1021 2922 individue
1049 2855 1214 2920 trinitatis.
1260 2852 1338 2918 Otto
1369 2853 1480 2918 divina
1508 2853 1680 2920 ordinante
1708 2851 1886 2917 clemencia

238 2980 307 3022 rex.
406 2955 559 3022 Generali
589 2958 728 3044 collegio
758 2959 810 3024 dei
839 2969 1089 3046 nostrorumque
1117 2957 1262 3023 fidelium
1293 2958 1492 3042 presentium
1521 2979 1582 3022 nec
1611 2978 1678 3024 non
1703 2956 1886 3021 futurorum

237 3070 351 3125 notum
374 3083 446 3126 esse
469 3059 710 3147 desideramus,
741 3061 879 3150 qualiter
901 3061 1106 3126 venerandus
1128 3059 1352 3126 Starchandus
1374 3060 1580 3148 Eystetensls
1603 3058 1739 3126 ecclesie
1762 3059 1886 3143 episco-

186 3184 219 3230 20
237 3184 298 3248 pus
311 3173 324 3200 ⁸
345 3173 377 3227 et
399 3163 511 3229 Bruuo
534 3165 722 3231 carissimus
743 3166 845 3230 frater
864 3175 976 3230 noster
998 3163 1178 3248 regalitatis
1200 3173 1309 3229 nostre
1333 3161 1547 3249 supplicando
1571 3162 1721 3228 adierunt
1743 3163 1886 3226 eminen-

237 3267 326 3350 tiam,
349 3267 502 3353 quatinus
524 3266 635 3332 locum
657 3267 884 3356 Heydenlreim
907 3277 1131 3352 nuncupatum
1150 3267 1184 3330 in
1199 3287 1286 3353 pago
1302 3264 1550 3332 Sualaueldensi
1567 3268 1665 3331 situm
1679 3267 1713 3330 in
1729 3265 1886 3330 comitatu

236 3369 386 3453 Emusti,
419 3369 474 3434 ubi
498 3373 645 3456 egreglus
667 3371 720 3436 dci
744 3373 913 3438 confessor
934 3368 1188 3436 Wunebaldnsb
1210 3369 1425 3459 corporaliter
1444 3370 1636 3458 requiescit,
1671 3371 1726 3457 qui
1750 3368 1793 3434 ad
1815 3391 1887 3454 pre-

236 3472 339 3537 fatum
354 3473 549 3557 Eystetense
570 3475 705 3560 respicit
727 3476 939 3560 episcopium,
963 3476 998 3538 in
1019 3484 1129 3539 nostre
1152 3471 1350 3538 defensionis
1368 3475 1577 3540 emunitatem
1593 3473 1758 3559 suscipere
1774 3471 1887 3556 digna-

236 3597 352 3640 remur.
388 3575 535 3657 Quorum
556 3579 725 3663 utriusque
748 3578 895 3664 petitioni
918 3579 1061 3641 maxime
1083 3598 1143 3661 pro
1166 3599 1277 3642 amore
1301 3576 1411 3642 divino
1435 3587 1469 3641 et
1489 3577 1592 3642 nostri
1613 3583 1888 3662 nostrorumque⁰
1916 3567 1921 3580 '

184 3696 218 3744 25
236 3688 479 3744 antecessorum
512 3680 655 3747 remedio
690 3681 829 3746 libenter
862 3681 1078 3747 satisfecimus
1107 3688 1141 3744 et
1167 3679 1243 3745 inde
1272 3679 1337 3746 hoc
1368 3681 1522 3746 iussimus
1554 3702 1688 3765 presens
1722 3678 1886 3744 conscribi

237 3793 427 3869 preceptum
448 3772 508 3869 per
530 3783 618 3869 quod
639 3781 816 3850 volumus‘¹
837 3793 871 3849 et
892 3783 1027 3849 firmiter
1049 3782 1151 3869 regali
1180 3793 1309 3870 sceptro
1337 3782 1502 3865 iubemus,
1535 3794 1572 3848 ut
1598 3782 1706 3849 nullus
1735 3781 1886 3868 publicus

236 3884 337 3949 iudex
358 3893 443 3950 nece
468 3885 603 3972 quilibet
627 3909 669 3952 ex
691 3886 863 3952 iudiciaria
884 3897 1047 3973 potestate
1068 3910 1127 3952 seu
1150 3886 1268 3973 aliquis
1291 3886 1436 3954 fidelium
1454 3896 1639 3954 nostrorum
1655 3888 1887 3974 cuiuscumque

239 3990 280 4052 sit
303 3989 426 4056 ordinis
448 3989 500 4054 vel
523 4012 673 4075 persone,
695 3991 729 4054 in
750 3988 867 4055 eodem
889 3989 964 4060 loco
986 4001 1020 4055 et
1041 3989 1268 4058 adiacentibus
1287 3992 1364 4072 suis,
1384 4013 1590 4077 quocumque
1612 3990 1710 4057 modo
1732 4011 1886 4075 augmen-

237 4101 355 4176 tentur,
384 4093 510 4158 eclesiis
538 4104 596 4159 aut
624 4095 658 4158 in
686 4092 768 4158 locis
798 4102 831 4158 et
858 4093 946 4176 agris
977 4115 1033 4157 seu
1056 4093 1173 4157 ceteris
1201 4092 1448 4178 posessionibus
1474 4092 1519 4157 ad
1540 4101 1755 4159 memoratum
1777 4091 1887 4158 locum

186 4209 220 4257 ιο
237 4194 473 4279 pertinentibus
496 4195 616 4260 habeat
638 4198 688 4260 ius
711 4196 755 4261 ad
777 4217 895 4260 causas
918 4192 1100 4260 audiendas
1123 4194 1175 4259 vel
1202 4191 1319 4259 freda‘
1345 4195 1508 4280 exigenda
1535 4205 1593 4261 aut
1620 4196 1806 4261 mansiones
1833 4193 1886 4259 vel

238 4307 372 4383 paratas
400 4297 569 4363 faciendas
597 4299 846 4364 fideiussoresve
874 4296 1062 4363 tollendos⁸
1092 4321 1152 4362 nec
1183 4299 1285 4383 ipsius
1314 4296 1380 4362 loci
1409 4297 1529 4363 liberos
1559 4308 1591 4362 et
1624 4320 1736 4362 servos
1769 4297 1887 4361 iniuste

238 4399 478 4484 distringendos
502 4411 559 4466 aut
581 4401 744 4488 quaslibet
764 4399 1009 4472 redibicicues¹¹
1037 4411 1069 4466 et
1098 4402 1287 4474 occasiones
1315 4400 1448 4466 illicitas
1476 4399 1687 4488 requirendas
1713 4409 1770 4466 aut
1792 4421 1887 4485 para-

237 4502 348 4567 fredai
372 4527 429 4569 seu
451 4503 578 4591 aliquas
602 4505 792 4569 occasiones
814 4505 950 4569 iniustas
973 4525 1118 4590 unquam
1141 4501 1301 4589 erigerel
1322 4513 1498 4589 presumat,
1523 4503 1581 4568 sed
1603 4502 1689 4567 idem
1704 4502 1796 4568 locus
1811 4524 1886 4570 cum

239 4607 389 4673 omnibus
411 4607 620 4692 pertinenciis
645 4608 711 4672 suis
735 4605 795 4671 sub
818 4617 928 4672 nostre
950 4608 1102 4672 tricionis
1125 4610 1302 4672 emunitate
1325 4606 1557 4694 perpetualiter
1575 4607 1702 4692 quietus
1720 4603 1886 4696 subsistat.

187 4723 220 4771 35
238 4711 283 4775 Et
310 4721 347 4777 ut
375 4710 455 4776 hec¹
481 4709 688 4776 liberalitatis
710 4720 821 4776 nostre
843 4711 1022 4774 auctoritas
1044 4711 1220 4778 firmiorem
1242 4710 1449 4797 perhenniter
1468 4709 1590 4775 habeat
1611 4710 1773 4804 vigorem,
1799 4707 1886 4772 hanc

238 4814 457 4900 preceptalem
480 4823 604 4878 cartam
632 4812 709 4878 inde
736 4814 958 4898 conscriptam
987 4834 1088 4880 manu
1115 4815 1250 4900 propria
1278 4815 1472 4881 roboramus
1502 4811 1678 4898 annulique
1706 4812 1810 4876 nostri
1839 4811 1887 4875 in-

238 4917 405 5001 pressione
427 4917 581 4982 iussimus
604 4915 749 5001 sigillari.

326 5102 382 5158 128.
411 5104 519 5174 [Siclrol]
615 5107 642 5172 a)
661 5108 780 5173 episcopi
801 5105 826 5158 0
907 5107 937 5169 b)
954 5105 1127 5159 willibaldus
1145 5105 1228 5170 refert
1243 5108 1274 5157 s'n
1293 5105 1396 5160 θοοπ.
1413 5109 1443 5158 in
1460 5105 1644 5164 Wunsbrldur
1737 5108 1764 5171 c)
1782 5112 1886 5159 nostro·

409 5175 511 5227 mmo
615 5176 644 5238 d)
662 5173 819 5227 velimusO
923 5175 949 5241 e)
972 5173 1051 5227 neO
1153 5175 1323 5238 flieodaO
1426 5177 1455 5244 g)
1478 5176 1620 5228 fideiusoro
1644 5192 1693 5228 sue
1714 5175 1891 5228 tollendasO

186 5241 221 5291 40
410 5243 439 5306 b)
456 5245 569 5310 quilibet
586 5243 797 5298 rsddiriouesO
894 5244 916 5307 i)
934 5243 1132 5311 pantano
1230 5245 1259 5308 k)
1278 5243 1403 5310 agaso
1499 5245 1631 5309 1)hico.

292 5763 479 5810 murtrum
493 5765 511 5811 1.
