4576 6428
898 397 1024 456 O'r'ro
1046 399 1070 454 Ι.
1095 394 1166 455 963.
1612 457 1613 460 ,
1790 391 1853 458 361

211 580 385 644 occasione
408 577 451 643 ibi
475 580 652 663 irrumpere
676 601 733 643 seu
754 580 934 646 monachos
962 582 1227 648 irrationabiliter
1256 581 1437 668 inquietare
1466 603 1532 646 non
1561 580 1694 665 debere,
1724 605 1785 647 nec
1813 606 1857 650 ex

209 680 306 746 rebus
335 683 524 748 monasterii
547 684 581 746 in
605 684 693 747 omni
722 684 849 770 imperii
875 689 978 750 nostri
1002 685 1133 752 ditione
1153 685 1293 752 thelonei
1317 686 1523 750 exactionem
1544 685 1614 750 fieri
1637 708 1697 751 nec
1719 702 1856 767 publicum

209 799 322 850 iudicem
351 816 398 850 seu
427 799 572 865 quemlibet
599 817 631 850 ex
659 801 799 851 iudiciaria
826 808 957 867 potestate
985 804 1028 854 vel
1056 805 1172 871 aliquam
1201 805 1280 854 aliam
1309 820 1448 870 personam
1474 807 1616 872 quiequam
1644 809 1783 871 potestatis
1810 813 1858 858 aut

209 905 309 970 negotii
332 906 388 954 sine
410 887 577 954 voluntate
600 899 657 954 aut
679 892 838 975 permissu
860 907 965 957 abbatis
987 909 1016 956 in
1039 892 1190 958 omnibus
1214 911 1290 978 sepe
1313 893 1392 957 dicti
1416 910 1569 959 monasterti
1591 910 1671 960 rebus
1693 909 1791 964 habere
1813 909 1855 959 vel

175 1015 340 1062 oexercere.
363 991 527 1078 Quicquid
549 994 599 1057 ius
620 992 692 1057 fisci
712 993 830 1058 exinde
853 995 984 1078 exigere
1007 1003 1168 1080 potuerat,
1192 1017 1234 1058 ex
1249 997 1375 1086 integro
1392 998 1426 1060 in
1440 1018 1519 1062 usus
1535 999 1723 1062 monasterii
1741 997 1856 1064 cedere

209 1096 416 1181 precipimus.
460 1111 589 1161 Homines
618 1118 747 1183 quoque
777 1113 906 1179 ingenuos
935 1119 992 1163 seu
1021 1129 1111 1164 servos
1139 1100 1173 1162 in
1201 1099 1464 1183 possessionibus
1494 1101 1685 1165 monasterii
1715 1122 1857 1167 comma·

208 1209 323 1264 nentes
354 1214 511 1282 distfingere
540 1202 608 1264 sive
635 1202 726 1285 ipsas
754 1202 979 1286 possessiones
1002 1209 1117 1265 contra
1140 1199 1269 1265 abbatie
1293 1200 1459 1266 decretum
1482 1203 1602 1266 intrare
1626 1225 1684 1267 seu
1705 1217 1740 1267 ed
1763 1233 1857 1269 musas

210 1315 355 1368 audiendas
383 1324 441 1367 seu
469 1318 618 1369 mansiones
646 1317 782 1368 faciendas
811 1323 858 1369 aut
880 1318 955 1369 freda
976 1319 1020 1370 vel
1041 1319 1142 1368 tributa
1164 1302 1326 1389 exigenda
1347 1303 1400 1368 vel
1423 1303 1524 1369 ullam
1547 1307 1580 1370 in
1603 1305 1711 1393 aliquo
1735 1307 1857 1372 violen-

209 1408 289 1469 tiam
304 1405 488 1471 faciendam
505 1406 656 1472 omnibus
674 1410 805 1473 omnino
820 1407 1007 1473 hominibus
1029 1430 1089 1493 per
1108 1408 1195 1472 hanc
1217 1416 1327 1492 nostre
1349 1409 1561 1473 immunitatis
1584 1410 1857 1494 conscriptionem

160 1529 192 1576 10
209 1531 341 1594 prorsus
369 1510 593 1575 interdicimus
622 1520 733 1598 atque*
749 1511 791 1576 ab
820 1510 1006 1576 huiusmodi
1034 1512 1086 1577 vel
1117 1512 1212 1577 simili
1241 1512 1484 1596 presumptione
1509 1509 1645 1578 cunctos
1668 1535 1726 1599 per
1748 1515 1858 1578 omnia

210 1623 357 1700 tempora
379 1613 573 1697 inhibemus,
597 1615 749 1701 quatinus
773 1613 877 1680 abbas
900 1623 932 1677 et
954 1614 1105 1680 monachi
1131 1617 1241 1681 omnia
1263 1616 1339 1681 illuc
1362 1619 1557 1704 aspicientia
1579 1620 1638 1683 sub
1661 1629 1775 1684 nostra
1796 1621 1857 1684 tui-

143 1766 147 1774 .
209 1719 297 1781 tione
326 1738 390 1803 quo
419 1716 532 1781 ordine
561 1717 718 1804 quietiore
741 1717 962 1802 possederint,
994 1741 1032 1784 eo
1055 1718 1188 1784 liberius
1210 1742 1270 1805 pro
1295 1729 1381 1784 statu
1403 1722 1528 1806 imperii
1551 1730 1727 1808 nostraque
1752 1722 1857 1788 salute

210 1818 271 1884 deo
294 1829 422 1884 vacent.
465 1836 501 1886 Et
522 1841 553 1885 ut
574 1836 624 1886 hoc
646 1818 812 1886 auctoritatis
833 1841 923 1904 nostrq
945 1841 1098 1901 preceptum
1121 1836 1224 1886 firmum
1247 1841 1274 1886 et
1295 1837 1391 1888 stabile
1413 1843 1580 1902 permaneat,
1609 1839 1683 1889 anuli
1704 1841 1788 1890 nostri
1810 1840 1856 1889 im-

209 1939 345 2002 pressione
367 1940 466 2004 signari
489 1941 613 1990 iussimus
636 1946 664 1990 et
685 1955 764 1990 manu
786 1941 894 2004 propria
915 1941 1010 1990 subtus
1032 1939 1203 1991 firmavimus.

160 2077 192 2126 re
225 2038 233 2047 i
284 2115 286 2122 s
312 2059 449 2145 Signum
472 2061 580 2128 domni
605 2061 735 2128 Ottonis
760 2065 825 2145 (M.)
850 2064 1047 2128 serenissimi
1069 2064 1274 2150 imperatoris
1297 2065 1438 2148 augusti.

312 2163 486 2229 Liudolfus
509 2165 724 2231 cancellarius
746 2167 895 2234 advioem
916 2167 1081 2233 Brunonis
1104 2167 1357 2253 archicapellani
1380 2170 1570 2254 recognovi.

310 2302 402 2367 Data
416 2320 476 2366 vn.
499 2303 568 2368 kal.
591 2303 672 2370 febr.
697 2327 783 2370 anno
806 2307 1040 2371 incarnationis
1064 2303 1186 2371 domini
1208 2307 1312 2370 nostri
1335 2306 1410 2370 Iesu
1433 2304 1553 2370 Christi
1576 2300 1785 2388 nccccuxm,
1808 2308 1855 2371 in-

211 2393 353 2470 dictione
369 2424 415 2490 vt,
438 2416 593 2491 regnante
614 2409 669 2494 pio
689 2410 886 2495 imperatore
902 2407 1046 2474 Ottone⁸
1068 2431 1154 2474 anno
1171 2425 1303 2492 xxv111;
1326 2417 1436 2473 actum
1451 2408 1571 2494 Papiq3
1593 2408 1730 2474 feliciter
1750 2431 1857 2474 amen.

991 2665 1079 2742 253.

160 2837 193 2887 20
220 2819 301 2898 Otto
321 2823 481 2922 bestdtipt
497 2822 568 2897 dea
588 2819 821 2899 Catonum
837 2847 883 2894 zu
895 2821 1031 2896 Arczzo
1050 2821 1117 2894 elle
1131 2821 1378 2919 Besitzaapcn,
1403 2821 1530 2897 Rechts
1547 2820 1628 2895 aad
1644 2820 1714 2895 dea
1731 2817 1859 2896 Setae
1910 2922 1912 2927 ,
2008 2883 2009 2886 ,

211 2943 291 3016 aad
299 2943 392 3042 sapt
413 2942 471 3017 die
493 2939 706 3041 Scbcultaop
728 2943 788 3015 des
809 2941 869 3014 Hc
890 2967 924 3014 cs
951 2941 1077 3038 Toppo
1099 2942 1165 3014 ruit
1186 2941 1352 3015 Zrtbehdr
1373 2942 1494 3017 tiaza.

1451 3083 1481 3145 S.
1501 3082 1564 3144 Deo
1586 3087 1650 3146 963
1671 3083 1741 3143 Mas·
1762 3086 1813 3144 10.
1845 3113 1846 3116 ¹

316 3271 564 3347 Oriyimldaplom
585 3274 628 3331 im
651 3269 866 3346 Capitelorcta'v
886 3289 927 3331 aa
948 3269 1063 3331 Arcano
1087 3269 1098 3350 (
1127 3269 1150 3348 ).

313 3412 468 3472 Muratora'
482 3412 553 3471 Ant.
576 3411 644 3471 Ital.
668 3415 698 3482 3,
723 3413 786 3470 183
808 3427 865 3470 uus
888 3409 925 3468 Α.
948 3443 992 3452 -
1012 3410 1134 3469 Moneta
1147 3409 1278 3484 Roqioni
1299 3409 1375 3470 dello
1396 3411 1492 3470 chiesa
1507 3407 1643 3482 Aretissa,
1667 3409 1728 3469 doc.
1745 3413 1767 3470 3
1788 3413 1858 3470 Μ

234 3555 235 3558 ¹
313 3515 532 3589 maculanda
554 3533 611 3576 aas
633 3513 671 3576 A.
694 3509 744 3557 -’
759 3514 889 3573 Bahmcr
909 3514 981 3588 Περ.
1004 3517 1078 3574 267.
1102 3545 1145 3558 -
1167 3511 1296 3587 Simaps
1313 3514 1384 3588 Ray.
1408 3517 1481 3574 324.

315 3653 377 3714 Vua
398 3654 465 3713 DF.
485 3655 672 3729 paraneten
692 3655 769 3713 auch
790 3653 856 3712 dem
875 3652 915 3710 D.
933 3652 1037 3725 Hupos
1059 3650 1123 3710 aad
1139 3650 1270 3711 Lotltars
1284 3651 1414 3711 Bobmcr
1428 3652 1703 3726 Ray.Kur.1390,
1726 3650 1859 3710 aenaea
1947 3651 1951 3660 ’

313 3759 389 3815 cuch
411 3758 460 3816 die
480 3758 652 3817 Invocattoa
674 3761 860 3816 entaommers
880 3756 928 3814 ist.
971 3754 1034 3813 Vua
1056 3753 1122 3812 dem
1137 3754 1285 3828 juaqeren
1305 3755 1345 3814 D.
1369 3754 1527 3815 Adalbcrte
1550 3773 1615 3815 vom
1642 3759 1695 3816 28.
1718 3755 1859 3816 aarum

312 3861 373 3920 961
393 3859 680 3938 (resumpsere,
696 3861 761 3920 368
777 3865 812 3916 n⁰
827 3856 859 3936 4)
884 3860 923 3917 ist
945 3857 1078 3929 offertur
1098 3858 1153 3915 mit
1176 3856 1297 3917 Absiobt
1317 3859 1398 3942 nicht
1419 3859 1511 3919 Natta
1530 3875 1702 3932 paramesen
1724 3859 1858 3918 wordm:

313 3981 375 4023 was
397 3968 456 4022 eret
471 3964 612 4024 adalbert
635 3964 692 4022 dea
708 3960 896 4024 Oanoaitem
914 3963 1067 4036 preelecti
1090 3963 1178 4034 hatte,
1202 3962 1278 4021 wira
1299 3980 1356 4022 von
1374 3961 1439 4022 Otto
1461 3963 1541 4022 uictu
1563 3963 1708 4036 datatim,
1731 3962 1860 4022 suadem

315 4067 360 4126 als
381 4083 455 4126 neae
473 4067 648 4141 Verleihanp
671 4068 841 4128 berachtrat.

316 4269 376 4349 (0.)
399 4271 413 4354 ξ
434 4269 473 4334 In
495 4271 628 4334 nomine
651 4268 774 4334 domini
796 4270 898 4334 nostri
921 4267 997 4331 Iesu
1020 4265 1141 4332 Christi
1166 4268 1254 4351 regis
1280 4269 1412 4333 aeterni.
1459 4266 1536 4333 Otto
1566 4267 1678 4334 divina
1704 4267 1860 4334 favente·

211 4371 387 4457 imperator
410 4383 578 4457 augustum
677 4389 748 4450 Quia
768 4370 946 4458 imperialis
968 4385 1165 4451 magnificentia
1186 4387 1231 4449 pia
1254 4390 1280 4436 et
1302 4385 1378 4452 larga
1399 4401 1463 4451 erga
1485 4386 1528 4436 dei
1550 4386 1666 4437 cultores
1688 4391 1715 4437 et
1737 4386 1859 4438 ecclesia-

211 4504 270 4540 rum
292 4489 335 4541 dei
357 4495 536 4558 recuperatrix
558 4498 585 4543 et
607 4493 779 4544 restauratrix
802 4506 859 4541 esse
883 4489 975 4553 debet,
1006 4495 1037 4539 ut
1059 4489 1086 4538 id
1108 4489 1211 4556 egsum
1233 4471 1247 4554 ᾖ
1269 4491 1398 4554 premium
1420 4494 1552 4540 mereatur
1574 4493 1701 4556 consequi
1725 4492 1860 4556 sempiter-

212 4608 289 4644 num:
317 4578 440 4645 idcirco
465 4582 609 4645 omniurn
630 4579 775 4645 fidelium
799 4586 932 4643 sanctae
955 4574 1007 4641 dei
1030 4577 1189 4642 ecclesiae
1212 4587 1463 4665 nostrorumque
1491 4579 1691 4662 presentium
1714 4600 1753 4642 ac
1775 4579 1860 4643 iutu-

160 4697 193 4744 35
211 4703 321 4746 rorum
344 4681 474 4748 devotio
498 4685 635 4767 noverit,
659 4682 798 4769 qualiter
819 4704 881 4746 nos
904 4679 1055 4746 consultu
1078 4702 1118 4744 ac
1139 4683 1324 4745 interventu
1339 4679 1534 4745 venerabilis
1557 4681 1703 4767 episcopi
1720 4680 1859 4746 Huberti

211 4785 376 4851 karissimi
405 4785 511 4852 fidelis
538 4788 642 4853 nostri
672 4802 873 4868 adquiescentes
901 4799 1065 4865 aliquantam
1087 4804 1183 4850 terram
1206 4815 1286 4865 quam
1308 4801 1378 4866 bonq
1399 4799 1523 4865 memorie
1546 4798 1641 4849 Petrus
1664 4799 1805 4863 episcopus
1827 4798 1861 4848 ad

211 4903 352 4954 utilitatem
382 4908 569 4957 canonicorum
597 4891 632 4956 in
661 4887 823 4956 ecclesial
853 4906 938 4956 saneti
965 4904 1066 4954 Donati
1094 4897 1277 4954 confessoris⁰
1305 4909 1332 4954 et
1354 4903 1468 4954 martiris
1491 4902 1589 4953 Christi
1611 4902 1650 4953 ibi
1671 4917 1719 4967 pro
1742 4907 1861 4966 tempore

211 5007 261 5058 deo
289 5010 460 5060 servientium
488 5009 624 5060 disutbuu
651 5013 678 5059 et
704 5001 929 5059 antecessores
952 4994 1055 5057 nostri
1077 4989 1319 5077 i[mperat]ores
1341 5000 1374 5055 et
1395 5011 1489 5076 reges
1518 5010 1612 5070 postea
1638 5002 1862 5056 confirmaverunt

211 5119 238 5164 et
251 5129 268 5162 a
282 5127 331 5164 suo
349 5115 457 5181 proprio
475 5114 545 5166 dono
568 5117 801 5177 concessanuntii,
824 5111 949 5162 videlicet
970 5111 1075 5162 vineam
1096 5125 1178 5160 unam
1199 5109 1234 5160 ad
1256 5109 1353 5160 Pinum
1375 5124 1436 5160 cum
1458 5123 1551 5175 campo
1573 5109 1613 5159 ibi
1634 5123 1717 5174 prope
1740 5107 1861 5159 similiter

159 5219 193 5270 40
211 5215 246 5266 ad
259 5216 357 5268 Pinum
371 5199 549 5284 nominanted
571 5224 597 5268 et
618 5232 741 5284 campum
762 5216 874 5268 alterum
896 5217 942 5282 qui
965 5214 1062 5266 dicitur
1083 5219 1189 5280 pratum
1204 5211 1265 5264 Sale
1287 5229 1337 5264 nec
1358 5228 1412 5263 non
1434 5212 1596 5265 corticellam
1618 5227 1699 5263 uuam
1721 5227 1773 5278 que
1796 5211 1861 5264 dici-
1949 5255 1951 5260 .

211 5325 255 5369 tur
276 5319 310 5369 ad
333 5320 416 5372 Olane
438 5337 498 5372 curn
520 5335 570 5372 sua
590 5322 751 5386 pertinentia
772 5326 799 5371 et
827 5319 907 5370 aliam
934 5319 1096 5371 corticellam
1123 5335 1176 5386 quq
1204 5323 1316 5370 vocatm
1343 5319 1479 5369 Moionam
1509 5319 1559 5369 sub
1589 5319 1757 5385 integritate,
1792 5318 1862 5368 sicut

296 5507 357 5562 252.
387 5507 494 5578 [sichel]
597 5511 625 5574 a)
642 5511 689 5561 mit
706 5509 799 5561 buain
815 5509 878 5561 r'lbcr
894 5509 942 5561 da·
958 5508 1030 5562 Zeila
1046 5511 1138 5576 primo,
1156 5510 1206 5560 soie
1223 5510 1253 5560 in
1270 5507 1361 5560 DDO.
1378 5511 1422 5572 84,
1440 5511 1500 5560 1⁷⁶.

295 5593 356 5650 25³.
383 5593 552 5663 [barchitasr]
649 5597 674 5659 a)
693 5593 726 5658 A,
743 5595 791 5647 der
808 5594 945 5649 Schreibor
962 5595 1008 5646 tar
1024 5598 1110 5664 gratis
1127 5594 1189 5647 oder
1208 5595 1349 5646 clementia
1365 5594 1527 5660 uapularem
1625 5593 1654 5658 b)
1672 5592 1740 5646 meh
1758 5611 1775 5646 a
1790 5593 1863 5660 ,rblqt

382 5663 449 5715 noch
466 5666 508 5722 eiu
524 5663 684 5716 omniscium·
697 5664 849 5728 Brachtabc,
867 5665 935 5716 wohl
953 5682 968 5716 e
1045 5666 1070 5729 c)
1090 5681 1105 5717 c
1123 5681 1190 5717 corr.
1207 5681 1255 5716 arar
1271 5666 1396 5716 maiam
1415 5669 1441 5715 et
1519 5665 1545 5728 d)
1557 5662 1590 5728 A,
1607 5667 1787 5718 nominantem
1805 5662 1862 5716 VU.

262 5774 450 5820 mmmeu
464 5775 483 5818 1.
1615 5771 1655 5830 46
