4560 6420
414 393 480 462 244
1012 397 1462 458 KAISEBURKUNDEN.

416 603 498 655 carris
521 607 548 654 et
568 601 714 664 saumariis,
736 598 891 668 negetiandi
912 599 998 666 gratia
1018 599 1088 648 irent
1110 601 1136 648 et
1158 595 1281 660 redirent,
1302 596 1406 647 nullum
1427 596 1561 648 teloneum
1584 596 1724 664 quisquam
1746 597 1785 646 rei
1807 594 1930 662 publicae
1953 595 2075 648 admini-

416 710 513 757 strator
538 706 573 756 ab
601 705 640 756 eis
668 705 792 772 exigeret.
835 703 888 754 Pro
910 700 1042 752 firmitatis
1064 715 1178 768 namque
1201 700 1289 751 studio
1312 702 1390 767 petiit
1409 701 1479 754 idem
1501 684 1567 751 Uto
1590 699 1752 752 venerabilis
1774 700 1930 766 episcopus,
1960 706 1993 752 ut
2021 703 2074 751 im-

416 814 569 876 peratorum
591 824 624 860 ac
645 825 751 877 regum,
781 814 978 860 antecessorum
1000 803 1126 856 videlicet
1147 810 1313 870 nostrorum,
1343 807 1547 858 auctoritatibus
1576 806 1646 856 hanc
1679 809 1796 856 nostram
1830 803 2074 870 superadderemus

417 916 610 966 auctoritatem.
645 913 728 964 Citius
750 913 873 978 petitioni
895 910 1069 962 libentissime
1091 908 1233 959 annuimus
1255 914 1283 960 et
1303 903 1378 962 hoc*
1399 914 1505 962 nostrae
1528 910 1695 960 auctoritatis
1716 913 1886 974 praeceptum
1908 907 1967 960 fieri
1989 909 2074 960 iussi-

417 1034 475 1070 mus
497 1035 546 1084 per
566 1017 638 1084 quod
661 1018 784 1070 omnibus
806 1018 949 1070 comitibus
971 1007 1079 1065 sicariis
1102 1015 1261 1065 centenariis
1283 1015 1326 1066 vel
1349 1015 1472 1066 omnibus
1495 1030 1550 1065 rem
1578 1013 1714 1079 publicam
1742 1013 1991 1064 admimshmtibus
2021 1017 2111 1066 asub

417 1124 519 1176 cunctis
546 1122 670 1175 fidelibus
697 1124 794 1174 normis
821 1123 1013 1188 praecipimus,
1043 1125 1074 1170 ut
1096 1120 1186 1172 nullus
1208 1125 1326 1172 vestrum
1348 1120 1382 1172 de
1403 1121 1485 1171 rebus
1505 1135 1573 1187 quas
1595 1119 1703 1186 navigio
1725 1102 1795 1170 velb
1822 1124 1941 1183 terreno,
1971 1119 2000 1170 id
2030 1125 2074 1171 est

417 1244 477 1278 cum
500 1227 582 1279 carris
604 1233 631 1278 et
653 1227 799 1290 saumariis,
822 1242 870 1292 per
891 1240 973 1292 regma
995 1224 1045 1276 deo
1068 1225 1184 1290 propitio
1207 1229 1298 1275 nostm
1319 1223 1439 1275 homines
1462 1224 1581 1276 eiusdem
1598 1222 1814 1290 strazburgensis
1837 1223 1965 1275 ecelesiae
1987 1239 2072 1290 nego-

415 1330 501 1381 tiandi
529 1323 639 1397 gratia⁰
668 1330 807 1393 duxerint,
841 1329 1003 1395 ubicumque
1026 1346 1162 1382 accessum
1184 1331 1340 1394 habuerint,
1374 1329 1477 1380 nullum
1500 1329 1634 1380 teloneum
1657 1333 1704 1380 aut
1725 1329 1867 1394 ripaticum
1888 1333 1935 1380 aut
1956 1330 2073 1394 portati-

416 1417 501 1486 cum‘¹
524 1440 572 1486 aut
592 1435 758 1500 pontaticum
779 1439 828 1485 aut
849 1434 1020 1486 salutaticum
1043 1441 1090 1485 aut
1112 1435 1296 1500 cespitaticum
1318 1439 1365 1485 aut
1385 1417 1528 1486 rotaticum
1549 1438 1597 1484 aut
1615 1434 1765 1484 cenaticum
1787 1439 1834 1484 aut
1850 1434 1999 1498 pastionem
2022 1439 2074 1484 aut

415 1539 579 1592 laudaticum
602 1545 648 1590 aut
669 1539 830 1591 trabaticum
853 1545 900 1590 aut
921 1539 1116 1605 pulveraticum
1139 1545 1187 1590 aut
1207 1539 1293 1590 ullum
1316 1555 1456 1591 occursum
1477 1537 1520 1589 vel
1543 1537 1628 1588 ullum
1650 1553 1758 1588 censum
1781 1541 1828 1588 aut
1849 1537 1931 1588 ullam
1952 1536 2072 1587 reddibi-
2093 1537 2129 1585 10

415 1636 538 1694 tionem⁰
560 1643 681 1708 accipere
703 1641 747 1693 vel
769 1645 892 1694 exactare
915 1641 1013 1693 audeat
1035 1648 1083 1693 aut
1103 1641 1256 1694 bominibus
1278 1644 1324 1709 qui
1347 1641 1439 1694 eadem
1461 1641 1634 1693 mercimonia
1654 1640 1824 1707 praevident,
1856 1640 1939 1691 ullam
1965 1642 2072 1707 inquie-

415 1746 535 1798 tudinem
558 1751 605 1798 aut
626 1746 845 1812 impedimentum
866 1745 955 1798 iacere
976 1751 1136 1812 praesumat,
1159 1747 1207 1798 sed
1228 1746 1309 1797 liceat
1330 1747 1369 1797 eis
1390 1762 1438 1812 per
1460 1745 1529 1797 hanc
1546 1751 1664 1797 nostram
1679 1746 1864 1796 auctoritatem
1878 1760 1939 1796 cum
1952 1747 2072 1796 navibus

388 1903 394 1912 ,
416 1855 444 1902 et
465 1851 560 1902 cetaria
582 1850 713 1902 vehiculis
735 1850 836 1917 absque
858 1849 939 1901 ullius
962 1851 1149 1902 contrarietate
1171 1850 1215 1902 vel
1237 1850 1425 1916 inpedimento
1447 1867 1495 1917 per
1516 1851 1671 1902 universum
1693 1851 1832 1916 imperium
1853 1853 1987 1912 nostrum
2010 1850 2072 1900 ubi-

417 1970 530 2021 cumque
552 1954 591 2006 eis
613 1969 721 2006 noeesse
742 1954 837 2018 fuerit,
867 1953 951 2006 libere
974 1961 1001 2006 et
1023 1970 1115 2006 secure
1137 1957 1176 2006 ire
1199 1961 1225 2006 et
1247 1953 1348 2020 redire,
1380 1960 1407 2007 et
1428 1957 1452 2006 si
1473 1954 1578 2021 aliquas
1599 1968 1686 2005 moras
1708 1954 1737 2002 in
1765 1953 1885 2019 quolibet
1911 1951 1972 2004 loco
2000 1953 2072 2005 lece-

417 2059 471 2109 rint
484 2063 539 2108 aut
560 2060 669 2110 mercati
692 2058 792 2110 inerint
812 2058 856 2110 vel
878 2059 1059 2122 vendiderint,
1089 2059 1156 2110 nihil
1179 2060 1212 2111 ab
1236 2060 1274 2111 eis
1296 2075 1404 2126 prorsus
1426 2065 1457 2111 ut
1478 2059 1579 2111 dictum
1600 2064 1642 2110 eat
1668 2058 1766 2110 telonei
1792 2059 1922 2125 exigatur.
1965 2043 2011 2107 Et
2034 2053 2073 2109 ut
2094 2055 2128 2104 15

416 2146 498 2211 haec
528 2145 784 2213 confirmationis
811 2156 944 2213 nostrae
973 2149 1151 2214 auctoritas
1180 2148 1360 2235 pleniorem
1386 2151 1420 2214 in
1450 2150 1503 2216 dei
1533 2151 1664 2216 nomine
1694 2148 1840 2214 obtineat
1871 2148 2072 2234 firmitatem,

417 2273 517 2318 manu
538 2259 653 2316 nostra
676 2250 787 2316 subter
808 2273 882 2318 eam
903 2251 1104 2317 firmavimus
1128 2262 1161 2317 et
1181 2252 1271 2319 anuli
1293 2255 1396 2319 nostri
1418 2256 1633 2340 impressione
1655 2255 1817 2339 assignari
1839 2254 2004 2320 iussimus.

518 2388 655 2475 Signum
677 2388 788 2456 domni
813 2387 943 2456 Ottonis
967 2391 1164 2456 serenissimi
1186 2392 1282 2477 regis.

521 2494 612 2560 Brun
634 2492 849 2560 cancellarius
872 2493 1021 2559 advicem
1042 2491 1205 2560 Fridurici
1228 2493 1505 2582 archicappellani
1526 2496 1715 2582 recognovi.

520 2632 611 2698 Data
631 2630 740 2698 idibus
762 2630 918 2699 februarii
940 2655 1027 2698 anno
1050 2632 1285 2698 incarnationis
1313 2632 1437 2699 domini
1467 2649 1658 2717 Dcccchm,
1693 2632 1871 2699 indictione
1893 2650 1946 2716 xl,
1982 2651 2129 2700 annuae

419 2760 497 2803 vero
520 2739 611 2824 regni
628 2736 758 2804 Ottonis
781 2739 867 2824 regis
883 2755 976 2822 xvn3
999 2746 1110 2804 actum
1124 2739 1158 2803 in
1172 2737 1368 2804 Herenstein
1383 2737 1524 2824 palatio,
1546 2739 1581 2803 in
1597 2737 1649 2803 dei
1663 2739 1796 2803 nomine
1809 2735 2073 2822 feliciter-'amem

1200 2963 1286 3038 163.

428 3116 509 3193 Ouo
531 3115 738 3191 wiederbolt
758 3116 833 3217 aas
852 3115 987 3194 &aad
1008 3119 1103 3192 eines
1127 3119 1432 3217 Zeoqeobeweieee
1456 3118 1514 3194 die
1536 3119 1750 3194 Βωιίὺιιίίοπ
1769 3121 1933 3219 yewaser
1958 3117 2076 3196 Gerar

419 3241 470 3313 im
491 3237 617 3313 Eleusa
639 3264 689 3312 aa
711 3237 778 3313 doe
799 3238 965 3314 Bistbum
991 3237 1101 3316 Char.
1141 3309 1142 3312 ,
1584 3279 1707 3340 Mei„
1728 3281 1793 3340 953
1814 3279 1954 3340 mm,
1974 3283 2028 3340 24.

526 3464 774 3540 Oripinaldiplom
795 3467 838 3525 im
860 3467 1062 3538 bisehdliicbeo
1083 3463 1194 3526 Archiv
1214 3485 1256 3527 aa
1280 3466 1361 3526 Char
1384 3467 1396 3547 (
1424 3465 1446 3545 ).
2093 3495 2130 3543 25

527 3602 656 3663 iactatis·
681 3602 782 3664 Gallio
808 3608 923 3664 comm
944 3609 1009 3666 317
1030 3607 1078 3664 eit.
1110 3639 1153 3646 —
1181 3605 1329 3680 Scbcpltia
1356 3606 1420 3668 Ale.
1445 3607 1517 3682 dipl.
1543 3613 1572 3679 1,
1596 3610 1662 3670 112
1680 3612 1715 3665 πθ
1737 3609 1802 3667 138
1829 3622 1866 3666 ea
1893 3605 2076 3667 aarum

524 3705 656 3780 Stranpf.
686 3741 729 3786 ·.·
755 3706 941 3768 Grarrdidier
961 3711 995 3768 ia
1016 3709 1202 3770 Woratweto
1223 3711 1308 3770 Novo
1329 3712 1408 3770 sade.
1432 3715 1462 3782 3,
1486 3713 1551 3772 367
1571 3717 1606 3770 πθ
1628 3713 1672 3774 92
1692 3727 1749 3770 aas
1772 3709 1809 3769 Α.
1833 3743 1875 3756 -
1895 3710 1987 3769 Mohr
2010 3708 2074 3771 OD.

523 3810 609 3870 Rari.
632 3815 663 3881 1,
686 3814 729 3872 73
750 3815 785 3870 rs⁰
807 3813 846 3871 51
877 3829 934 3872 aare
956 3811 994 3871 A.
1028 3846 1071 3856 —
1103 3813 1233 3874 astoer
1253 3814 1324 3888 aa.
1348 3817 1422 3877 198.
1455 3849 1498 3859 -
1533 3814 1662 3888 Stamps
1679 3814 1751 3888 aa.
1773 3817 1847 3878 221.
1882 3847 1924 3856 —
1957 3813 2077 3874 Hidber

523 3916 596 3991 aeq.
620 3918 715 3977 1045.

527 4054 661 4126 Versasst
683 4055 748 4114 aad
766 4055 954 4128 pactarum
973 4073 1030 4114 von
1052 4055 1118 4115 dem
1141 4060 1199 4116 eret
1223 4061 1311 4118 strecs
1333 4061 1437 4131 epuler
1457 4058 1503 4117 als
1518 4056 1657 4132 Mitpb’ed
1674 4057 1727 4117 der
1740 4057 1870 4117 Koaelei
1891 4053 2074 4118 mamaea-
2093 4041 2131 4124 ao

525 4159 582 4217 den
596 4157 721 4230 Idutots
735 4158 772 4218 Ε.
810 4158 954 4218 Eiracebte
976 4159 1168 4234 Weadospea
1190 4161 1333 4219 celebrate
1356 4179 1389 4219 er
1410 4161 1476 4221 dero
1497 4160 1560 4232 auf
1577 4161 1723 4223 disselbea
1744 4161 1944 4236 Besitraapeu
1965 4161 2075 4237 becap-

525 4261 619 4321 licben
642 4261 677 4341 (s.
701 4261 810 4321 Fickert
831 4261 926 4322 Beitr.
953 4266 981 4332 1,
1005 4259 1060 4339 84)
1082 4262 1150 4323 DO.
1174 4265 1246 4324 157.

526 4449 584 4530 (G.)
610 4447 625 4535 ξ
651 4449 690 4515 In
718 4451 850 4515 nomine
879 4460 1037 4516 sanctaea
1065 4461 1097 4516 et
1129 4449 1317 4517 individuae
1351 4452 1515 4517 trinitatis.
1561 4450 1640 4516 Otto
1670 4449 1781 4517 divina
1809 4453 1914 4536 gratia
1942 4451 2077 4518 favente

422 4577 491 4620 rex.
588 4553 748 4620 Noverint
777 4576 891 4620 omnes
914 4555 948 4619 in
971 4553 1101 4620 Christo
1124 4554 1237 4620 fideles
1266 4557 1386 4639 nostri,
1408 4553 1423 4638 Ε
1445 4555 1584 4643 qualiter
1610 4555 1716 4621 fidelis
1744 4567 1856 4623 noster
1877 4558 2076 4644 Hartpertus

422 4657 618 4725 venerabilis
646 4657 827 4725 aecclesiae
856 4655 1022 4724 (lariensis
1052 4662 1225 4746 episcopus
1260 4659 1380 4726 obtulit
1407 4661 1591 4746 presentiae
1618 4669 1751 4726 nostrae
1780 4671 1934 4747 precepta
1961 4683 2077 4746 regum
2096 4683 2133 4731 35

425 4773 669 4831 antecessorum
683 4772 880 4847 nostrorum,
905 4764 1106 4830 continentia
1122 4764 1288 4848 quandam
1302 4766 1537 4850 proprietatem
1558 4767 1593 4830 in
1607 4763 1743 4831 Alsacia
1765 4764 1808 4829 ab
1824 4765 1904 4850 ipsis
1927 4767 2077 4850 prefatae

425 4868 585 4933 aeclesiae
607 4867 742 4933 firmiter
764 4866 950 4932 condonata
962 4865 986 4950 Β,
1010 4866 1066 4931 diu
1094 4876 1204 4932 tamen
1232 4867 1308 4933 inde
1336 4869 1455 4934 iniuste
1484 4866 1689 4933 abstracta.b
1731 4868 1800 4934 Nos
1822 4889 1900 4932 vero
1933 4870 1968 4933 in
2001 4871 2078 4955 ipsa

424 4971 595 5057 provincia
615 4970 729 5036 habito
753 4969 918 5058 colloquio
941 4972 1114 5036 veritatem
1136 4969 1297 5036 eiustemb
1326 4971 1513 5038 donationis
1541 4972 1687 5039 fidelium
1708 4982 1895 5038 nostrorum
1916 4973 2077 5040 relatione

424 5075 620 5161 testiumque
649 5073 840 5139 idoneorum
869 5071 1132 5160 approbatione⁰
1162 5097 1273 5141 coram
1303 5076 1453 5142 omnibus
1481 5078 1736 5162 investigantes,
1775 5075 1816 5143 ob
1846 5099 1993 5143 amorem
2021 5077 2076 5143 dei

424 5178 591 5266 ipsiusque
625 5179 849 5243 sanctissimae
883 5178 1049 5264 genitricis
1071 5178 1196 5244 Mariae
1219 5189 1251 5246 et
1280 5177 1410 5246 sanctid
1445 5181 1642 5246 confessoris
1665 5179 1787 5246 Christi
1810 5181 1905 5247 Lucii
1934 5180 2075 5249 eandem
2096 5203 2132 5251 40

424 5283 657 5368 proprietatem
692 5303 790 5370 quam
823 5282 1005 5368 periculose
1039 5293 1072 5348 et
1104 5285 1222 5350 iniuste
1256 5286 1470 5370 cognovimus
1505 5283 1670 5368 ablatam,
1715 5284 1867 5352 consultu
1902 5307 2077 5370 procerum

513 5452 569 5509 lta.
598 5451 694 5587 [ssis]
798 5457 824 5517 a)
847 5453 879 5519 0,
907 5456 977 5506 hunc
994 5454 1021 5506 B
1124 5455 1152 5519 b)
1172 5454 1262 5507 autO
1360 5457 1386 5517 c)
1405 5454 1531 5508 museo
1630 5455 1658 5522 d)
1677 5463 1724 5508 aut
1740 5458 1899 5523 portaticum
1918 5453 1990 5519 seltlt
2008 5457 2038 5505 in
2059 5455 2085 5509 0

596 5541 611 5575 e
668 5560 675 5576 .

513 5625 570 5682 102.
595 5625 707 5748 ffiel]
755 5699 761 5710 Ι
811 5629 1055 5690 a)ccorr.aara
1158 5630 1228 5693 b)rl
1334 5629 1726 5696 c)dueeretepcon·.carb
1831 5627 2078 5691 ‹incremat-

676 5697 831 5763 marcam.
2097 5721 2134 5770 ss
