4560 6420
1009 411 1461 469 KAISERURKUNDEN.

1192 591 1278 664 tat.

418 752 498 827 Otto
521 750 661 824 schenkl
683 750 762 822 deor
784 750 948 822 Bisthum
974 749 1113 823 Utrcebt
1134 749 1199 822 dos
1221 746 1366 820 Kloster
1388 774 1433 820 za
1459 747 1560 821 Thiel
1581 750 1647 822 mit
1667 749 1770 822 alleva
1794 751 1962 823 Zahelror
1984 749 2072 822 aad

410 872 489 944 darn
513 869 808 968 Weiderrpebr'r'sob
831 870 886 941 bei
913 869 1023 942 'itaet
1542 909 1742 984 mm„
1766 913 1828 968 950
1851 909 1943 982 Am„
1963 913 2019 969 20.

512 1097 644 1156 Cleartat.
671 1099 793 1155 Troiad.
819 1097 868 1155 des
891 1102 941 1156 11.
965 1097 991 1156 J
992 1098 1018 1155 b.
1043 1096 1066 1167 f.
1091 1095 1142 1156 34¹
1166 1100 1208 1154 im
1231 1097 1412 1157 Brittiscbca
1435 1099 1638 1156 nausearum
1660 1099 1786 1157 Leodon
1810 1096 1874 1177 (A)
1897 1133 1941 1141 —
1970 1099 2070 1157 Liber
2097 1097 2099 1100 ’

510 1202 609 1259 (tonat.
632 1218 689 1258 aas
712 1201 777 1258 cle-ra
798 1201 885 1259 Eudo
907 1200 957 1258 des
980 1204 1030 1261 12.
1048 1201 1100 1260 Jh.
1126 1201 1150 1271 f.
1167 1199 1217 1260 10'
1237 1204 1278 1260 im
1293 1203 1397 1260 Besita
1412 1203 1464 1260 der
1477 1203 1684 1262 aitrb'mischea
1699 1204 1857 1263 Gerticr'ade
1872 1223 1913 1262 aa
1931 1205 2065 1274 Utrecbt,
2086 1217 2104 1263 5
2138 1284 2142 1290 .

509 1323 565 1364 aas
588 1304 618 1362 A
640 1299 712 1382 (B1).

509 1443 593 1500 Hedu
623 1443 701 1500 Hist.
727 1459 769 1515 cp.
797 1443 948 1502 Ultror'ect.
971 1446 1038 1502 262
1065 1461 1121 1502 aas
1145 1443 1174 1501 B
1197 1466 1237 1494 =
1261 1445 1535 1504 Herio-Bucherius
1558 1449 1599 1504 86
1622 1445 1664 1524 (a)
1689 1468 1730 1498 =
1751 1446 1892 1504 Dura-bor
1913 1447 2067 1504 Derenter

507 1550 580 1614 227,
606 1568 646 1597 =
670 1547 754 1603 Iaera
776 1546 891 1604 Aloade
914 1547 991 1604 Heli.
1017 1549 1084 1606 nist.
1108 1551 1145 1617 2,
1169 1551 1242 1618 187,
1269 1571 1307 1598 :-
1332 1549 1440 1606 Mierr's
1466 1549 1543 1606 Holl.
1570 1547 1622 1607 Ob.
1646 1549 1683 1606 Β.
1709 1554 1742 1618 1,
1767 1553 1817 1608 43.
1850 1582 1892 1591 -
1924 1550 1996 1608 Jok.
2028 1550 2066 1607 de

507 1649 617 1722 chdt's
642 1647 710 1709 Ora.
736 1651 813 1707 Holl.
839 1655 911 1708 107.
944 1683 981 1691 -
1012 1650 1150 1708 Boudaia
1174 1648 1226 1708 Ch.
1252 1651 1289 1708 B.
1319 1669 1378 1708 area
1403 1651 1582 1709 Geldcrload
1612 1655 1644 1720 1,
1670 1655 1709 1712 59
1738 1659 1772 1708 πθ
1794 1655 1835 1712 66
1864 1669 1921 1710 oros
1949 1671 1969 1710 a
1999 1653 2066 1710 arad

507 1753 599 1813 MSS.
624 1785 665 1795 —
688 1753 766 1812 Ascla
789 1754 1038 1812 Handelsocrbeer
1059 1773 1118 1812 aaa
1139 1754 1255 1814 Utrecht
1279 1757 1307 1823 4,
1331 1759 1397 1814 262
1418 1772 1475 1813 aas
1497 1756 1534 1813 E.
1564 1788 1606 1797 —
1636 1755 1718 1814 Sloct
1744 1755 1806 1815 OB.
1831 1774 1890 1814 oea
1908 1756 1997 1814 Gelrc
2021 1759 2065 1816 86
2087 1769 2121 1816 lo

506 1865 540 1914 rr⁰
563 1863 606 1918 92
627 1876 683 1916 aas
706 1859 744 1916 B.
768 1892 810 1901 —
833 1858 962 1916 Bolon-cr
983 1860 1053 1933 ch.
1079 1865 1151 1919 173.
1178 1893 1216 1901 -
1242 1860 1371 1932 Sturupf
1389 1861 1460 1932 Rep.
1485 1863 1557 1918 187.

509 1995 569 2068 va.
594 1995 660 2086 no.
686 2000 758 2056 123.

610 2182 649 2246 ln
678 2186 809 2248 nomine
839 2194 951 2248 sancte
981 2193 1013 2248 et
1041 2182 1206 2249 individue
1236 2186 1400 2249 trinitatis,
1446 2184 1549 2249 Οῐτοτι
1577 2184 1688 2248 divina
1722 2185 1851 2249 favente
1884 2186 2063 2250 clementia

403 2311 472 2352 rex.
561 2286 683 2351 Notum
707 2289 748 2351 sit
771 2289 921 2354 omnibus
944 2288 1095 2354 fidelibus
1117 2291 1238 2353 nostris
1262 2288 1466 2374 presentibus
1491 2287 1616 2351 scilicet
1636 2299 1668 2351 et
1685 2288 1811 2372 futuris,
1836 2289 1976 2374 qualiter
2000 2313 2064 2354 nos

405 2390 445 2454 ob
476 2413 620 2454 amorem
650 2389 700 2453 dei
730 2401 905 2476 nostreque
934 2393 1113 2458 remedium
1144 2397 1251 2458 anime
1281 2395 1514 2458 monasterium
1545 2395 1578 2456 in
1606 2392 1678 2458 loeo
1708 2393 1803 2458 Tiala
1835 2405 2062 2460 constructum
2085 2411 2118 2456 to

403 2518 478 2559 cum
508 2516 596 2558 nova
625 2503 721 2578 atquo
750 2495 880 2580 lapidea
909 2499 942 2560 in
971 2497 1087 2561 eodem
1115 2499 1188 2563 loeo
1217 2501 1349 2562 civitate
1373 2497 1588 2581 omnibusque
1611 2498 1757 2581 ecclesiis
1780 2497 1902 2584 prediis
1924 2499 2062 2564 familiis

403 2600 576 2682 mancipiis
600 2598 689 2662 silvis
713 2603 806 2684 aquis
829 2601 1065 2684 piscationibus
1090 2605 1222 2686 pascuis
1239 2604 1341 2687 pratis
1359 2601 1573 2686 omnibusque
1589 2600 1632 2665 ad
1646 2601 1806 2686 prefatum
1823 2605 2062 2668 monasterium

402 2702 453 2765 vel
477 2700 519 2766 ad
542 2700 699 2786 eeclesias
724 2724 744 2765 a
767 2701 945 2786 Waldgero
971 2714 1003 2767 et
1026 2727 1046 2767 a
1067 2703 1134 2769 filio
1160 2707 1228 2768 eius
1251 2703 1456 2768 Radbodonc
1477 2728 1538 2769 nec
1562 2726 1628 2769 non
1652 2715 1684 2769 ct
1705 2705 1850 2770 Hattone
1874 2716 1906 2770 et
1928 2706 2062 2772 illorum
2159 2700 2162 2706 ¹

402 2805 665 2871 antecessoribus
684 2805 728 2869 ad
746 2808 811 2869 iam
830 2805 952 2870 dictum
970 2809 1204 2872 monasterium
1225 2810 1260 2871 in
1283 2809 1452 2892 proprium
1475 2810 1640 2871 concessis
1663 2809 1732 2872 iure
1754 2809 1994 2892 pertinentibus
2018 2809 2062 2873 ad

402 2910 624 2996 episcopalem
648 2909 758 2973 sedem
774 2911 1018 2974 'l‘raicctensem
1039 2914 1072 2974 in
1097 2912 1219 2976 honore
1244 2914 1347 2975 sancti
1372 2911 1503 2975 Martini
1527 2923 1758 2994 constructam,
1781 2914 1835 2975 eui
1857 2934 1946 2977 nunc
1962 2936 2060 2977 vene·
2080 2932 2116 2977 ao

401 3014 513 3079 rabilis
537 3016 712 3099 episeopus
734 3012 907 3078 Baldricus
931 3023 1048 3098 preest,
1076 3017 1209 3100 insuper
1231 3016 1330 3097 qtiam
1353 3013 1504 3078 salictum
1527 3016 1619 3078 iuxta
1643 3015 1866 3100 supradictam
1890 3018 2061 3081 civitatem

401 3119 496 3184 'Piala
520 3121 617 3183 situm
638 3120 708 3182 iure
731 3117 887 3202 perhenni
912 3120 945 3181 in
968 3120 1136 3202 proprium
1160 3118 1364 3182 donavimus,
1405 3118 1564 3182 Iussimus
1588 3140 1716 3205 quoque
1739 3118 1814 3183 inde
1836 3120 1898 3183 hoc
1923 3141 2061 3204 presens

402 3232 591 3309 preceptum
620 3221 784 3285 conscribi
815 3244 873 3306 per
901 3222 989 3306 quod
1017 3222 1166 3286 volumus
1196 3223 1393 3306 firmiterque
1427 3222 1592 3302 iubenum,
1627 3234 1663 3286 ut
1692 3221 1798 3286 nullus
1829 3244 2061 3288 successorum

402 3338 596 3409 nostrorum,
619 3323 772 3388 videlicet
795 3346 918 3407 rogum,
948 3324 1097 3410 aliquidb
1121 3325 1161 3389 de
1184 3326 1234 3389 his
1256 3337 1368 3389 nostro
1393 3326 1479 3390 dono
1504 3325 1631 3390 collatis
1655 3325 1811 3412 prehbatq
1835 3326 2060 3392 Traieetensis

402 3429 488 3492 sedis
511 3429 648 3513 ecclesie
673 3428 799 3492 auferre
823 3427 942 3491 habeat
966 3439 1169 3512 potestatem,
1197 3451 1296 3493 manu
1318 3439 1431 3493 nostra
1455 3429 1567 3494 subtus
1590 3430 1753 3494 firmatum
1776 3428 1932 3516 anulique
1955 3433 2114 3494 nostrisa

401 3536 614 3619 impressione
637 3533 838 3598 roboratum.

505 3671 640 3756 Signum
664 3670 776 3735 domni
800 3669 955 3735 Ottonis³
978 3672 1173 3735 serenissimi
1197 3673 1293 3755 regie.

503 3776 593 3840 Brun
617 3773 833 3839 cancellarius
856 3773 1007 3838 adviocm
1030 3773 1182 3839 wicfridi
1207 3774 1461 3860 archicapellani
1485 3777 1671 3858 recognovi.

502 3912 592 3976 Data
622 3930 683 3976 xil.
708 3911 774 3976 kal.
804 3914 879 3976 mai.
910 3934 996 3975 anno
1027 3910 1188 3994 dominice,
1218 3913 1452 4003 incarnationis
1482 3929 1631 3995 ncoccn,
1665 3912 1841 3976 indictione
1866 3930 1935 3996 vn,
1971 3938 2060 3980 anno

400 4039 477 4080 vero
500 4019 592 4100 regni
616 4015 771 4080 Ottonis“
792 4018 879 4100 regis
902 4034 967 4097 xv3
991 4025 1099 4079 actum
1124 4015 1414 4101 Quidilingaburg3
1437 4019 1471 4081 in
1495 4016 1544 4080 dei
1569 4019 1699 4080 nomine
1721 4016 1859 4080 feliciter
1882 4039 1994 4082 amen.
2080 4035 2114 4082 oo

1182 4257 1268 4331 125.

409 4413 488 4489 Orto
511 4414 651 4488 seranta
673 4413 762 4486 deor
778 4411 921 4510 Grafoa
946 4412 1104 4512 Geraap,
1137 4414 1304 4487 Vosollca
1324 4415 1436 4486 scinco
1454 4410 1589 4488 Sabaea
1611 4413 1759 4511 Ludols,
1782 4414 1878 4488 saclas
1896 4415 2060 4517 Kdnips-

398 4537 511 4633 lnrfea
534 4536 574 4607 ia
598 4533 743 4606 Wolluu
765 4533 845 4604 aad
866 4532 1130 4607 Brackeaheim.
1645 4574 1778 4634 usage„
1800 4579 1818 4634 9
1822 4578 1866 4634 50
1889 4575 1960 4636 Ma,
1984 4584 2015 4637 ,¹

386 4731 392 4734 “
501 4764 592 4821 Liber
620 4763 705 4820 olous
736 4761 903 4832 Wirabarq.
934 4779 986 4817 ura
1014 4763 1100 4820 1278
1127 4762 1312 4834 pesclrriebea
1340 4762 1363 4833 f.
1393 4765 1434 4821 16
1464 4763 1506 4819 ior
1536 4763 1563 4821 t.
1593 4725 1785 4822 Krcisarchio
1810 4781 1852 4821 aa
1883 4765 2063 4842 wareto-ry

502 4864 564 4943 (B).
589 4900 631 4908 —
653 4866 744 4923 Liber
766 4865 920 4936 copiarum
942 4861 987 4943 (rr'
1003 4862 1033 4941 5)
1056 4865 1105 4923 des
1128 4869 1178 4923 14.
1196 4865 1248 4924 Jb.
1268 4883 1301 4937 p.
1325 4869 1389 4926 226
1412 4866 1530 4935 ebeada,
1554 4884 1610 4924 cros
1634 4867 1663 4924 B
1684 4864 1743 4943 (0).
2083 4884 2117 4930 35

501 5003 584 5062 Mon.
610 5004 702 5062 Boicu
724 5007 790 5072 31⁰,
815 5006 877 5062 196
899 5008 933 5059 a⁰
956 5007 1017 5062 101
1042 5020 1098 5061 aas
1123 5001 1152 5062 Ο.
1177 5036 1219 5046 -
1243 5003 1371 5077 Stampf
1389 5004 1459 5077 Regi.
1484 5008 1556 5063 168.

503 5142 564 5200 Voa
585 5142 653 5201 BA.
677 5141 803 5212 rcrsosst
828 5143 901 5213 ancl,
926 5145 980 5200 rote
1003 5143 1057 5200 das
1080 5144 1114 5199 ia
1136 5143 1166 5200 B
1188 5103 1364 5215 abyebildete
1388 5143 1448 5202 SR.
1473 5142 1605 5213 ἀει-11166,
1629 5143 1827 5216 tratafertiyt.

603 5328 641 5390 In
664 5331 794 5392 nomine
818 5339 928 5392 sancte
952 5340 984 5392 et
1010 5328 1198 5392 individuae
1228 5330 1390 5393 trinitatis.
1437 5329 1514 5394 Otto
1539 5329 1648 5394 divina
1673 5330 1852 5394 auxiliante
1878 5332 2062 5400 clementia

397 5457 466 5497 rex.
553 5434 712 5497 Noverint
735 5457 846 5496 omnes
869 5432 982 5496 fideles
1005 5435 1107 5497 nostri
1130 5431 1300 5517 presentes
1321 5434 1444 5498 scilieet
1467 5445 1498 5497 et
1520 5433 1628 5515 futuri,
1653 5433 1790 5519 qualiter
1806 5456 1870 5498 nos
1891 5439 2063 5522 quasdam

397 5561 447 5601 res
476 5540 553 5603 iuris
583 5539 684 5602 nostri
714 5559 771 5620 per
800 5539 1015 5600 interventum
1045 5535 1177 5599 Lvdolfi
1207 5539 1308 5601 nostri
1340 5537 1447 5602 dilecti
1477 5537 1532 5601 filii
1563 5538 1695 5602 cuidam
1725 5538 1773 5601 sui
1804 5539 1910 5622 ipsius
1940 5545 2062 5611 vasalo
2084 5566 2120 5613 40

484 5707 541 5761 lat.
570 5705 866 5776 [Liebermaun-Folta]
965 5707 991 5770 a)
1011 5707 1044 5768 B,
1065 5708 1151 5771 Oddo,
1171 5708 1332 5759 OddonisA
1435 5711 1461 5772 b)
1481 5711 1515 5772 B,
1533 5708 1557 5760 A
1575 5709 1620 5760 tot
1637 5709 1681 5761 dia
1699 5708 1918 5775 Abkiirzrmyfia'r
1937 5716 2063 5783 aliquod.
