4560 6420
445 393 507 458 160
1038 393 1491 452 KAISERURKUNDEN.

443 580 520 669 quid
547 580 709 645 voluerint
737 577 855 641 exinde
884 576 1035 642 faciendi.
1080 578 1124 640 Et
1151 585 1187 640 nt
1213 575 1273 638 bec
1300 575 1479 637 auctoritas
1501 583 1614 636 nostra
1635 571 1729 635 firma
1751 582 1783 634 et
1803 569 2005 635 inconvulsa
2028 590 2100 653 per·

441 695 586 766 maneat,
609 705 709 747 manu
731 690 845 745 nostra
867 681 1068 744 firmavimus
1091 679 1254 765 anuloque
1275 686 1387 741 nostro
1411 677 1559 760 insigniri
1580 677 1795 761 precepimus.

543 821 665 886 Actum
687 842 772 884 anno
797 818 839 883 ab
860 819 1085 883 incarnatione
1108 817 1231 882 domini
1254 831 1460 896 Dccccxnw,
1484 811 1661 878 indictione
1683 830 1747 894 1111,
1769 820 1928 896 regnante
1946 812 2005 896 pio
2019 831 2099 892 rege

442 925 562 991 Ottone
586 947 672 989 auno
698 942 745 988 111.

1230 1111 1291 1184 81.

450 1267 530 1346 Otto
555 1269 757 1368 peaebmipt
783 1267 840 1341 die
867 1265 1030 1366 Stefluop
1056 1266 1116 1339 cles
1142 1266 1305 1340 Klosters
1335 1263 1524 1338 Woulsort.
2119 1355 2123 1358 -

1576 1401 1698 1460 Rheims
1721 1403 1783 1459 916
1805 1399 1976 1472 September
1999 1401 2051 1456 19.

545 1597 708 1658 Chattolor
727 1615 783 1656 coa
804 1597 954 1658 Woalsort
982 1614 1039 1655 aas
1066 1595 1120 1653 der
1146 1595 1235 1652 Mitte
1264 1593 1315 1651 des
1344 1596 1394 1651 11.
1419 1592 1471 1650 Jt.
1502 1589 1526 1662 s,
1551 1592 1657 1649 1710
1680 1588 1944 1648 Stootsorelsioeu
1967 1586 2097 1644 Brassa

545 1701 605 1780 (Α).
629 1735 672 1745 -
695 1700 858 1760 osanam
878 1718 934 1758 000
956 1699 1107 1758 Woulsoet
1128 1715 1193 1756 0001
1220 1697 1253 1756 J.
1278 1698 1361 1755 1735
1389 1694 1447 1753 Bd.
1472 1697 1501 1764 5,
1527 1712 1560 1766 p.
1584 1696 1650 1754 237
1678 1696 1719 1749 im
1742 1692 1945 1751 Stootsorcln'e
1966 1708 2008 1748 aa
2030 1690 2096 1748 No·

543 1823 613 1864 mur
636 1803 698 1883 (Β).
722 1838 765 1846 -
787 1803 856 1863 MS.
881 1803 930 1861 des
954 1800 1062 1862 aaron.
1086 1800 1320 1861 walciodorense
1342 1817 1407 1857 vom
1429 1798 1461 1857 J.
1485 1799 1571 1858 1525
1600 1800 1633 1855 ia
1661 1796 1714 1856 der
1736 1793 2033 1856 Semiaorbibliotlele
2054 1811 2095 1850 ru
2115 1800 2146 1847 10

543 1908 664 1966 Nomar
685 1905 745 1985 (0).

542 2045 681 2103 Miroeas
703 2044 774 2103 DD.
798 2045 881 2116 Belo.
902 2047 969 2104 278
990 2060 1047 2103 aas
1070 2042 1136 2103 Ma.
1161 2039 1341 2102 0000001010
1365 2040 1419 2120 (D)
1442 2064 1481 2093 =
1504 2039 1805 2110 Mimos-Fames
1831 2035 1885 2108 op.
1910 2040 1940 2105 1,
1964 2037 2029 2094 259
2055 2056 2095 2086 =

544 2148 656 2208 Galliot
677 2149 756 2207 Hist.
781 2149 817 2205 de
838 2149 959 2206 Nomur
981 2150 1010 2218 5,
1028 2150 1103 2208 290.
1126 2181 1170 2190 -
1190 2148 1328 2204 Miroeus
1350 2145 1419 2203 Not.
1445 2143 1509 2202 ecel.
1526 2142 1609 2216 Belp.
1629 2145 1670 2201 99
1692 2138 1911 2210 uneollstdnde'p
1933 2154 1991 2196 aas
2014 2137 2096 2194 aaa·

542 2252 641 2310 selben
663 2251 731 2310 MS.
755 2285 798 2294 -
820 2251 949 2309 Bolsmer
970 2251 1042 2323 Rey.
1066 2253 1139 2310 141.
1163 2283 1205 2294 -
1229 2248 1357 2320 Stompf
1375 2249 1447 2320 Rep.
1472 2249 1544 2306 138.

544 2388 678 2462 Obyleich
699 2390 761 2448 siclt
783 2389 830 2446 die
844 2388 985 2461 Fossmtq
998 2406 1069 2446 eom
1088 2405 1210 2461 pressea
1227 2387 1326 2446 ilsede
1347 2404 1388 2444 ou
1409 2386 1473 2442 0100
1496 2381 1584 2440 locale
1603 2381 1725 2454 Vorlope
1746 2379 1927 2448 0001110001,
1952 2377 2095 2436 ersebeiat
2116 2383 2145 2429 15

543 2491 591 2550 die
613 2491 786 2563 Aolnotme
807 2491 856 2549 des
880 2490 986 2550 letam
1008 2491 1109 2551 Setaea
1131 2493 1164 2550 in
1186 2493 1235 2548 eia
1255 2487 1432 2562 1101110100
1453 2490 1580 2560 Ρνᾰεερ1
1601 2505 1634 2546 00
1656 2487 1747 2544 wider
1768 2485 1846 2544 01100
1867 2484 2002 2553 Brasaca,
2025 2483 2097 2542 duca

542 2597 590 2653 101
611 2596 766 2655 desselben
787 2595 832 2653 010
855 2599 992 2668 sperares
1016 2595 1130 2654 Ζο0010
1151 2595 1325 2653 bezeichnen
1344 2610 1386 2650 su
1407 2598 1527 2652 0010000
1545 2591 1661 2664 ylaube

644 2782 684 2846 In
716 2784 848 2848 nomine
882 2791 996 2847 sancte
1025 2790 1059 2845 et
1086 2779 1252 2845 individue
1285 2780 1451 2844 trinitatis.
1497 2777 1575 2843 Otto
1610 2775 1721 2842 diviua
1754 2776 1885 2840 favente
1919 2772 2096 2840 clementia

438 2909 508 2951 rex.
606 2884 728 2950 Notum
751 2887 794 2950 sit
817 2885 967 2950 omnibus
991 2893 1103 2950 sancte
1125 2884 1262 2948 ecclesie
1283 2882 1434 2947 fidelibus
1457 2883 1656 2946 01000010·
1684 2878 1889 2967 presentibus
1913 2876 2041 2943 scilicet
2063 2887 2096 2940 et

438 2989 566 3070 futuris,
590 2988 729 3074 qualiter
751 2989 955 3054 venerabiles
978 2989 1124 3073 episcopi
1147 2989 1251 3052 nostri
1272 2985 1488 3052 Friduricusb
1511 2995 1625 3051 sancte
1646 2984 1932 3069 Mogontinensis⁰
1955 2980 2095 3046 ecclesie
2111 2988 2144 3035 20

439 3101 471 3154 et
494 3087 594 3175 Ogo‘l
623 3090 842 3157 Leodiensis⁰
871 3091 1021 3155 adiemnt
1051 3093 1235 3155 serenitatis
1265 3101 1375 3155 nostre
1405 3091 1619 3175 presentiam,
1655 3088 1869 3172 deprecantes
1897 3093 1935 3148 ut
1961 3083 2094 3148 cuidam

438 3193 542 3258 nobili
557 3195 628 3258 viro
644 3193 792 3259 Eilberto
810 3196 942 3260 nomine
965 3215 1135 3259 assensum
1157 3194 1367 3280 preberemus
1389 3194 1430 3259 de
1452 3193 1550 3257 rebus
1574 3194 1623 3256 sui
1646 3193 1726 3256 iuris
1747 3191 1981 3256 monasterium
2004 3187 2094 3252 edifi-

439 3318 515 3362 care
538 3297 571 3360 iu
593 3296 716 3361 honore
739 3307 852 3362 sancte
874 3298 978 3362 Marie
1002 3319 1129 3382 semper
1150 3299 1287 3381 virginis
1309 3299 1343 3361 in
1365 3296 1440 3362 loco
1463 3297 1518 3382 qui
1541 3295 1660 3360 dieitur
1681 3294 1923 3376 Walciodorus,
1945 3291 2003 3356 ubi
2026 3293 2094 3355 iam

441 3399 547 3464 dictus
569 3401 619 3463 vir
640 3409 673 3463 et
694 3423 779 3465 uxor
801 3423 862 3464 sua
884 3400 1098 3466 Heresuindis
1121 3402 1155 3464 in
1176 3401 1333 3486 religione
1354 3402 1594 3465 ferventissima
1618 3408 1829 3483 susceperant
1852 3396 2014 3483 quosdam
2042 3395 2093 3459 dei

442 3523 554 3566 servos
582 3504 851 3586 peregrinationis
879 3505 986 3587 gratia
1015 3527 1036 3567 a
1058 3503 1171 3569 Scotia
1193 3507 1360 3569 venientes
1383 3514 1415 3568 et
1437 3503 1498 3568 sub
1520 3502 1633 3588 regula
1661 3505 1765 3568 sancti
1787 3501 1960 3566 Benedicti
1981 3503 2092 3563 vivere
2110 3502 2142 3549 ²⁵

441 3606 621 3689 cupientes.
657 3604 758 3670 Dedit
780 3607 879 3689 igitur
901 3605 1066 3691 predictus
1082 3609 1133 3671 vir
1155 3630 1229 3673 cum
1252 3610 1390 3691 coniuge
1414 3629 1474 3671 sua
1497 3607 1537 3671 de
1560 3607 1758 3691 proprietate
1781 3607 1830 3668 sui
1853 3605 1932 3668 iuris
1956 3603 2001 3667 ad
2022 3625 2095 3688 pre·

439 3708 544 3771 satum
566 3707 674 3772 locum
696 3707 852 3792 predictis
879 3709 1047 3774 monacbis
1077 3710 1186 3775 locum
1216 3712 1271 3795 qni
1302 3710 1420 3775 dicitur
1441 3709 1692 3791 Walciodorus,
1725 3707 1780 3773 ubi
1810 3717 1861 3772 est
1890 3707 2031 3773 ecclesia
2060 3707 2094 3769 in

443 3810 567 3874 honore
595 3821 708 3876 sancte
738 3811 842 3876 Maria
872 3823 1060 3877 constructa
1089 3823 1122 3876 et
1150 3834 1284 3877 mausus
1314 3812 1568 3877 indominicatus
1597 3812 1643 3876 ad
1671 3835 1767 3898 quem
1792 3813 1958 3896 aspiciunt
1986 3813 2094 3875 mansi

439 3915 590 3996 triginta,
613 3912 728 3978 cambe
751 3924 876 3999 septem
886 3913 906 3996 f,
935 3915 1082 3979 farinarii
1105 3914 1169 3981 duo
1182 3924 1206 3998 ⁸,
1236 3917 1270 3979 in
1292 3937 1378 4000 pago
1403 3913 1560 3980 Ardenna
1582 3915 1669 3988 dicto
1694 3916 1738 3980 ad
1759 3911 1916 3979 Lietrasl
1941 3934 2094 3978 mansum

438 4016 708 4080 indominicatum
735 4015 780 4080 ad
807 4041 903 4103 quem
929 4020 1093 4103 aspiciunt
1118 4019 1225 4083 mansi
1254 4020 1403 4103 triginta,
1438 4019 1494 4082 ubi
1525 4028 1575 4082 est
1604 4018 1744 4084 ecclesia
1773 4020 1808 4081 10
1836 4017 1960 4082 bonore
1988 4015 2144 4079 00001110

439 4121 593 4204 Dyouisii
622 4131 825 4204 constructa,
860 4120 975 4185 cambe
1003 4121 1082 4204 dne,
1114 4123 1263 4186 farinarii
1287 4123 1367 4206 duo,
1401 4124 1436 4185 in
1458 4119 1641 4186 Falmenna
1663 4121 1707 4184 ad
1729 4119 1806 4184 ldra
1828 4141 1980 4184 mansum
2001 4117 2094 4182 indo-

439 4226 631 4290 minicatum
653 4224 697 4289 ad
720 4248 816 4311 quem
838 4227 1001 4311 aspiciunt
1023 4227 1130 4290 mansi
1151 4227 1286 4309 triginta
1309 4235 1390 4304 tres,
1422 4225 1536 4290 cambe
1559 4224 1638 4306 due,
1669 4225 1815 4289 farinarii
1838 4223 1920 4304 duo,
1951 4225 1986 4286 in
2008 4219 2094 4286 Con·

440 4328 551 4393 drosti
573 4330 618 4394 ad
634 4328 744 4395 locum
758 4329 883 4394 Antina
905 4329 1038 4412 dictum,
1061 4329 1118 4394 ubi
1140 4339 1190 4395 est
1212 4329 1352 4394 00010010
1372 4332 1407 4393 10
1428 4328 1551 4394 bonore
1577 4331 1682 4395 sancti
1697 4329 1870 4392 Maximini
1893 4335 2095 4404 constructa,

439 4453 589 4497 mansum
611 4432 882 4498 indominicatum
904 4432 948 4497 ad
971 4455 1067 4518 quem
1089 4434 1253 4518 aspiciunt
1274 4433 1384 4497 mansi
1401 4434 1535 4516 triginta
1556 4454 1657 4513 0000,
1681 4431 1796 4498 cambe
1815 4431 1895 4513 due,
1918 4430 2095 4494 farinarius

439 4558 533 4616 unus,
556 4539 588 4600 in
610 4536 685 4602 loco
701 4535 851 4601 Florines
874 4535 962 4600 dicto
985 4558 1118 4601 mansos
1142 4558 1211 4616 sex,
1234 4535 1386 4600 cambam
1407 4557 1506 4600 unam
1530 4558 1604 4601 cnm
1627 4534 1776 4600 omuibus
1798 4533 1843 4598 ad
1864 4534 2095 4617 prenominata
2112 4543 2144 4590 05

438 4636 514 4705 loca
541 4641 610 4704 iure
639 4638 892 4724 pertinentibus,
925 4640 1098 4724 mancipiis
1128 4640 1215 4722 agris
1243 4641 1347 4723 pratis
1375 4640 1506 4724 pascuis
1537 4638 1626 4702 silvis
1649 4640 1744 4723 aquis
1766 4633 2018 4722 aquarumquel
2041 4634 2096 4698 de

439 4741 590 4808 cursibus
611 4743 807 4808 molendinis
829 4741 1066 4826 piscationibus
1090 4741 1232 4807 exitibus
1256 4751 1289 4806 et
1310 4742 1469 4807 reditibus
1493 4742 1628 4827 quesitis
1648 4751 1681 4804 et
1696 4737 1907 4826 inquirendis.
1946 4738 2097 4819 Quorum

439 4844 651 4929 petitionibus
678 4867 755 4926 000,
791 4846 885 4910 010011
916 4844 1051 4930 dignum
1078 4855 1163 4928 erat,
1198 4867 1312 4910 aurem
1337 4845 1552 4909 libentissime
1583 4843 1850 4924 accomodantes,
1886 4843 2009 4927 quippe
2040 4843 2097 4927 qni

440 4947 555 5012 salutis
583 4949 686 5014 nostri
709 4947 883 5013 commoda
904 4948 1132 5033 postulabant,
1160 4948 1333 5013 statuendo
1357 4948 1558 5014 decrevimus
1581 4944 1635 5010 ut¹
1663 4945 1744 5010 illud
1765 4946 2003 5010 monasterium
2024 4966 2099 5029 per-

440 5058 538 5136 petuo
569 5052 603 5113 in
630 5073 708 5116 urus
736 5053 980 5137 peregrinorum
1009 5061 1041 5116 01
1070 5071 1250 5137 pauperum
1281 5051 1465 5116 stabiliatur
1492 5051 1637 5114 firmetur
1672 5059 1770 5135 atque
1802 5047 2034 5114 corroboretur
2065 5057 2100 5112 et
2117 5060 2149 5108 to

441 5174 569 5238 semper
598 5155 631 5217 in
660 5153 781 5220 ditione
810 5154 996 5220 Scottorum
1024 5165 1216 5240 permaneat
1243 5165 1289 5238 et,
1324 5154 1480 5240 quamdiu
1509 5154 1628 5240 aliquis
1657 5152 1787 5218 illorum
1813 5152 1949 5235 vixerit,
1985 5150 2100 5216 nullus

439 5256 524 5322 alius
545 5257 606 5322 fiat
626 5256 731 5322 abbas
752 5259 816 5322 nisi
838 5279 922 5323 unus
944 5281 988 5322 ex
1015 5260 1111 5343 ipsis,
1146 5267 1222 5344 post
1249 5257 1421 5323 decessum
1448 5279 1525 5322 vero
1554 5255 1685 5322 illomm
1713 5256 1797 5320 alius
1826 5254 1924 5318 deum
1953 5253 2102 5340 diligens

542 5447 585 5503 81.
613 5445 820 5516 [solu-noller]
909 5447 936 5516 a)
954 5448 1017 5499 111110
1034 5447 1086 5498 cllo
1171 5449 1200 5510 1))
1219 5446 1250 5512 Δ,
1268 5447 1426 5499 Predericus
1443 5447 1506 5512 BD,
1525 5447 1677 5498 Friderious
1694 5444 1719 5496 0
1799 5444 1825 5506 0)
1843 5443 1877 5507 Β,
1895 5444 2105 5511 Magantiensic

610 5516 664 5582 AO,
682 5519 894 5585 Magantineusis
906 5517 935 5568 D
1004 5518 1030 5580 d)
1049 5517 1108 5582 AB,
1127 5517 1187 5584 Ego
1202 5515 1230 5580 0,
1248 5519 1329 5584 Hugo
1347 5516 1376 5567 D
1445 5523 1469 5580 0)
1489 5516 1552 5580 BD,
1571 5517 1672 5567 Leodie
1683 5515 1715 5579 Δ,
1733 5510 1891 5565 10001000
1958 5515 1982 5576 1)
2003 5520 2105 5569 umba

610 5602 664 5637 000
681 5586 715 5651 Β,
740 5603 763 5639 0.
780 5603 802 5640 0.
818 5615 853 5626 -
870 5587 955 5638 mansi
973 5589 1082 5652 argine·
1096 5585 1167 5650 ssblt
1183 5585 1256 5637 100
1354 5586 1554 5653 9101100010οι
1571 5601 1653 5635 uuum
1673 5585 1697 5634 Β
1799 5579 1900 5646 10110,
1923 5583 2047 5638 Lustra
2067 5588 2103 5656 Β,
2123 5571 2157 5620 4⁶

614 5656 713 5716 Littm
724 5655 754 5708 D
831 5659 853 5721 i)
865 5655 1012 5710 Condrusio
1024 5654 1054 5708 D
1135 5655 1165 5720 k)
1178 5671 1357 5724 squamamque
1369 5659 1445 5724 aquis
1456 5653 1535 5708 Alte
1611 5654 1632 5718 l)
1644 5651 1679 5718 Β,
1690 5651 1761 5716 satit
1772 5655 1802 5704 10
1812 5651 1866 5708 ΔΟ,
