4560 6420
284 380 347 445 202
882 385 1334 443 KAISERURKUNDEN.

361 573 552 645 ¹Iicsaspa.
576 591 597 630 r.
622 587 680 632 xv.
703 591 744 630 ers
767 571 919 630 homerico
941 572 981 628 ist
1009 571 1078 628 dass
1101 568 1169 628 BA.
1193 587 1250 628 aar
1272 569 1481 641 Beseichuanp
1502 585 1556 626 son
1578 583 1601 628 v
1623 567 1786 640 adordinqs
1809 565 1948 622 ssereret

384 678 432 735 die
453 680 547 750 spitze
569 678 661 734 Foras
683 677 851 746 uest-eruist,
883 677 1014 734 dosches
1035 675 1141 747 jedorh
1162 675 1238 732 cuch
1260 671 1303 750 (so
1326 677 1358 731 in
1379 673 1477 732 DDO.
1503 679 1552 743 87,
1577 677 1628 742 96,
1652 671 1727 750 109)
1753 673 1803 752 die
1825 671 1947 728 undem

384 781 487 838 welche
510 782 574 838 hier
596 781 693 838 bichor
714 798 772 837 aur
792 780 1012 851 Vcrwechslaup
1033 781 1088 835 mit
1111 793 1138 839 11
1161 778 1271 836 Aulus-s
1291 779 1416 850 oeceses
1438 779 1498 836 hot.

386 967 444 1046 (C.)
469 962 482 1043 i
504 965 543 1028 lu
565 965 696 1028 nomine
720 972 853 1026 sanctae
876 973 908 1026 et
931 962 1097 1047 individue
1119 964 1284 1026 trinitatis.
1324 961 1401 1026 Otto
1426 962 1536 1025 divina
1559 961 1738 1026 auxiliante
1761 960 1945 1023 clementia

281 1092 350 1136 rex.
449 1069 586 1131 Noverit
609 1068 753 1130 omnium
775 1067 920 1130 fidelium
942 1077 1128 1130 nostrorum
1152 1067 1350 1150 presentium
1371 1089 1432 1130 nec
1455 1089 1521 1129 non
1544 1077 1576 1128 et
1599 1065 1780 1129 futurorum
1809 1066 1945 1148 sagaci·
1965 1077 1983 1124 5

281 1184 342 1256 tas,
367 1172 506 1259 qualiter
527 1194 588 1235 nos
611 1168 624 1250 Ξ
647 1170 689 1233 ob
714 1191 857 1233 amorem
881 1169 932 1232 dei
955 1179 1129 1254 nostreque
1153 1171 1259 1253 anime
1281 1168 1450 1234 remedio*
1472 1168 1630 1255 quasdam
1652 1191 1703 1232 res
1727 1169 1946 1252 proprietatis

280 1286 391 1360 nostre
422 1275 464 1340 sd
493 1275 727 1339 monasterium
758 1274 862 1336 sancti
886 1274 1084 1337 confessoris
1108 1271 1227 1336 Christi
1252 1272 1356 1356 Galli,
1388 1274 1443 1339 ubi
1466 1277 1516 1337 vir
1538 1272 1759 1337 venerabilisa
1791 1271 1946 1336 Graioch

281 1381 412 1444 nomine
443 1379 547 1442 abbas
580 1399 710 1462 preesse
741 1375 936 1456 dinoscitur,
971 1377 1004 1437 in
1030 1377 1197 1460 proprium
1221 1379 1442 1447 concessimus
1465 1386 1563 1462 atque
1586 1376 1796 1456 tradidimus,
1830 1373 1945 1438 idest

284 1493 407 1547 curtem
423 1501 435 1544 1
453 1481 618 1563 Sucninga
632 1489 785 1542 vocatam
804 1481 837 1541 in
860 1500 946 1562 pago
963 1477 1156 1562 Alpegouue
1180 1481 1276 1542 situm
1289 1490 1302 1517 ²
1324 1490 1356 1543 et
1378 1479 1478 1543 aliam
1500 1481 1533 1544 in
1555 1478 1668 1565 pagol
1691 1480 1776 1542 Para
1792 1476 1944 1542 Oberen-

282 1586 382 1670 dorpf
411 1593 633 1670 nuncupatam
668 1605 743 1645 cum
776 1581 964 1666 baptismali
999 1582 1139 1645 ecclesia
1169 1592 1200 1645 et
1232 1585 1390 1646 terciamc
1423 1587 1456 1647 in
1491 1607 1577 1670 pago
1610 1584 1784 1666 Turgouuc
1812 1581 1942 1645 Vuiare
1963 1596 1999 1652 10
2108 1591 2110 1594 '

198 1689 201 1694 ’
281 1692 483 1753 nominatam
507 1710 582 1751 cum
606 1685 756 1751 omnibus
780 1685 978 1770 appenditiis
1006 1694 1038 1747 et
1066 1684 1258 1748 adiacentiis
1290 1688 1357 1751 suis
1386 1687 1470 1751 iuste
1498 1687 1704 1771 legitimeque
1733 1684 1811 1749 illuc
1840 1687 1942 1770 perti·

280 1793 432 1866 uentibus
455 1793 523 1855 iure
545 1791 678 1876 perenni
707 1791 740 1852 in
767 1791 952 1874 proprium,
987 1787 1158 1853 curtilibus
1188 1789 1324 1853 edificiis
1353 1791 1526 1875 mancipiis
1556 1791 1643 1874 egris
1672 1790 1774 1873 pratis
1804 1789 1942 1872 pascuis

282 1895 373 1959 silvis
404 1895 498 1980 aquis
528 1914 728 1977 aquarumve
760 1890 1008 1956 decursionibus
1039 1890 1233 1956 molendinis
1265 1893 1501 1978 piscationibus
1524 1895 1586 1956 viis
1609 1902 1641 1955 et
1669 1894 1765 1956 inviis
1793 1890 1942 1954 exitibus

283 2023 323 2062 ac
346 1997 502 2062 reditibus
527 1997 661 2081 quesitis
685 2005 717 2058 et
746 1995 946 2080 inquirendis
978 1995 1154 2060 mobilibus
1184 2005 1217 2058 et
1246 1996 1467 2062 inmobilibus.
1512 1997 1670 2061 iussimus
1701 2017 1831 2081 quoque
1863 1994 1942 2058 inde

281 2103 344 2167 hoc
361 2123 495 2187 presens
512 2108 702 2185 preceptum
718 2097 881 2162 conscribi
901 2121 960 2184 per
979 2097 1067 2184 quod
1083 2097 1234 2163 volumus
1256 2100 1455 2186 firmiterque
1477 2099 1635 2181 iubemus,
1660 2107 1695 2161 ut
1717 2098 1778 2182 hec
1801 2094 1942 2180 nostred
1963 2120 1994 2166 15

282 2204 466 2269 traditionis
495 2199 693 2266 condonatio
723 2201 842 2266 amodo
873 2212 905 2265 et
936 2201 1091 2285 deinceps
1116 2204 1373 2288 omnitempore
1403 2203 1496 2268 firma
1527 2201 1716 2286 stabilisque
1747 2209 1943 2284 permaneat

283 2311 352 2371 sine
382 2306 479 2372 ullius
511 2305 779 2370 contradictionis
812 2304 1000 2387 obstaculo,
1034 2327 1133 2370 manu
1165 2308 1300 2390 propria
1329 2317 1443 2371 nostra
1472 2307 1635 2370 firmatum
1657 2304 1812 2390 anulique
1835 2305 1942 2368 nostri

285 2412 486 2498 inpressione
514 2408 702 2493 sigillatum.
742 2423 746 2452 ⁸

383 2548 398 2632 }{
421 2547 556 2632 Signum
579 2548 693 2613 domni
718 2546 849 2612 Ottonis
872 2548 961 2628 (Μ.)θ
983 2548 1189 2612 invictissimi
1211 2550 1309 2634 regis.
1331 2547 1346 2629 ξ

383 2653 397 2733 i
418 2653 509 2716 Brun
532 2651 748 2716 cancellarius
771 2651 921 2715 advicenr
944 2651 1105 2715 Fridurici
1129 2652 1406 2738 archicappellani
1429 2653 1615 2737 recognovi.
1637 2647 1652 2731 ᾖ
1675 2653 1734 2733 (SI.
1760 2653 1803 2732 1.)
1854 2653 1939 2733 (SR)
1959 2669 1993 2718 to

384 2789 473 2853 Data
496 2806 556 2853 v11.
579 2789 630 2852 id.
659 2788 724 2853 feb.
753 2810 838 2853 anno
869 2789 992 2854 domini
1022 2805 1260 2872 cccccxnvlu,
1296 2791 1474 2856 indictione
1497 2809 1563 2874 vn,
1597 2800 1753 2875 regnante
1783 2792 1839 2875 pio
1863 2812 1941 2874 rege

282 2893 403 2959 Ottone
427 2915 512 2957 anno
536 2910 601 2974 xv3
624 2901 735 2956 sctum
759 2893 975 2975 Vuormacia3
997 2895 1031 2956 iu
1055 2892 1188 2959 domino
1211 2894 1349 2959 feliciter
1371 2917 1478 2960 amen.

1069 3136 1152 3215 120.

291 3291 371 3373 Otto
396 3291 557 3394 bestutipt
579 3292 659 3368 dem
680 3293 823 3370 Kloster
845 3292 1001 3393 Pfu'vcrs
1024 3294 1090 3366 dos
1114 3293 1314 3368 Wchlrccht
1335 3294 1416 3367 arrd
1436 3295 1494 3367 die
1507 3265 1740 3367 '’immunitut.

1477 3437 1592 3495 Worms
1615 3436 1676 3495 950
1698 3435 1843 3493 Februo-r
1866 3441 1895 3495 9.
1960 3449 1994 3496 25

390 3628 639 3702 Oriyiueldiplom
661 3629 704 3685 im
727 3627 837 3684 Archiv
857 3645 913 3684 sou
935 3625 1062 3698 Psosers
1085 3644 1125 3684 ets
1149 3625 1178 3686 S.
1202 3625 1308 3685 Galles
1333 3623 1393 3703 (A).

387 3767 574 3826 Wurdtweiu
589 3767 675 3826 Nece
692 3767 771 3825 subs,
790 3769 818 3836 6,
836 3769 898 3824 184
918 3764 1007 3823 Aee.
1025 3763 1049 3835 s,
1074 3767 1121 3823 cit.
1139 3783 1196 3822 aas
1215 3765 1426 3822 Zarin-tobiano
1440 3764 1622 3823 Bibliotheca
1636 3767 1666 3832 3,
1684 3765 1757 3822 657.
1782 3795 1824 3856 ¹—
1851 3764 1942 3822 Eiri-

384 3872 458 3929 hom
473 3873 573 3944 Epist.
593 3869 674 3941 Cur„
694 3870 779 3942 prob.
796 3873 838 3929 24
855 3875 888 3926 u⁰
904 3874 947 3927 17
968 3868 1188 3940 ansoustosutq
1210 3886 1266 3925 aas
1289 3867 1327 3926 A.
1351 3902 1393 3912 -
1416 3869 1723 3940 BulrmerRm.162.
1746 3901 1789 3910 -
1814 3867 1946 3940 &crept

387 3976 460 4048 nea.
484 3979 557 4034 174.
582 4007 623 4017 -
647 3974 761 4032 Hidber
782 3973 854 4044 Res.
878 3976 972 4042 1034,
1003 3971 1059 4029 olle
1080 3989 1121 4028 ea
1144 3975 1216 4030 949.

391 4112 453 4168 Vos
475 4111 543 4169 BA.
567 4112 643 4169 nach
664 4111 731 4168 dem
752 4110 792 4168 D.
816 4110 946 4168 Lethars
968 4127 1034 4168 com
1056 4109 1088 4169 J.
1113 4113 1176 4168 840
1198 4108 1339 4187 (Boluner
1360 4111 1432 4182 Rep.
1457 4111 1543 4197 Kerg-
1557 4107 1630 4186 557)
1655 4107 1784 4179 certmst
1807 4110 1872 4166 uod
1891 4127 1941 4182 pe·
1960 4124 1994 4171 30

387 4215 552 4286 schechem
574 4217 699 4274 uulreres
723 4214 1014 4284 irreverentissime
1029 4213 1094 4270 uod
1108 4213 1262 4286 Datiruuq
1284 4216 1318 4270 ta
1341 4213 1436 4273 Sickel
1451 4215 1612 4273 Schroer'ser
1626 4214 1659 4271 K
1662 4214 1695 4273 U.
1711 4217 1753 4272 21
1779 4213 1843 4270 sind
1869 4217 1918 4272 75.

389 4418 448 4497 (Ο.)
472 4415 486 4500 ξ
507 4417 546 4481 In
568 4419 699 4482 nomine
723 4425 856 4481 sanctae
879 4425 911 4480 et
933 4415 1100 4481 individue
1123 4418 1287 4480 trinitatis.
1327 4415 1404 4481 Otto
1429 4417 1542 4480 divina
1564 4414 1743 4479 auxiliante
1766 4415 1943 4480 clementia

284 4543 354 4584 rex.
442 4521 579 4586 Noverit
601 4524 746 4586 omnium
769 4519 915 4583 fidelium
938 4529 1123 4583 nostrorum
1146 4522 1345 4605 presentium
1367 4543 1427 4583 nec
1451 4542 1517 4582 non
1535 4528 1568 4582 et
1586 4519 1768 4583 futurorum
1785 4519 1943 4600 sollertia,

285 4622 423 4708 qualiter
445 4627 506 4688 Viri
535 4623 714 4708 religiiosi‘⁵
741 4620 755 4702 ᾖ
785 4625 888 4687 sancii
917 4639 1088 4688 Fabariensis
1111 4641 1264 4688 monasterii
1287 4639 1358 4704 quod
1381 4644 1562 4690 coristructum
1583 4607 1626 4687 est
1648 4639 1675 4686 in
1697 4621 1825 4688 honoreb
1849 4647 1943 4704 sancte

284 4743 369 4808 uarie
399 4728 450 4792 dei
473 4730 640 4811 genitricis
670 4745 698 4792 in
726 4757 795 4808 pago
818 4743 897 4792 Retia
918 4736 1037 4790 vocato
1061 4728 1095 4790 in
1116 4729 1274 4791 comitatu
1298 4726 1483 4791 Odalnieir
1511 4729 1650 4808 comitis,
1674 4747 1793 4791 nostram
1816 4743 1945 4793 adierunt
1963 4751 1997 4798 35

286 4839 473 4910 regalitatemc
502 4841 671 4916 portantes
694 4830 845 4902 manibus
876 4852 1002 4911 precepta
1030 4862 1061 4896 ac
1091 4847 1232 4911 privilegia
1254 4852 1449 4896 antecessorum
1471 4852 1622 4896 nostrorum
1644 4861 1744 4911 regum,
1768 4864 1785 4893 ιι
1808 4847 1905 4896 Karoli
1928 4866 1946 4895 s

286 4949 411 4998 videlicet
433 4955 459 4999 et
480 4967 497 4997 s
520 4951 670 5000 Ludouuiei
693 4970 723 5013 s,
754 4951 925 5015 deprecantes
948 4957 1065 5008 nostram
1089 4951 1255 5000 clementiam
1283 4956 1313 4999 nt
1339 4945 1448 5019 nostre
1472 4937 1674 5000 auctoritatis
1697 4936 1881 4998 munimine
1906 4959 1947 5000 ea

286 5058 516 5100 renovaremus
548 5059 586 5100 ae
617 5038 820 5103 firmaremus
851 5054 1058 5119 electionemque
1086 5055 1140 5104 illis
1171 5054 1383 5104 concederemus.
1428 5055 1546 5116 Quorum
1576 5055 1729 5118 petitionem
1761 5054 1881 5119 benigne
1912 5057 1947 5106 ob

287 5169 402 5204 umorem
425 5154 524 5204 domini
546 5157 629 5206 nostri
645 5157 706 5206 Iesu
723 5156 852 5205 Christis
867 5161 1009 5223 nostreque
1032 5158 1160 5208 mercedis
1182 5141 1375 5208 tenementumd
1399 5159 1573 5222 suscipientes
1597 5143 1762 5224 00ntinn0‚
1790 5143 1950 5210 omnibus

286 5244 377 5326 regni
411 5245 514 5307 nostri
547 5245 750 5330 principibus
786 5247 950 5331 episcopis
988 5245 1164 5312 abbatibus
1200 5246 1375 5312 comitibus
1408 5245 1662 5310 diiudicantibus
1694 5254 1795 5330 atque
1830 5260 1950 5335 nostre
1969 5267 2004 5314 to

375 5430 431 5485 llll.
460 5432 568 5501 [Sichel]
672 5433 742 5496 ald
839 5438 868 5498 h)
886 5451 940 5503 pag
958 5452 1025 5487 corr.
1042 5454 1090 5487 ass
1108 5455 1156 5504 par
1252 5438 1277 5499 c)
1297 5442 1337 5486 ter
1354 5454 1420 5488 corr.
1439 5453 1486 5486 asu
1504 5437 1611 5487 moder
1628 5447 1664 5486 111
1768 5434 1799 5494 d)
1819 5439 1956 5491 πωίκΙιεη

460 5503 509 5568 hec
525 5501 581 5552 eud
599 5509 688 5570 nostre
705 5504 794 5556 Rarus·
899 5509 923 5568 e)
942 5505 990 5555 der
1008 5505 1263 5571 Volles'ehuuysstricb
1280 5505 1345 5556 steht
1362 5506 1416 5569 auf
1427 5505 1523 5558 nm.

324 5613 335 5624 “
375 5602 431 5657 lu).
461 5603 569 5673 [Sickel]
674 5607 741 5672 a)A
845 5609 873 5670 b)
892 5609 1042 5668 hononore,
1069 5608 1119 5658 das
1145 5614 1210 5658 ente
1236 5625 1270 5658 no
1297 5609 1345 5658 mit
1374 5607 1611 5672 ithranspaukten
1712 5605 1736 5666 c)
1757 5611 1788 5654 at
1813 5607 1884 5662 ruer
1908 5613 1960 5664 der

458 5673 528 5724 zeta
544 5674 731 5738 mcltqesrayen
835 5677 863 5736 d)
882 5692 923 5724 cm
940 5675 1022 5738 sosort
1041 5694 1107 5728 corr.
1125 5693 1172 5726 mss
1190 5685 1223 5728 ct.
