4560 6426
843 432 1075 490 HEINRICH
1098 435 1122 489 I.
1146 430 1219 489 923.

1012 615 1048 690 7.

206 767 379 842 Heinrich
414 767 575 866 bestdtiqt
600 766 679 840 clem
706 766 870 840 Bistbum
896 768 1096 867 Worzburq
1123 768 1181 840 die
1208 769 1465 843 Imrnvmtsuun
1491 771 1608 844 seium·
1635 771 1853 870 Vorqc'iaqcr.

1358 911 1561 986 Qaedliaburp
1583 915 1647 972 923
1669 911 1759 986 April
1780 916 1809 972 8.

312 1096 560 1170 Ονιρίιιιιιιιιριωιι
581 1099 624 1154 im
646 1096 674 1154 lc.
697 1096 904 1155 Reiclrsurclrio
924 1114 965 1155 su
986 1096 1138 1155 Monesen
1162 1095 1225 1176 (A).

170 1267 186 1312 o
310 1252 442 1325 Verburq
464 1254 543 1311 Hist.
569 1257 598 1324 9,
623 1255 694 1312 514.
722 1286 758 1294 —
783 1253 867 1310 Mors.
891 1251 985 1309 Boica
1005 1255 1072 1322 28⁰,
1097 1253 1396 1325 16322011313129.
1426 1269 1483 1311 aas
1505 1251 1543 1312 A.
1571 1275 1607 1296 ’-
1632 1254 1764 1312 Juassca
1790 1254 1854 1312 aad

307 1354 439 1427 Sturnpf,
470 1356 600 1414 Bolrmer
626 1374 684 1414 aar
710 1357 800 1413 Feier
827 1355 877 1413 des
905 1359 956 1413 30.
984 1355 1193 1428 Gcburtstaqes
1220 1358 1317 1414 sciaer
1338 1357 1482 1429 Reyesten
1506 1357 1689 1434 (Fronlrfurt
1712 1357 1809 1434 1859)
1835 1361 1853 1416 5

305 1475 362 1515 rsus
384 1456 422 1516 A.
449 1492 486 1500 -
511 1457 641 1532 Stamps
661 1457 739 1517 Actu
766 1458 843 1516 iucd.
867 1462 888 1517 3
910 1464 944 1515 πθ
965 1463 982 1518 1
1008 1475 1064 1517 aus
1087 1457 1124 1517 A.
1152 1492 1188 1501 -
1214 1459 1359 1517 Bresslua
1380 1460 1450 1518 DD.
1475 1464 1590 1518 centum
1612 1464 1653 1519 85
1676 1467 1711 1518 a⁰
1734 1463 1778 1519 ⁶2
1797 1477 1854 1518 uus

306 1559 344 1619 A.
371 1595 408 1603 -
432 1562 561 1620 Bobmer
580 1563 653 1635 aeq.
679 1565 729 1620 40.
756 1595 793 1604 -
819 1561 949 1634 Staarpf
966 1563 1038 1636 Περ.
1063 1566 1092 1621 8.

308 1718 369 1775 Vua
392 1717 495 1778 Simon
517 1719 710 1778 unmittelbur
730 1719 806 1777 auch
828 1719 898 1778 ΒΚ.
922 1721 964 1777 34
985 1718 1177 1791 pesclrriebea.

157 1951 189 1998 ιο
310 1929 368 2010 (C.)
391 1927 405 2014 ξ
426 1929 466 1994 Ιιι
493 1931 623 1995 nomine
653 1939 787 1995 sanctae
815 1939 848 1996 et
876 1930 1064 1997 individuae
1092 1931 1257 1996 trinitatis.
1294 1931 1469 1995 Heinricus
1498 1930 1609 1997 divina
1638 1933 1768 1997 favente
1790 1931 1854 1996 cle-

202 2034 324 2097 mentia
338 2055 408 2098 rex.
492 2049 559 2098 Cum
575 2050 749 2113 petitionibus
765 2066 901 2100 servorum
916 2049 959 2099 dei
975 2065 1023 2114 pro
1038 2049 1203 2114 quibuslibet
1218 2049 1422 2099 aecclesiasticis
1437 2051 1642 2100 necessitatibus
1657 2066 1734 2100 aures
1750 2056 1854 2100 nostras

202 2150 365 2214 pulsantium
384 2151 500 2202 libenter
520 2153 662 2201 annuimus
677 2159 704 2202 et
719 2152 825 2203 divinae
842 2135 857 2216 d
873 2154 1008 2218 potentiae
1024 2153 1052 2201 in
1068 2152 1134 2202 locis
1149 2151 1199 2202 deo
1215 2151 1309 2202 dicatis
1325 2152 1434 2201 uberius
1449 2151 1631 2202 famulandum
1647 2153 1776 2203 auxilium
1794 2170 1853 2218 por·

201 2255 326 2318 rigimus,
348 2254 376 2303 id
398 2239 493 2304 nobis
515 2255 607 2318 procul
629 2254 710 2305 dubio
732 2262 759 2305 et
779 2255 813 2305 ad
835 2255 971 2306 mortalem
993 2257 1075 2306 vitam
1099 2256 1279 2321 temporaliter
1300 2255 1481 2306 deducendam
1501 2263 1529 2306 et
1549 2256 1582 2306 ad
1603 2257 1720 2306 futuram
1741 2257 1854 2307 feliciter

202 2355 373 2406 obtinendam
393 2356 559 2406 commodum
576 2359 717 2421 provenire
732 2357 898 2410 confidimus.
935 2359 1038 2409 Idcirco
1054 2353 1146 2409 notum
1161 2361 1197 2408 sit
1211 2360 1334 2409 omnibus
1349 2358 1472 2408 fidelibus
1488 2361 1585 2409 nostris
1599 2365 1653 2409 tam
1667 2360 1853 2425 praesentibus

151 2466 183 2514 15
200 2474 280 2524 quam
295 2465 322 2508 et
336 2458 446 2522 suturis,
469 2462 532 2526 quia
547 2461 643 2510 Thioto
659 2461 820 2512 venerabilis
835 2463 1071 2530 Uuirciburgensis
1089 2464 1234 2515 aecclesiae
1255 2465 1396 2529 episcopus
1411 2463 1509 2528 obtulit
1523 2465 1620 2513 nostris
1636 2464 1774 2514 obtutibus
1789 2478 1851 2512 auc-

201 2564 335 2614 toritatem
357 2565 530 2614 immunitatis
554 2564 720 2615 Hludouuici
742 2567 908 2631 imperatoris
931 2561 964 2616 et
985 2562 1121 2636 regum²
1144 2553 1439 2630 serenissimorum,
1462 2565 1628 2615 Hludouuici
1649 2550 1803 2615 videlieet
1821 2562 1853 2614 et

1621 2651 1635 2692 b
1652 2685 1713 2719 cum
1729 2669 1853 2719 omnibus
1870 2663 1872 2668 ’

201 2649 401 2734 chuonradi,
418 2669 445 2717 iu
460 2683 514 2733 qua
528 2669 722 2731 continebatur,
745 2670 859 2734 qualitor
875 2671 926 2734 ipsi
942 2676 969 2719 et
983 2675 1163 2720 antecessores
1178 2686 1268 2720 eorum
1283 2669 1467 2734 gloriosissimi
1483 2684 1558 2734 reges
1576 2686 1613 2717 *s

201 2769 281 2818 rebus
295 2774 375 2834 atque
390 2771 542 2820 homiuibus
557 2771 591 2821 ad
606 2789 634 2822 se
650 2774 719 2822 iuste
734 2773 928 2837 pertinentibus
943 2787 975 2823 ac
990 2773 1110 2838 legaliter
1126 2773 1330 2838 suspicientibus
1345 2788 1448 2837 semper
1463 2772 1512 2821 sub
1528 2772 1682 2836 plenissima
1699 2772 1852 2822 defensione

201 2879 228 2921 et
242 2874 416 2923 immunitatis
431 2876 544 2925 tuitione
559 2876 721 2926 habuissent
749 2877 800 2926 Pro
816 2875 947 2925 firmitatis
962 2890 1076 2941 namque
1091 2875 1179 2925 studio
1196 2882 1355 2925 memoratus
1370 2875 1467 2925 'I‘lrioto
1482 2874 1595 2925 dilectus
1610 2875 1747 2940 fidelisque
1762 2881 1852 2925 noster
1872 2887 1875 2898 '

149 2978 342 3041 eoepiscopus
363 2985 423 3028 nec
440 2985 504 3029 non
520 2972 552 3028 et
567 2963 684 3028 Bobbo
700 2963 908 3028 venerandus
929 2985 1039 3028 comes
1062 2984 1178 3028 nostram
1201 2973 1400 3049 rogaverunt
1422 2978 1622 3042 excellentiam,
1645 2986 1675 3029 nt
1696 2995 1744 3043 pro
1767 2978 1851 3028 divini

199 3080 287 3131 cultus
303 3097 391 3132 amore
406 3087 433 3132 et
448 3084 552 3133 animae
567 3089 672 3133 nostrae
696 3082 812 3134 remedio
834 3099 875 3134 res
897 3089 924 3132 et
945 3082 1065 3133 homines
1085 3083 1220 3148 praefatae
1242 3083 1284 3132 dei
1306 3083 1451 3132 aecclesiae
1473 3098 1532 3132 cum
1554 3082 1677 3131 omnibus
1698 3083 1767 3131 iuste
1788 3081 1850 3146 legi-

199 3187 316 3251 timeque
342 3186 375 3236 ad
402 3203 430 3237 se
456 3188 660 3253 asspicientibus
686 3188 737 3237 sub
763 3193 868 3238 nostrae
895 3187 1069 3237 immunitatis
1099 3187 1213 3236 tuitione
1243 3187 1445 3250 susciperemus.
1488 3171 1611 3235 Eorum
1639 3169 1851 3256 petitionibus

200 3289 313 3340 libenter
336 3305 426 3340 aurem
447 3275 759 3342 accomodavimus⁰
781 3298 808 3342 et
829 3293 898 3343 hanc
921 3273 1051 3343 nostrae‘l
1074 3293 1258 3341 auctoritatem
1281 3289 1455 3338 immunitatis
1476 3290 1547 3338 circa
1566 3289 1651 3352 ipsam
1672 3288 1761 3338 sedem
1782 3289 1850 3338 eius·

199 3409 251 3458 que
273 3393 406 3458 praelatos
427 3393 485 3444 fieri
509 3395 674 3446 decrevimus
696 3413 743 3462 per
764 3411 843 3462 quam
865 3397 1043 3461 praecipimus
1065 3394 1226 3460 finuiterque
1247 3394 1378 3455 iubemus,
1401 3397 1432 3442 ut
1452 3391 1542 3441 nullus
1563 3390 1642 3441 iudex
1663 3391 1787 3456 publicus
1808 3392 1851 3442 vel

148 3499 182 3546 25
199 3496 326 3560 quislibet
341 3513 372 3546 ex
389 3497 529 3548 iudiciaria
547 3504 677 3563 potestate
693 3500 720 3548 in
737 3499 880 3550 aecclesias
895 3503 943 3548 aut
960 3498 1020 3549 loca
1034 3499 1077 3550 vel
1096 3515 1174 3566 agros
1195 3515 1242 3549 seu
1263 3497 1379 3562 reliquas
1398 3497 1580 3561 possessiones
1601 3501 1760 3546 memoratae
1781 3495 1851 3546 sedis

198 3613 265 3664 quaa
286 3599 411 3650 moderno
433 3606 551 3666 tempore
571 3603 600 3678 ia
620 3602 786 3667 quibuslibet
807 3603 882 3668 pagis
897 3601 941 3652 vel
959 3604 1099 3653 territoriis
1114 3603 1184 3653 inira
1199 3602 1326 3652 ditionem
1341 3601 1415 3666 regni
1431 3601 1514 3650 nostri
1530 3601 1599 3649 iuste
1615 3606 1642 3649 et
1656 3599 1777 3664 legaliter
1790 3615 1850 3664 pos-

200 3701 269 3752 sidet
289 3703 331 3752 vel
351 3719 419 3769 quae
440 3703 565 3769 deinceps
580 3705 608 3754 iu
623 3707 681 3754 iure
696 3705 841 3756 aecclesiae
863 3705 948 3770 ipsius
968 3700 1028 3754 μθ
1048 3707 1105 3756 sive
1127 3705 1232 3756 accolas
1249 3704 1291 3754 vel
1307 3703 1416 3754 Sclavos
1440 3709 1594 3752 servosve
1617 3703 1645 3752 in
1660 3677 1716 3752 ulla
1730 3704 1759 3753 re
1774 3705 1850 3752 strin-

199 3804 300 3870 gendos
321 3811 368 3856 aut
388 3806 504 3856 inlicitas
526 3809 679 3858 occasiones
700 3809 872 3873 requirendas
893 3809 949 3859 ullo
965 3826 1089 3876 umquam
1108 3815 1225 3876 tempore
1241 3808 1339 3858 audeat
1353 3806 1455 3873 ingredi
1472 3805 1514 3856 vel
1530 3821 1562 3856 ea
1576 3821 1644 3870 quae
1659 3821 1740 3872 supra
1755 3823 1851 3856 memo-

200 3913 258 3957 rata
278 3915 340 3959 suut
360 3912 483 3974 poenitus
506 3912 611 3976 exigere
633 3917 798 3976 praesumat,
821 3911 867 3962 sed
890 3912 970 3962 liceat
992 3917 1136 3962 memorato
1159 3911 1275 3976 praesuli
1297 3912 1405 3974 suisque
1426 3909 1625 3959 successoribus
1640 3925 1681 3960 res
1699 3909 1851 3974 praedictae

148 4015 182 4064 30
201 4013 345 4063 aecclesiae
359 4014 409 4063 sub
425 4015 598 4064 immunitatis
620 4019 727 4066 nostrae
749 3993 902 4064 defensione
922 4016 1013 4080 quieto
1035 4014 1127 4065 ordine
1150 4014 1285 4081 possidere
1305 4017 1450 4078 nostroque
1471 4027 1563 4076 parere
1582 4014 1702 4078 imperio,
1724 4015 1851 4078 quatinus

199 4117 283 4180 ipsius
304 4123 412 4166 sanctae
434 4116 475 4166 dei
497 4117 642 4167 aecclesiae
663 4117 762 4183 celibes
783 4133 831 4183 pro
852 4116 1032 4167 incolomitate
1048 4123 1075 4167 et
1089 4116 1235 4167 stabilitate
1250 4117 1324 4182 regrri
1340 4117 1424 4165 nostri
1440 4114 1482 4164 dei
1499 4117 1687 4181 omnipotentis
1704 4117 1849 4166 misericor·

199 4217 270 4268 diam
292 4221 389 4286 iugiter
409 4235 519 4270 exorare
542 4220 662 4270 delectet
700 4221 736 4269 Et
758 4225 788 4270 ut
810 4221 875 4270 baec
898 4221 1042 4270 auctoritas
1065 4221 1244 4270 concessionis
1265 4225 1371 4268 nostrae
1392 4217 1492 4267 firmior
1511 4219 1641 4268 habeatur
1655 4225 1682 4269 et
1696 4235 1744 4285 per
1760 4219 1851 4270 futura

198 4328 318 4388 tempora
332 4339 349 4374 a
363 4325 467 4374 cunctis
482 4323 606 4374 fidelibus
626 4325 725 4374 nostris
747 4307 948 4391 observetur,
971 4338 1052 4372 manu
1072 4329 1164 4372 nosne
1186 4323 1295 4387 propria
1316 4305 1431 4370 subtus
1453 4334 1511 4370 eam
1532 4319 1695 4372 firmavimus
1716 4322 1850 4390 anuloque

199 4433 289 4477 nostro
312 4427 423 4494 sigillari
447 4429 580 4478 iussimus.

148 4598 181 4645 35
300 4573 315 4654 ξ
337 4575 473 4662 Signum
497 4576 607 4643 domni
631 4576 778 4641 Heinrici
803 4575 893 4657 (ΜΡ.)
918 4575 1115 4640 serenissimi
1138 4576 1272 4660 regis}

296 4703 311 4786 Ξ
333 4705 446 4772 Simon
461 4705 678 4772 cancellarius
690 4705 841 4771 advicem
853 4705 1003 4791 Herigeri
1019 4705 1259 4791 archiepiscopi
1277 4705 1458 4790 summique
1470 4702 1655 4789 cappellani
1671 4705 1848 4789 recognovi

198 4816 230 4872 et
253 4807 267 4890 l
290 4811 360 4891 (sa
384 4810 461 4891 NN.)
487 4812 545 4891 (si.
569 4810 612 4891 2.)

299 4971 389 5037 Data
412 4990 459 5038 vr.
483 4972 526 5037 id.
550 4971 645 5058 april.
668 4995 755 5039 anno
779 4975 1013 5039 incarnationis
1037 4973 1160 5039 domini
1183 4988 1402 5054 nccccxxm,
1436 4969 1676 5037 indictionums
1697 4989 1727 5055 1,
1761 4993 1848 5036 anno

196 5097 274 5142 vero
297 5079 387 5162 regni
411 5076 638 5163 gloriosissimi
662 5078 807 5144 Heinrici
835 5079 922 5162 regis
944 5096 1018 5161 11113
1048 5085 1158 5142 aetum
1186 5079 1220 5143 in
1247 5076 1321 5143 loeo
1344 5078 1399 5162 qui
1422 5075 1542 5140 dicitur
1564 5074 1848 5161 Quitilingaburg3

145 5199 179 5247 4ο
196 5181 229 5245 in
253 5179 305 5244 dei
327 5182 458 5246 nomine
480 5179 618 5245 feliciter
640 5203 746 5246 amen.

315 5393 340 5446 7.
368 5392 475 5462 [Siclrel]
579 5395 606 5457 a)
624 5410 691 5448 cerr.
707 5412 756 5446 aas
773 5395 878 5462 regish
982 5396 1010 5464 b)
1029 5396 1190 5464 praedictam
1214 5396 1305 5447 sedem
1326 5412 1358 5446 su
1381 5398 1505 5459 aydam
1526 5391 1594 5443 noch
1619 5393 1654 5444 D.
1674 5393 1784 5459 Decimio
1801 5393 1848 5444 dea

367 5463 505 5514 stommea
615 5467 641 5524 c)
661 5464 752 5516 Simon
768 5465 868 5515 sobriat
885 5471 936 5516 ent
953 5466 1021 5516 aaut
1038 5467 1086 5516 der
1102 5465 1156 5517 ΠΙ.
1174 5466 1405 5517 accommodamus
1427 5463 1482 5514 mid
1498 5468 1574 5512 nam
1590 5462 1663 5513 demi
1683 5467 1711 5514 ui
1735 5463 1848 5514 dasilber

368 5534 396 5597 d)
414 5550 480 5583 com
497 5549 545 5582 eras
562 5537 636 5584 nra-m
727 5537 753 5595 e)
771 5551 819 5584 mss
836 5534 872 5585 D.
889 5534 997 5599 Ansolss
1013 5552 1044 5585 su
1061 5539 1186 5600 erysimon
1203 5537 1318 5587 voluerit
1335 5535 1426 5584 divina
1443 5537 1560 5599 possum
1579 5534 1680 5598 sugeri,
1698 5533 1733 5583 ad
1751 5548 1847 5583 cauam

367 5601 514 5653 audiendas
531 5601 576 5652 vel
593 5601 668 5652 freda
686 5604 818 5669 exigenda
835 5610 882 5654 aut
898 5607 1049 5656 mansiones
1067 5605 1109 5654 vel
1127 5609 1234 5670 paratas
1251 5604 1388 5656 iaciendas
1406 5608 1453 5654 aut
1470 5601 1638 5651 fideiussores
1656 5600 1788 5652 tollendos
1801 5607 1847 5651 aut

144 5680 178 5728 45
369 5686 489 5738 homines
507 5689 590 5754 ipsius
608 5687 756 5739 aecclesiae
859 5690 882 5753 ι’)
901 5676 984 5742 inoffi
1001 5689 1034 5742 A.
