4500 6428
314 419 378 486 296
913 423 1365 482 KAISERURKUNDEN.

418 613 560 672 Muadirt
574 631 628 672 eoo
643 612 712 671 LD.
746 612 805 671 Die
826 607 1132 678 Uaterseiiriftseeilea
1154 607 1224 666 sind
1246 609 1299 665 mit
1322 607 1447 665 eadmer
1470 608 1564 678 Tiate,
1588 608 1650 668 otso
1672 607 1746 667 rooiel
1768 606 1875 679 father
1896 609 1968 668 oder

415 722 516 790 spata
534 717 727 791 acerbitates.
766 713 852 774 Aucti
874 713 928 771 dos
950 713 1052 770 Dictat
1076 715 1195 770 stainmt
1218 729 1272 768 oon
1295 710 1380 781 LD.,
1411 712 1477 784 petit
1503 713 1573 770 aber
1599 729 1670 770 eum
1701 713 1786 771 Theti
1815 710 1877 783 aas
1903 713 1967 770 aaa

323 803 326 812 ’
417 821 646 893 Aufeeiclmuaq
667 819 789 888 aeruca,
814 819 862 875 iiie
885 816 1122 874 wolrrselieialieb
1144 814 1256 872 allactet
1278 812 1499 886 Abiettreunqea
1522 815 1648 873 udltielt.
1687 815 1791 872 lacem
1813 834 1878 874 aaa
1896 816 1965 874 LD.

415 925 537 996 titolata]
559 923 704 991 orbeiteta
734 923 788 978 wie
807 921 902 993 eiciet
924 921 966 976 ιἰιι
988 919 1128 990 Eiapoay
1151 918 1198 975 die
1220 917 1409 990 Airslassuap
1431 934 1486 974 voa
1508 916 1625 978 favente
1647 920 1773 989 cetratis,
1800 920 1912 977 maehte
1934 936 1966 976 cr

415 1027 495 1083 aieltt
518 1025 608 1082 atteia
629 1025 792 1082 aohtreiebe
807 1023 949 1092 Satureio,
974 1022 1100 1081 εοιιάειιι
1122 1022 1206 1091 uueb,
1231 1039 1274 1079 wo
1293 1037 1325 1078 er
1345 1022 1406 1078 sict
1429 1039 1469 1079 ua
1491 1022 1571 1079 seiae
1592 1021 1713 1094 Vorlooe
1734 1022 1814 1092 licit,
1837 1023 2001 1080 ruebrerca

412 1127 703 1201 praenotatilcoliscte
725 1126 839 1184 Fetdcr.
864 1159 908 1168 -
933 1125 1194 1197 Gramauiayorod
1216 1127 1256 1182 ist
1278 1124 1456 1183 unbekannt.
1480 1156 1523 1167 -
1551 1124 1642 1184 Uebcr
1663 1124 1712 1182 die
1733 1126 1868 1184 camele
1890 1125 1966 1185 Stel-

416 1229 487 1302 luaq
510 1229 561 1286 der
586 1229 790 1300 Taqcsoayabe
817 1245 841 1286 s.
873 1228 967 1288 Sickel
995 1231 1029 1286 ia
1050 1229 1150 1286 Mittit.
1176 1229 1226 1286 cies
1248 1232 1349 1286 esterr.
1380 1229 1520 1286 Instituta
1541 1231 1572 1299 2,
1596 1232 1669 1288 273.
1708 1229 1788 1287 Ater
1815 1230 1890 1287 auct
1918 1229 1967 1286 die

418 1331 687 1391 Jalrresmcrlcmole
709 1329 854 1402 bedetrfen
876 1333 949 1390 acob
972 1333 1024 1390 der
1037 1332 1221 1404 Erkld'ruap.
1264 1331 1350 1391 Wtrd
1373 1331 1420 1390 dic
1441 1332 1639 1390 Unstcherbeit
1661 1349 1717 1390 eoa
1731 1332 1799 1390 LD.
1817 1335 1850 1390 ia
1865 1332 1966 1390 diesen

414 1437 533 1509 Dicaea
555 1437 643 1494 schoa
665 1435 759 1494 duret
781 1436 829 1493 die
849 1438 923 1493 arrei
946 1433 1138 1494 Uerreoturea
1160 1451 1201 1492 aa
1228 1435 1291 1493 sicli
1316 1435 1474 1504 habundet,
1509 1452 1540 1494 so
1562 1437 1636 1493 acet
1658 1435 1854 1494 recluderet
1877 1435 1966 1493 daea

417 1541 587 1613 Erqetaiss,
612 1539 690 1597 deam
711 1539 885 1598 seliliasstieb
908 1540 1053 1598 tereebuet
1077 1539 1173 1597 dieser
1195 1539 1293 1597 Notae
1315 1538 1386 1597 doct
1414 1555 1475 1596 aar
1498 1538 1552 1596 dos
1574 1539 1828 1612 Reyieruaysjotr
1850 1539 1963 1612 delum,
1986 1559 2018 1605 10

416 1643 444 1702 d.
469 1644 496 1701 h.
525 1643 591 1700 deta
613 1643 782 1717 dooeoliqea
804 1643 1078 1716 Kaualeiqebru-uch
1101 1649 1226 1717 penedes,
1261 1647 1334 1700 setrt
1355 1643 1426 1700 eber
1449 1641 1502 1699 dos
1524 1641 1692 1715 Aereajebr
1714 1661 1754 1700 aa
1776 1642 1892 1716 triadem
1914 1660 1963 1712 aa,

415 1766 477 1807 was
506 1749 589 1806 daun
616 1749 649 1806 ia
677 1747 734 1805 dea
764 1748 837 1804 ewet
862 1747 1122 1820 metutfoteendca
1149 1746 1219 1805 DD.
1253 1747 1451 1804 wiederkebrt.
1492 1747 1552 1804 Die
1574 1747 1762 1820 Eiareiliaaq
1785 1746 1879 1805 dieser
1901 1747 1965 1804 ἄνει·

417 1854 523 1913 &debe
545 1871 585 1910 aa
607 1855 670 1912 960
692 1851 768 1909 roird
788 1851 918 1910 admlieh
944 1851 1037 1908 durch
1065 1849 1112 1906 dic
1141 1851 1174 1905 ia
1201 1849 1279 1908 allen
1305 1849 1414 1921 pleiotro
1436 1849 1500 1906 aad
1522 1851 1585 1908 960
1608 1849 1818 1907 satomamtde
1839 1850 1964 1908 Romar-

414 1957 548 2014 eiaseoid
570 1955 633 2013 aad
656 1955 770 2027 betrcffs
792 1953 1128 2014 andanumtais
1153 1952 1245 2010 (iareb
1261 1952 1315 2010 dos
1329 1953 1583 2026 Rcyiertmqucbr
1600 1954 1728 2026 aeliotae.
1771 1953 1881 2012 Weiebt
1895 1954 1965 2011 eber

415 2061 449 2117 ia
476 2060 607 2118 leteterra
628 2059 747 2140 Pautte
769 2057 837 2117 Do,
861 2060 925 2117 216
953 2074 1008 2115 ree
1030 2056 1083 2114 der
1104 2055 1195 2129 Reyel
1216 2056 1270 2125 ab,
1305 2056 1431 2114 solebit
1454 2056 1562 2114 caeder
1584 2055 1633 2113 die
1657 2056 1964 2128 Zerscmreenstetluny
1984 2073 2016 2120 15

415 2164 468 2220 mit
498 2161 566 2221 DO.
589 2165 655 2222 217
682 2163 737 2219 avit
766 2161 918 2234 ricttiyem
946 2160 1225 2230 IaceraotioasJ'obr
1253 2159 1316 2216 read
1342 2160 1481 2232 riclrtiyer
1509 2159 1658 2216 Indictioa
1690 2159 1759 2218 dass
1789 2159 1871 2217 bride
1892 2158 1963 2217 DD.

413 2264 529 2323 eeitlielv
556 2265 860 2336 amarumaaeaoreu.
899 2263 960 2321 Mit
988 2264 1040 2321 der
1062 2261 1272 2322 Jatresweade
1295 2261 1395 2320 warde
1418 2262 1501 2320 duaa
1521 2280 1562 2320 ea
1584 2263 1803 2335 durcleqctends
1825 2266 1965 2320 eorreder

341 2425 342 2428 ,
417 2369 570 2442 Dottruaq
591 2367 829 2441 aurdctpekebrt.

414 2591 470 2670 (C.)
492 2587 506 2672 ξ
527 2589 567 2653 In
581 2589 713 2653 nomine
730 2597 863 2654 sanctae
879 2596 911 2652 et
928 2586 1117 2652 individuae
1134 2587 1298 2650 trinitatis.
1323 2585 1401 2652 Otto
1418 2585 1529 2651 divina
1544 2587 1718 2653 clementia
1732 2611 1800 2654 rex.
1898 2591 1963 2655 No-

311 2696 416 2758 verint
432 2715 551 2780 ¹omncs
573 2691 686 2757 fideles
710 2693 812 2756 nostri
835 2701 1024 2777 praesentes
1055 2691 1180 2754 scilicet
1208 2700 1264 2754 et³
1292 2691 1406 2774 futuri,
1435 2688 1449 2769 i
1477 2691 1616 2776 qualiter
1643 2715 1705 2757 nos
1733 2715 1792 2778 pro
1820 2694 1963 2758 remedio
1983 2711 2016 2757 20

312 2801 442 2863 animae
465 2807 596 2862 nostrae
618 2805 658 2860 ct·
674 2794 876 2860 dilectissimi
900 2794 1007 2859 bonae
1031 2796 1207 2858 memoriae
1230 2794 1377 2857 Heinrici
1401 2795 1502 2878 patris
1525 2797 1627 2859 nostri
1650 2797 1736 2880 regis
1759 2818 1819 2860 nce
1842 2819 1909 2861 non
1932 2806 1965 2861 et

312 2901 565 2968 amabilissimae
595 2902 744 2985 coniugis
775 2909 907 2964 nostrae
935 2898 1139 2963 Adalhcidae
1170 2921 1226 2962 seu
1256 2898 1379 2962 subolis
1413 2907 1545 2963 nostrae
1579 2908 1611 2963 et
1644 2921 1703 2984 pro
1734 2902 1963 2986 omnipotentis

311 3007 461 3092 primitus
484 3004 536 3070 dei
559 3027 670 3070 amore
694 3002 852 3090 quasdam
880 3027 931 3067 res
959 3013 1091 3068 nostrae
1120 3004 1328 3088 propnetatis
1358 3000 1445 3086 queb
1473 3001 1569 3066 nobis
1589 3003 1758 3068 ‘tradiditl
1787 3027 1846 3088 pro
1876 3027 1964 3069 com-

229 3115 234 3119 ’
311 3108 467 3174 cambiob
491 3107 676 3196 quosdamb
699 3107 812 3172 fideles
835 3108 937 3171 nostri
956 3107 1084 3191 Reding
1099 3115 1132 3170 et
1147 3105 1321 3170 Duodicho
1345 3107 1515 3188 nominati,
1539 3105 1601 3170 hoe
1625 3117 1674 3171 est
1697 3129 1791 3171 omne
1814 3106 1964 3192 predium

312 3213 399 3302 quqb
420 3215 542 3280 habere
564 3211 760 3278 videbantur
781 3215 815 3276 in
837 3210 919 3276 locis
943 3213 989 3275 sic
1012 3211 1205 3275 nominatis:
1237 3211 1393 3274 Brunnon
1418 3219 1449 3274 ct
1471 3210 1706 3296 Vnunesburg,
1735 3211 1961 3276 Roduufuordi
1981 3233 2015 3280 aa

311 3330 343 3384 et
358 3319 623 3403 Buthukcsdorp,
648 3339 723 3381 cum
745 3316 915 3382 curtilibus
937 3315 1097 3379 hedificiis
1121 3325 1153 3379 et
1176 3317 1269 3379 terris
1293 3314 1450 3378 salericiis
1467 3313 1592 3398 campis
1608 3319 1709 3397 pratis
1725 3315 1857 3399 pascuis
1874 3314 1962 3378 silvis

311 3427 405 3511 aquis
434 3445 633 3510 aquarumve
664 3420 855 3486 decursibus
883 3417 1078 3483 molendinis
1107 3417 1345 3502 piscationibus
1375 3416 1471 3484 cultis
1495 3427 1527 3480 ct
1551 3415 1682 3481 incultis
1706 3418 1839 3502 quesitis
1862 3427 1895 3481 et
1916 3419 1963 3481 in-

312 3525 477 3614 quirendis
504 3527 675 3611 mancipiis
704 3525 872 3610 utriusque
905 3543 1003 3586 sexus
1031 3530 1064 3585 et
1093 3520 1243 3586 omnibus
1274 3520 1477 3606 appendiciis
1507 3519 1550 3584 ad
1580 3520 1727 3605 predicta
1754 3543 1865 3586 eorum
1887 3520 1963 3585 loca

311 3628 545 3714 pertinentibus
575 3629 660 3706 iure,
695 3625 739 3690 ad
767 3628 998 3690 monasterium
1028 3623 1116 3711 qucb
1145 3647 1205 3688 nos
1233 3624 1342 3689 divino
1366 3634 1447 3689 nutu
1469 3627 1503 3688 in
1525 3626 1657 3690 civitate
1680 3623 1907 3710 Magadaburg
1927 3627 1962 3689 in

310 3731 433 3797 honore
458 3733 586 3797 sancti⁰
607 3731 693 3794 Petri
717 3729 941 3814 apostolorum
963 3730 1121 3815 principis
1144 3751 1203 3793 nee
1226 3751 1292 3792 non
1311 3739 1344 3793 et
1362 3740 1547 3793 sanctorum
1564 3726 1749 3810 stauriciid,
1772 3729 1961 3793 Innocencii
1980 3749 2015 3797 30

312 3837 539 3920 sociorumque
570 3855 682 3899 eorum
711 3834 969 3917 construximus,
1001 3842 1033 3898 et
1063 3831 1105 3896 ad
1137 3831 1300 3917 stipendia
1330 3833 1464 3896 fratrum
1494 3832 1615 3897 ibidem
1645 3832 1705 3896 deo
1731 3832 1961 3897 famulantium

312 3939 494 4024 perenniter
517 3939 550 4000 in
573 3925 740 4022 propiium
762 3935 973 4018 donavimus3
998 3945 1029 4000 et
1051 3944 1197 4022 preterca
1222 3935 1387 4022 quandam
1409 3936 1554 4000 villulam
1578 3959 1640 4022 que
1663 3945 1800 4000 vocatur
1824 3935 1961 4000 Grama-

310 4038 472 4126 ningorod
488 4038 620 4124 prioreb
641 4038 808 4104 traditioni
825 4041 1052 4123 coniungimus
1068 4061 1142 4104 cum
1159 4040 1309 4104 omnibus
1325 4040 1522 4125 appenditiis
1539 4038 1582 4103 ad
1598 4040 1800 4124 praedictam
1814 4039 1962 4105 villulam

309 4145 378 4207 iure
401 4142 637 4228 pertinentibus
660 4145 747 4207 etin
769 4143 873 4207 foveis
896 4145 928 4208 in
952 4142 1069 4230 quibus
1097 4142 1247 4207 solebant
1275 4143 1386 4208 fodere
1417 4146 1653 4228 operimentum
1682 4144 1774 4226 ferri,
1802 4143 1962 4208 inconsul-

311 4245 407 4311 suml
430 4246 599 4312 arbitrium
618 4246 774 4333 quicquid
789 4245 959 4312 eiusdem‘l
982 4249 1170 4312 monasterii
1186 4247 1366 4312 rectoribus
1382 4247 1512 4312 libuerit
1528 4248 1660 4313 sedendi
1679 4259 1776 4334 atque
1794 4247 1959 4334 operiendi
1979 4265 2015 4312 35

310 4372 368 4414 scu
389 4350 509 4436 inpsob
531 4351 661 4416 heremo
686 4373 804 4436 porcos
826 4350 996 4435 saginandi
1018 4353 1252 4417 concessimus.
1286 4351 1444 4416 Iussimus
1460 4361 1492 4416 et
1507 4352 1569 4417 hoc
1591 4374 1724 4437 presens
1746 4362 1877 4417 nostrae
1899 4351 1962 4416 lar-

309 4457 420 4538 gitatis
450 4454 607 4520 indicium
634 4453 753 4518 exinde
783 4455 946 4520 conscribi
976 4465 1008 4520 et
1036 4454 1125 4519 anuli
1155 4457 1257 4520 nostri
1284 4457 1497 4540 impressione
1519 4458 1637 4521 muniri
1661 4456 1840 4543 subtusque
1862 4479 1961 4521 manu

310 4559 444 4645 propria
465 4559 676 4641 firmavimus,
699 4568 735 4623 ut
757 4581 777 4621 a
800 4557 951 4623 fidelibus
974 4561 1117 4624 nostris⁰
1139 4559 1233 4623 firma
1256 4569 1289 4622 et
1310 4557 1461 4645 integrar
1480 4570 1593 4624 nostra
1616 4560 1800 4625 crederetur
1817 4560 1960 4625 moditia.

413 4713 427 4795 Ξ
450 4711 586 4798 Signum
609 4712 719 4778 domni
744 4711 874 4778 Ottonis
899 4714 988 4794 (MP.)
1011 4714 1217 4778 invictissimi
1238 4716 1334 4798 regis.
1357 4710 1371 4792 {i

412 4828 426 4911 ἕ
447 4832 621 4897 Liudulfus
637 4831 850 4898 cancellarius
867 4831 1016 4897 advicem
1031 4834 1196 4898 Brunonis
1212 4833 1465 4919 archicapellani
1482 4837 1668 4920 recognovi.
1691 4833 1705 4920 3³3
1729 4838 1786 4916 (si.
1803 4835 1854 4915 D.)
1878 4836 1960 4916 (SR.)
1979 4851 2014 4898 so

412 4987 501 5052 Data
528 5010 613 5052 anno
643 4989 878 5052 incarnationis
908 4989 1029 5054 domini
1054 4999 1301 5073 Decccnvnnss,
1334 5009 1395 5054 xn.
1419 4991 1485 5055 kal.
1510 4990 1685 5076 septembr.
1709 4990 1884 5055 indictione
1908 5007 1959 5072 111,

307 5093 399 5176 regni
423 5090 553 5156 Ottonis
576 5090 739 5177 piissimi¹¹
761 5094 848 5177 regis
871 5091 997 5177 xva3
1021 5104 1130 5159 acmm
1152 5094 1388 5179 magedaburg.

394 5297 453 5352 tlt.
480 5296 589 5367 [Siclrel]
693 5302 719 5360 a)
737 5301 799 5351 liber
816 5301 864 5352 der
881 5299 951 5352 bele
967 5300 1154 5367 ractyurayen
1252 5301 1322 5368 b)A
1430 5303 1456 5360 cl
1476 5305 1514 5353 sci
1537 5301 1603 5353 obire
1620 5300 1889 5367 Abkiirauaqraeicben
1906 5301 1961 5354 irad

478 5371 524 5418 mit
541 5368 600 5419 dem
610 5368 753 5435 folgenden
770 5370 851 5420 Werte
868 5371 1173 5436 mammenpevctricben
1273 5375 1300 5432 d)
1319 5389 1336 5422 ιι
1354 5373 1416 5422 r'e'ter
1432 5373 1480 5423 der
1492 5373 1562 5423 Zeia
1578 5371 1766 5437 nocbqetropea
1861 5375 1886 5431 o)
1905 5374 1959 5421 nris

478 5437 543 5489 oliae
560 5437 829 5504 Attrawnymteten
932 5440 954 5506 s)
972 5459 990 5508 g
1008 5457 1074 5492 com
1093 5459 1140 5491 aua
1163 5459 1187 5505 r,
1213 5441 1284 5491 duaa
1297 5441 1367 5504 solpt
1384 5441 1497 5491 radii-ter
1515 5459 1559 5492 cre
1663 5445 1690 5507 gl
1710 5453 1777 5491 v1111
1793 5439 1874 5502 refoti
1893 5456 1959 5491 corr.
1978 5439 2014 5486 45

478 5524 526 5557 arca
543 5521 599 5558 VIII
685 5508 731 5576 li)
750 5527 774 5558 ιιι
793 5527 858 5560 corr.
877 5527 955 5559 oriar
1058 5513 1079 5570 i)
1096 5510 1179 5560 derret
1198 5511 1285 5562 Recta·
1303 5528 1368 5560 corr.
1386 5528 1435 5558 αιιιι
1453 5509 1676 5575 serape-iiuylirliem
1694 5522 1787 5560 xxvtl.
