4538 6436
415 427 479 498 522
1013 431 1467 496 narsnnunnnnnnn.

416 645 478 708 que
502 622 565 687 dici
588 621 642 687 vel
665 620 826 686 nominari
849 629 987 705 possunt
1009 618 1053 684 ad
1076 618 1258 703 predictam
1281 617 1450 682 abbatiam
1473 639 1534 703 quq
1559 613 1768 681 ldiemissce‘l
1797 617 1991 698 nominatur,
2022 609 2067 680 ad

347 753 352 762 ’
419 727 578 812 prefatam
601 725 774 789 eeclesiam
798 725 901 788 saneti
925 721 1012 786 Petri
1041 722 1198 807 principis
1228 719 1453 805 apostolorum
1482 721 1651 804 sanctique
1673 718 1843 784 Ruotberti
1867 719 2066 784 confessoris

416 841 549 894 sanctae
565 827 837 911 Salzburhgeusis
861 825 999 890 ecclesie
1021 826 1073 888 cui
1089 822 1286 888 venerabilis
1309 823 1577 909 archiepiscopus
1592 822 1782 887 Fridericns
1806 844 1884 886 cura
1907 821 2066 907 pastorali

415 954 546 1017 preesse
568 931 705 1012 videtur,
736 940 772 994 ut
794 931 860 994 iam
882 926 1094 1013 prediximus,
1126 929 1236 992 omnia
1259 936 1292 992 et
1314 951 1356 992 ex
1380 927 1531 992 omnibus
1555 931 1588 994 in
1611 930 1774 1012 integrum
1796 927 2001 1008 donavimus,
2024 949 2065 992 co

415 1034 540 1099 scilicet
562 1043 675 1099 tenore
696 1043 733 1098 nt
754 1033 900 1118 prefatus
923 1030 1121 1096 venerabilis
1148 1031 1417 1117 archiepiscopus
1446 1031 1666 1096 Frederieus⁶
1694 1031 1827 1118 eiusque
1857 1046 2101 1095 successoress

412 1140 533 1204 nostris
561 1138 744 1224 firturisque
776 1135 977 1222 temporibus
1006 1136 1270 1221 prenominatam
1297 1134 1466 1200 abbatiam
1498 1137 1682 1202 Kiemissce
1711 1157 1785 1200 eum
1815 1134 1965 1200 omnibus
1998 1136 2066 1199 suis

412 1242 614 1325 pertinentiis
644 1251 676 1306 et
703 1240 896 1306 adiacentiis
923 1237 1069 1304 habeant
1097 1247 1230 1303 teneant
1260 1238 1459 1324 firmiterque
1482 1240 1515 1304 in
1538 1249 1730 1325 perpetuum
1752 1236 1944 1325 possideant
1966 1248 2066 1323 atque

413 1346 446 1407 in
468 1345 570 1429 ipsius
593 1354 757 1430 potestate
780 1364 1070 1428 successorumque
1093 1344 1163 1407 eius
1186 1341 1422 1428 perpetualiter
1451 1351 1565 1407 nostra
1592 1341 1753 1427 imperiali
1783 1333 1980 1406 auctoritate
2008 1363 2067 1426 per

412 1449 575 1533 paginam
589 1451 691 1513 nostri
716 1449 863 1533 precepti
887 1446 1043 1511 donatam
1066 1454 1164 1531 atquc
1187 1467 1379 1510 concessam
1403 1454 1603 1531 permaneat,
1632 1446 1776 1511 omnium
1797 1445 1965 1510 hominum
1988 1465 2064 1508 con-

412 1550 607 1616 tradictione
628 1561 765 1616 remota.
798 1551 843 1616 Et
865 1558 900 1614 ut
921 1550 982 1614 heo
1004 1558 1116 1614 nostre
1139 1550 1346 1613 auctoritatis
1370 1547 1503 1614 donatio
1528 1550 1615 1614 omni
1637 1559 1784 1634 tempore
1806 1548 1901 1614 firma
1924 1546 2064 1612 stabilis·
2086 1563 2118 1609 10

413 1652 500 1740 quer
519 1665 718 1740 permaneat,
742 1657 895 1720 iussimus
917 1653 994 1718 inde
1015 1653 1079 1717 hoc
1102 1674 1237 1738 presens
1261 1661 1452 1737 preceptum
1474 1651 1637 1717 conscribi
1661 1652 1824 1737 anuloque
1842 1660 1954 1717 nostro
1978 1649 2066 1734 sigil-

412 1756 484 1840 lari,
507 1779 606 1822 manu
629 1759 763 1844 propria
785 1757 921 1822 subterss
943 1756 1153 1821 firmavimus.

515 1895 529 1977 ᾖ
552 1895 688 1982 Signum
712 1895 823 1960 domni
847 1894 979 1960 Ottonis
1002 1897 1114 1978 magni
1137 1904 1169 1959 et
1191 1896 1398 1961 invictissimi
1424 1897 1489 1978 (Μ.)
1513 1897 1720 1982 imperatoris
1743 1896 1883 1980 augusti.
1907 1897 1921 1980 ξ

514 1997 529 2078 ᾖ
551 2000 738 2086 Liutgerius
754 1999 970 2065 cancellarius
987 1998 1137 2064 advieem
1152 1998 1310 2064 Hattonis
1329 1998 1569 2086 archiepiscopi
1585 2009 1617 2064 et
1635 1998 1822 2085 cappellani
1839 1997 2027 2082 subscripsi.
2051 1993 2066 2076 'i

1842 2102 1924 2184 (sa)
1946 2102 2002 2182 (SI.
2023 2101 2065 2180 5.)
2085 2115 2116 2162 15

515 2241 605 2306 Data
619 2259 670 2305 111.
686 2240 753 2306 kal.
769 2263 844 2306 nov.
861 2263 947 2306 anno
967 2240 1129 2324 dominice
1150 2242 1386 2306 incarnationis
1409 2256 1656 2323 nccccnxvun,
1680 2239 1859 2306 indictione
1875 2256 1951 2322 xm,
1976 2260 2063 2304 anno

412 2345 503 2428 regni
528 2345 725 2408 serenissimi
747 2345 834 2428 regis
857 2343 988 2410 Ottonis
1012 2361 1120 2425 xxxv,
1145 2344 1271 2429 imperii
1297 2343 1423 2418 scilieet
1444 2347 1494 2409 sui
1517 2344 1671 2418 initalia
1687 2361 1767 2427 vm3
1795 2353 1905 2408 aetum
1927 2344 1961 2408 in
1983 2343 2066 2406 'Ibis-

412 2449 508 2512 cania
530 2449 564 2512 in
585 2447 660 2512 loeo
684 2449 739 2534 qui
762 2447 880 2513 dicitur
902 2447 1081 2513 Monticclo
1106 2471 1204 2534 super
1225 2447 1360 2512 fluvium
1382 2447 1472 2514 Arne
1494 2471 1598 2536 prope
1620 2451 1787 2514 civitatem
1810 2448 1966 2513 Luecam.

1193 2636 1280 2710 381.

422 2771 503 2848 Otto
517 2773 657 2848 seltenbt
674 2773 739 2847 der
753 2771 996 2870 buchofliolzen
1009 2773 1144 2848 Kirclte
1158 2773 1218 2847 des
1231 2774 1266 2848 b.
1283 2771 1503 2872 Stephanae
1517 2775 1610 2848 Meta
1628 2757 1695 2848 clos
1709 2767 1855 2850 Kloster
1871 2775 2061 2850 Wonlsert.
2082 2803 2115 2851 ao

1586 2899 1681 2958 Paula
1704 2902 1766 2959 969
1789 2899 1947 2958 December
1969 2901 2021 2958 16.

518 3051 683 3111 Ghortatar
703 3070 759 3111 oea
781 3053 932 3114 Waauort
955 3070 1012 3112 aas
1035 3053 1088 3112 der
1108 3053 1198 3112 Mitte
1220 3053 1271 3112 des
1297 3057 1350 3112 14.
1374 3053 1428 3115 Jh.
1453 3054 1478 3125 s.
1503 3051 1554 3114 17⁴
1577 3057 1619 3112 im
1641 3053 1844 3114 Stootsorcbio
1870 3074 1911 3114 sa
1939 3054 2066 3114 Brassel

514 3155 574 3235 (A).
586 3189 628 3199 -
639 3155 705 3216 MS.
723 3157 773 3216 des
786 3153 894 3217 Ohroa.
915 3156 1150 3218 Woleiodorease
1163 3175 1228 3218 vom
1244 3158 1276 3218 J.
1291 3160 1375 3219 1525
1393 3161 1426 3217 in
1441 3158 1494 3218 der
1508 3158 1803 3219 Semiaorbibtiothck
1817 3178 1858 3218 su
1869 3160 1992 3220 Nomos
2002 3157 2063 3237 (0).

515 3293 652 3352 Miroeas
674 3293 753 3354 Dea.
777 3294 860 3368 Belo.
880 3299 923 3356 23
946 3295 1165 3370 malisuada
1187 3313 1244 3355 aas
1266 3296 1332 3357 MS.
1351 3293 1534 3356 Oreaendols
1555 3314 1596 3354 aa
1610 3299 1674 3356 968
1689 3295 1743 3375 (D)
1769 3321 1809 3349 =
1832 3296 2066 3369 Miroeus-Fop·

510 3413 587 3469 pass
603 3396 656 3470 op.
674 3401 704 3467 1,
720 3401 784 3458 343
801 3421 840 3450 =
858 3395 969 3458 Galim
983 3398 1064 3458 Hist.
1081 3398 1117 3457 de
1131 3399 1280 3458 Maniae
1296 3400 1339 3460 ed.
1360 3407 1384 3471 Ι,
1402 3404 1443 3470 1⁶,
1460 3401 1525 3458 382
1542 3422 1581 3451 =
1598 3399 1642 3459 ed.
1660 3407 1701 3471 ΙΙ,
1716 3403 1760 3470 2,
1776 3403 1850 3471 227,
1868 3423 1908 3454 =
1925 3400 2064 3474 Boaqact
2081 3413 2113 3460 aa

515 3505 545 3572 9,
561 3503 627 3561 392
647 3507 682 3560 a⁰
696 3505 739 3562 13
760 3520 801 3560 su
824 3504 896 3572 969,
921 3525 962 3556 ::
981 3501 1094 3563 Galliot
1115 3503 1195 3562 Hist.
1220 3502 1256 3561 de
1276 3504 1399 3563 Numer
1421 3505 1450 3573 5,
1473 3505 1546 3563 292.
1570 3537 1614 3544 -
1635 3503 1775 3562 Miratus
1796 3504 1866 3563 Not.
1890 3503 1955 3563 cccl.
1981 3504 2063 3578 Belo.

515 3608 577 3665 119
600 3604 818 3678 coaeternitate
840 3623 896 3666 aas
920 3605 1084 3665 desselben
1104 3605 1174 3666 MS.
1200 3638 1244 3649 -
1272 3607 1461 3680 Limminqlw
1484 3605 1632 3680 Croesique
1654 3607 1691 3665 de
1711 3608 1834 3667 Numer
1849 3625 1913 3680 por
1935 3605 2065 3666 Groneia·

514 3707 581 3766 duel
601 3712 632 3779 2,
657 3710 729 3768 621.
753 3743 797 3750 -
822 3709 953 3768 Bithmcr
973 3711 1046 3784 aa.
1070 3713 1143 3771 363.
1167 3743 1210 3754 -
1232 3709 1361 3784 Stampf
1379 3712 1452 3784 Rea.
1468 3712 1549 3769 476.

514 3846 581 3905 Dus
595 3847 744 3907 Protokoti
758 3849 822 3906 ιιιιᾱ
837 3849 890 3906 der
902 3847 1042 3922 Hispano
1060 3848 1157 3908 lesem
1179 3848 1219 3908 lt.
1239 3847 1269 3906 0.
1295 3847 1340 3907 ais
1357 3847 1509 3908 Schrader
1531 3847 1686 3919 ortonam,
1710 3848 1851 3907 nearent
1873 3849 1926 3907 der
1942 3846 2064 3908 emeat

514 3949 577 4006 hier
598 3951 652 4008 wie
673 3953 708 4009 ιἰι
729 3951 786 4008 deo
800 3950 964 4024 Praecptea
986 3949 1042 4021 sar
1063 3951 1172 4010 andere
1195 3951 1401 4024 lothriaqische
1414 3952 1538 4012 Klester
1559 3953 1621 4024 aas
1639 3953 1741 4013 locata
1756 3955 1857 4013 Dietcu
1872 3955 2062 4028 sumetqeht.
2081 3964 2114 4012 30

517 4053 606 4112 Trete
628 4054 765 4113 lctsteren
786 4055 962 4114 Umstoades
984 4057 1024 4114 ist
1047 4055 1118 4115 doch
1139 4056 1192 4114 der
1213 4054 1276 4125 auf
1295 4055 1432 4115 iussimus
1456 4054 1590 4130 solqeode
1605 4058 1719 4118 Passus
1736 4060 1804 4118 sehr
1818 4059 1986 4132 oerdctehtiy
2001 4059 2066 4117 aad

515 4175 584 4230 ruoq
606 4159 639 4215 ιἰι
661 4157 713 4215 der
729 4159 794 4217 Zeit
816 4158 960 4232 suessent
982 4159 1101 4218 worden
1128 4161 1202 4230 seia,
1226 4158 1266 4217 do
1281 4157 1336 4216 das
1356 4159 1539 4219 Verhctltaiss
1556 4178 1612 4219 oon
1626 4162 1779 4220 Hostieres
1796 4179 1837 4220 sa
1859 4161 2012 4221 Woalsort
2028 4158 2063 4239 (.

515 4261 594 4318 Hist.
615 4260 789 4320 Waleiodor.
804 4260 857 4321 SS.
871 4265 911 4319 14
924 4261 989 4320 med
1001 4261 1048 4320 dte
1058 4260 1166 4332 Briese
1184 4261 1327 4333 Wieauts,
1341 4261 1425 4335 Jaffe
1435 4264 1518 4323 Mon.
1533 4263 1720 4324 Oorbeieasio
1731 4269 1796 4326 416
1806 4263 1851 4342 ff.)
1865 4267 1980 4339 streitiy
1992 4284 2064 4325 war.

617 4429 656 4494 In
678 4431 811 4495 nomine
835 4437 948 4495 sancte
971 4438 1004 4494 et
1025 4429 1191 4496 individue
1214 4432 1379 4497 trinitatis.
1418 4431 1497 4498 Otto
1521 4434 1635 4498 divina
1656 4435 1787 4500 favente
1810 4434 1986 4500 clementia
2007 4437 2065 4500 im-

413 4543 545 4619 perator
560 4545 727 4618 augustus.
814 4532 938 4598 Notum
955 4536 998 4598 sit
1014 4533 1165 4600 omnibns
1182 4535 1336 4601 fidelibus
1358 4539 1480 4602 nostris
1503 4539 1709 4624 presentibus
1734 4539 1859 4604 seilicet
1881 4550 1914 4604 et
1935 4540 2064 4619 bituris,
2083 4549 2114 4610 35,

412 4638 567 4721 quoniam
591 4639 775 4703 interventu
804 4636 1015 4702 dilectissime
1044 4640 1207 4702 consortis
1236 4640 1364 4724 imperii
1394 4642 1495 4704 nostri
1523 4640 1704 4707 Adelheide
1731 4651 1869 4726 anguste
1897 4641 2064 4726 nostrique

411 4742 573 4804 carissimi
596 4740 654 4805 filii
682 4749 714 4804 et
737 4742 888 4827 equivoci
917 4738 1073 4805 Ottonisa
1095 4743 1226 4824 augusti
1250 4743 1471 4808 concessimus
1496 4754 1611 4810 saneto
1633 4745 1876 4831 prothomartiri
1896 4744 2063 4830 Stephano
2112 4803 2114 4812 1

412 4853 622 4909 sacrosancte
641 4843 811 4909 Mettensis
835 4843 972 4909 ecclesie
996 4843 1155 4930 simulque
1177 4844 1356 4910 venerabili
1380 4845 1526 4913 eiusdem
1549 4858 1661 4912 sancte
1684 4848 1770 4912 sedis
1794 4847 1914 4934 presuli
1936 4856 2064 4913 nostro·

411 4968 474 5032 que
496 4948 708 5013 dilectissimo
734 4946 866 5013 sobrino
889 4947 1075 5012 Deoderico
1100 4950 1231 5034 suisque
1255 4949 1410 5035 deinceps
1433 4951 1467 5013 in
1490 4950 1607 5015 eadem
1630 4959 1745 5016 saneta
1768 4950 1845 5016 sede
1869 4951 2064 5015 successori·

410 5050 472 5116 bus
494 5051 604 5116 locum
627 5051 791 5138 quendam
813 5053 846 5116 in
870 5074 956 5137 pago
979 5049 1197 5118 Luminensib
1227 5054 1359 5118 nomine
1381 5051 1647 5138 Walciodorum,
1678 5076 1774 5142 quem
1796 5057 1847 5118 vir
1876 5054 2065 5140 quondam⁰
2082 5073 2114 5120 4⁰

410 5155 544 5220 illustris
560 5155 725 5221 Eilbertus
748 5178 823 5221 eum
846 5157 986 5239 coniuge
1009 5178 1070 5220 sua
1084 5153 1273 5222 Hersinded
1296 5179 1339 5222 ex
1361 5159 1495 5243 proprio
1518 5157 1632 5243 predio
1655 5167 1740 5243 pro⁰
1764 5167 1851 5223 statu
1874 5161 2062 5223 monasterii

408 5257 584 5326 fundavitf
610 5281 649 5324 ac
679 5261 861 5326 monastico
892 5259 998 5324 ordini
1029 5260 1063 5323 in
1092 5269 1286 5345 perpetuum
1316 5259 1508 5346 deputatum
1530 5273 1641 5327 nostre
1663 5261 1824 5347 imperiali
1849 5259 2064 5327 dominationi

497 5411 555 5466 ³8⁰.
584 5415 611 5479 d)
630 5415 648 5464 k
667 5432 733 5464 corr.
751 5415 833 5465 aruh
910 5415 933 5478 e)
954 5413 977 5464 A
1053 5415 1073 5477 f)
1092 5413 1142 5464 dar
1160 5421 1225 5465 crota
1247 5418 1257 5466 i
1280 5415 1342 5466 sibor
1360 5414 1408 5467 der
1425 5415 1494 5466 Zeila
1510 5417 1699 5482 noohqetroqea
1766 5419 1793 5484 g)
1813 5433 1879 5468 corr.
1897 5431 1945 5468 aaa
1962 5418 2064 5468 saltter.

497 5499 557 5553 ³81.
586 5499 797 5567 [Foltz-Heller]
902 5504 927 5562 a)
948 5503 1078 5551 carissimi
1097 5503 1220 5566 equivoci
1237 5501 1308 5552 idem
1327 5502 1433 5554 Ottonis
1451 5501 1483 5566 A,
1502 5503 1590 5553 ὠοηιο
1607 5501 1834 5567 urspninqls'cho,
1852 5504 1882 5552 in
1898 5502 1957 5554 dam
1967 5502 2066 5568 judoch

582 5572 639 5621 οιίιο
661 5573 764 5634 mittere
787 5569 870 5620 Hand
897 5571 1020 5635 equivoci
1046 5570 1130 5635 tileta,
1158 5574 1294 5636 nostrique
1321 5575 1450 5622 canssimi
1479 5572 1527 5622 filii
1551 5573 1657 5624 Ottonis
1681 5569 1711 5621 D
1812 5573 1841 5635 b)
1859 5573 2019 5624 Lomacensi
2037 5571 2066 5623 D
2081 5571 2115 5620 45

583 5638 784 5762 qgnqqirqqnqg
862 5639 888 5703 d)
905 5639 1047 5690 Horisinde
1071 5655 1137 5690 corr.
1155 5657 1204 5690 aru
1231 5641 1363 5691 Hersindc
1383 5640 1418 5704 0,
1445 5642 1594 5692 Heresinde
1613 5641 1642 5693 D
1718 5643 1743 5701 e)
1755 5640 1826 5705 fehlt
1843 5639 1920 5692 nol)
1987 5643 2010 5706 l)
2028 5641 2065 5708 D,
