4560 6436
421 415 486 480 594
1018 420 1468 479 KAISERURKUNDEN.

422 611 457 672 in
479 605 529 670 his
553 605 677 669 scilicet
698 603 796 669 locis:
833 601 1047 686 Schartfeldc,
1077 600 1251 686 Aluingen‚
1278 601 1435 684 Punrodt,
1458 602 1670 685 Ruuigerodt,
1694 601 1934 685 Moniekerodt‚
1959 601 2081 667 Abba-

423 721 516 791 terot‚
539 705 784 790 Rudolferodti,
808 704 1000 790 'Ibrferodtffi
1024 705 1291 788 Ammeckerodt‚
1314 704 1513 790 Watterodt,
1537 705 1701 791 Albingen
1713 705 1730 790 ¹,
1755 729 1829 772 cum
1852 707 2008 771 omnibus
2033 705 2083 769 ad

423 814 484 879 hec
506 815 568 878 rite
591 810 829 897 pertinentibus
853 810 942 874 silvis
967 810 1098 894 pascuis
1122 810 1210 892 agris
1234 809 1473 894 piscationibus
1497 811 1565 874 sive
1589 809 1661 874 aliis
1686 810 1867 897 quibusque
1892 809 2083 876 commodi·

422 916 554 998 tatibus,
579 916 708 980 tertiam
730 924 858 999 partem
880 913 958 977 ville
981 911 1100 977 Palithi
1113 922 1142 994 ¹⁰,
1166 914 1295 976 tertiam
1319 921 1447 997 partem
1467 912 1544 978 ville
1566 914 1773 996 Berckeuelt,
1797 917 1927 980 tertiam
1945 923 2083 1000 partem

421 1018 499 1084 ville
521 1019 699 1105 Hattorpp,
722 1021 854 1084 tertiam
876 1028 1002 1103 partem
1025 1014 1244 1097 Bilsshussen‚
1273 1016 1305 1079 in
1330 1014 1450 1080 Herste
1473 1016 1646 1081 ecclesiam
1669 1027 1702 1081 et
1724 1027 1848 1103 septem
1869 1039 2016 1098 mansus,
2043 1018 2116 1079 ino

422 1123 577 1207 Lengerle
600 1147 659 1188 sex
682 1145 826 1206 mansue,
850 1125 883 1187 in
899 1121 1064 1208 Popfum¹¹
1088 1143 1148 1185 sex
1171 1141 1314 1202 mansus,
1338 1121 1371 1183 in
1388 1118 1500 1184 Grone
1523 1119 1684 1205 capellam
1707 1121 1851 1205 regalem
1873 1131 1906 1187 et
1929 1121 2080 1207 quinque

421 1249 570 1309 mansus,
600 1227 634 1290 in
658 1226 837 1310 Gottingen
859 1226 1058 1292 ecclesiam⁰
1081 1234 1114 1288 et
1135 1223 1337 1288 theolonium
1360 1232 1393 1287 et
1414 1246 1512 1288 unum
1538 1247 1704 1306 mansum,
1735 1227 1768 1289 in
1794 1224 1941 1291 Seboreh
1972 1245 2081 1288 unum

420 1353 589 1412 mansum3
612 1332 645 1394 in
669 1330 859 1395 Westfalia:
882 1333 915 1394 in
939 1328 1081 1394 Brakele
1104 1339 1136 1393 et
1158 1330 1192 1393 in
1214 1326 1372 1392 Thunede
1396 1326 1508 1392 decem
1531 1350 1675 1410 mansus,
1702 1329 1736 1392 in
1759 1327 1966 1393 Drutmunde
1990 1326 2079 1390 dnae

420 1436 538 1518 curias,
563 1436 596 1499 in
620 1432 745 1498 (iulisin
767 1457 868 1498 unum
890 1457 1040 1499 mansum
1063 1442 1095 1497 et
1117 1441 1257 1518 quatuor
1279 1433 1392 1495 vineas
1415 1431 1459 1494 ad
1482 1431 1680 1497 sacrificium
1702 1431 1833 1514 altaris3
1862 1449 1890 1496 in
1912 1447 2016 1496 Frisia:
2049 1447 2080 1494 in

386 1615 389 1623 Δ
420 1553 542 1612 wicsort,
564 1539 598 1601 in
621 1535 813 1619 Vnewerde‚
837 1553 864 1600 in
884 1551 1055 1601 colmerhorn
1078 1537 1194 1619 viginti
1219 1543 1358 1620 quatuor
1380 1531 1515 1616 talenta,
1539 1536 1572 1598 in
1587 1535 1848 1600 Frankenhnsen
1865 1557 1968 1600 unum
1983 1556 2080 1599 man·
2101 1550 2134 1596 ro

422 1663 493 1705 sum
522 1651 554 1704 et
584 1641 665 1705 duas
694 1640 851 1726 patellas:
882 1640 942 1704 hee
966 1639 1076 1704 omnia
1098 1636 1151 1702 vel
1174 1659 1315 1722 pernes
1338 1636 1391 1702 vel
1413 1659 1473 1722 per
1495 1636 1579 1701 alios
1603 1660 1750 1723 quosque
1772 1635 1885 1702 fideles
1908 1635 2080 1701 Palidensi

421 1741 561 1807 ecclesie
583 1743 706 1808 tradita
729 1742 771 1806 ad
795 1741 992 1827 stipendium
1014 1743 1150 1806 fratrum
1173 1741 1264 1823 regia
1287 1738 1340 1803 vel
1367 1739 1529 1823 imperiali
1559 1742 1779 1806 munificentia
1808 1741 2080 1806 corroboramus.

420 1846 577 1910 Decimae
612 1869 690 1910 sane
720 1869 779 1932 per
811 1846 1001 1932 parochiam
1030 1844 1212 1909 Palidensis
1244 1843 1382 1909 ecclesie
1412 1854 1445 1908 et
1474 1867 1533 1931 per
1562 1845 1703 1932 quedem
1735 1845 1892 1911 novalia?
1927 1843 2081 1909 eiusdem

421 1948 558 2014 ecclesie
582 1972 602 2013 a
623 1949 794 2014 monachis
817 1948 983 2014 novellata
1007 1971 1027 2014 a
1047 1947 1228 2014 venerabili
1250 1947 1398 2012 Hattone
1420 1949 1664 2033 Maguntinensi
1685 1949 1933 2034 archiepiscopo
1957 1958 2081 2012 nostra

420 2052 643 2118 admonitione
659 2063 691 2118 et
708 2051 778 2116 utili
794 2052 1056 2135 Magrmtinensis
1080 2051 1218 2116 ecclesie
1239 2055 1547 2138 recompensatione
1571 2053 1675 2118 eidem
1698 2056 1946 2140 praenominate
1970 2051 2132 2117 eccle-15

421 2158 493 2222 sie‘l
513 2157 791 2221 irretractabiliter
813 2178 973 2221 concessa
994 2156 1223 2222 nichilominus
1247 2159 1447 2223 sanccimus.
1486 2155 1665 2221 Statuimus
1689 2164 1797 2220 autem
1819 2177 1849 2221 ut
1870 2172 1964 2220 nullus
1988 2185 2081 2219 eomes

421 2259 529 2324 nullus
553 2260 646 2325 miles
668 2260 776 2326 nullus
799 2276 893 2338 iudex,
922 2260 1012 2325 nulla
1041 2283 1174 2345 prorsus
1203 2291 1320 2340 persona
1346 2264 1381 2325 in
1403 2261 1553 2345 praefata
1576 2261 1715 2324 ecclesia
1738 2261 1860 2325 sivein
1884 2262 1955 2323 eius
1977 2257 2081 2323 bonis

421 2379 517 2430 exinde
539 2380 637 2430 habeat
659 2385 816 2444 potestatem
840 2380 980 2430 exercendi
1003 2375 1098 2446 quodr
1125 2381 1190 2430 vent
1218 2365 1270 2429 vel
1294 2366 1366 2431 eius
1391 2365 1480 2430 bona
1502 2387 1632 2451 quoquo
1656 2363 1754 2430 modo
1778 2366 1895 2428 iniuste
1918 2361 2082 2427 invadere

421 2469 566 2534 minuere
587 2468 641 2533 vel
663 2467 822 2551 alienare,
856 2468 914 2533 sed
937 2470 1047 2533 omnia
1074 2471 1202 2552 integra
1224 2468 1411 2533 consistant
1434 2477 1466 2532 et
1488 2468 1532 2532 ad
1554 2490 1665 2533 eorum
1688 2491 1765 2533 usus
1788 2489 1926 2554 quorum
1950 2477 2081 2531 susten-

421 2573 537 2636 tationi
565 2572 687 2636 tradita
716 2581 806 2654 sunt,
836 2571 1069 2657 perpetualiter
1098 2581 1323 2657 permaneant.
1369 2587 1447 2647 Quod
1476 2589 1497 2636 si
1527 2589 1586 2652 quis
1615 2593 1670 2637 arte
1699 2588 1790 2652 aliqua
1817 2588 1873 2637 sivo
1902 2586 1966 2636 dolo
1991 2602 2041 2635 seu
2065 2603 2083 2632 ι
2102 2593 2136 2642 20

421 2692 549 2740 violentis
572 2697 698 2762 queque
720 2675 810 2740 bona
832 2678 1078 2762 praenominate
1101 2677 1239 2742 ecclesie
1262 2677 1412 2740 minuere
1428 2678 1691 2761 praesumpserit,
1715 2691 1855 2740 anathema
1870 2690 1905 2740 sit
1921 2695 1947 2739 et
1963 2705 1981 2738 a
1996 2705 2083 2754 reguo

422 2795 464 2845 dei
487 2799 513 2845 et
534 2797 667 2845 consortio
691 2800 780 2845 sancte
803 2796 914 2846 ecclesie
937 2811 1008 2845 nunc
1031 2801 1057 2846 et
1079 2812 1181 2860 semper
1204 2799 1361 2861 segregatus
1385 2801 1411 2844 et
1432 2796 1468 2844 sit
1489 2796 1576 2857 portio
1600 2795 1656 2842 eius
1679 2787 1762 2842 cum⁸
1785 2793 1903 2842 Sathena
1926 2799 1954 2841 et
1974 2792 2084 2857 angelis

422 2899 480 2949 eius
501 2914 586 2964 usque
608 2900 636 2948 in
659 2905 791 2964 eternum
819 2899 878 2963 fiat,
907 2899 960 2950 liat
998 2883 1043 2949 Ut
1065 2894 1173 2950 autem
1202 2899 1252 2949 hec
1274 2903 1366 2948 nostre
1389 2883 1593 2946 auctoritatis
1617 2897 1723 2946 traditio
1746 2913 1763 2945 a
1785 2897 1887 2946 cunctis
1910 2894 2042 2945 fidelibus
2067 2913 2084 2943 r

422 3003 493 3051 omni
515 3007 632 3068 tempore
656 2989 782 3053 stabilis*
803 3003 878 3053 firma
901 3009 927 3053 et
949 3003 1107 3052 inconvulsa
1129 3008 1298 3067 permaneat,
1330 3002 1381 3052 hoc
1410 3007 1579 3066 praeceptum
1601 3000 1663 3050 inde
1686 3001 1862 3064 conscriptum
1886 2998 1970 3065 sigilli
1995 3002 2085 3049 nostri

421 3106 593 3170 impressione
616 3109 715 3174 signari
738 3091 863 3158 iussimus
886 3123 1019 3172 manuque
1041 3108 1149 3172 propria
1172 3111 1201 3156 ut
1222 3106 1294 3155 infra
1316 3105 1422 3155 ridetur
1444 3105 1681 3155 corroboravimus.
2104 3119 2138 3166 25

525 3223 662 3332 Signum
685 3247 797 3311 domni
821 3245 953 3312 Ottonis
976 3247 1184 3312 invictissimi
1210 3247 1416 3332 imperatoris
1440 3247 1581 3330 augusti.

525 3403 616 3466 Data
639 3420 709 3468 xvl.
733 3403 818 3469 kale.
840 3405 918 3468 maii
941 3425 1027 3468 enno
1051 3402 1213 3468 dominice
1241 3402 1476 3466 incarnationis
1506 3417 1681 3483 nccccun,
1716 3422 1801 3464 anno
1825 3403 1917 3484 regni
1942 3399 2087 3468 Ottonis

422 3505 533 3588 magni
556 3523 675 3588 xv1m3
697 3515 807 3572 aetum
830 3506 966 3590 Palithi3
990 3506 1128 3571 feliciter
1148 3527 1254 3571 amen.
1280 3505 1346 3586 (Μ.)

1206 3744 1293 3821 tto.

1159 3900 1336 3986 (Uaeclrt.)

433 4037 513 4116 Orto
540 4041 629 4113 stellt
654 4040 718 4112 der
749 4040 893 4114 Trierer
918 4040 1053 4115 Kirclre
1081 4040 1147 4113 clas
1173 4004 1318 4112 Kloster
1344 4037 1462 4113 Oerec
1488 4038 1629 4112 zeritclr.
1815 4087 1857 4100 ..-
1902 4093 1945 4100 ..
1995 4095 2041 4104 -

525 4265 647 4325 Kleiacs
675 4266 879 4326 Balduiaeam
906 4285 963 4326 aas
992 4266 1042 4324 der
1070 4266 1159 4323 Mitte
1189 4266 1238 4324 des
1266 4269 1317 4324 14.
1342 4265 1394 4324 Jb.
1422 4265 1445 4335 f.
1471 4269 1512 4324 93
1539 4268 1581 4324 im
1603 4267 1630 4325 lr.
1656 4266 1858 4325 Stactsarelrie
1879 4285 1921 4324 ea
1943 4268 2089 4327 Koblene

528 4369 595 4448 (E).
618 4403 661 4413 —
683 4370 888 4429 Beldaincam
910 4373 973 4429 siae
990 4371 1122 4443 picturis
1145 4387 1202 4426 aas
1225 4369 1275 4426 der
1289 4369 1378 4426 Mitte
1400 4368 1450 4427 des
1472 4373 1523 4428 14.
1541 4369 1593 4428 Jlr.
1619 4367 1643 4441 f.
1660 4363 1711 4428 56'
1727 4365 1861 4440 ebendc(
1890 4367 1911 4446 ).
1936 4403 1983 4414 —-
2008 4373 2088 4431 Bal-

526 4473 670 4531 dcimam
692 4490 759 4531 carm
775 4474 907 4546 picturis
929 4490 985 4531 cus
1008 4473 1061 4531 der
1083 4475 1172 4531 Mitte
1194 4473 1243 4531 des
1267 4476 1317 4530 14.
1335 4473 1387 4530 Jb.
1412 4471 1436 4543 f.
1454 4470 1504 4532 53¹
1528 4474 1638 4532 ebrado
1660 4472 1721 4550 (D).

524 4629 621 4703 cher
635 4629 828 4688 Mittelrbeia.
847 4628 912 4689 UB.
938 4631 966 4698 1,
981 4630 1046 4688 255
1069 4634 1103 4686 a⁰
1117 4633 1181 4690 194
1204 4646 1260 4688 aas
1276 4625 1307 4688 Ο.
1331 4661 1373 4670 -
1396 4627 1526 4701 Stumpf
1536 4629 1607 4701 neq.
1625 4631 1696 4688 532.
1720 4661 1763 4669 —-
1781 4628 1861 4686 Go're
1876 4628 2086 4694 Mittelrhcin.
2106 4652 2141 4700 36

524 4733 597 4806 Rey.
622 4736 694 4793 952.

524 4889 613 4946 ilices
635 4887 689 4945 der
710 4888 810 4946 Inlralt
833 4889 924 4946 dimas
947 4888 1004 4958 D.,
1036 4887 1153 4944 welches
1176 4887 1229 4944 cler
1250 4888 1444 4960 Recoqnitioa
1465 4888 1542 4945 nect
1564 4889 1598 4945 ia
1619 4887 1667 4945 die
1692 4888 1756 4946 Zcr't
1777 4904 1833 4945 eoa
1855 4891 1920 4947 940
1944 4889 1994 4948 bis
2018 4895 2088 4952 953

525 5009 565 5048 eu
588 4995 686 5049 seteea
708 4997 801 5061 were,
832 4991 921 5049 selbst
943 4992 988 5048 bei
1010 4990 1084 5048 oller
1105 4991 1391 5063 Berncksrcoopueq
1414 4990 1463 5048 des
1486 4991 1624 5062 inteficere
1645 4990 1786 5051 Weclrecla
1809 4992 1842 5049 ia
1865 4990 1919 5048 der
1942 4991 2087 5068 Stellcny

526 5094 576 5152 cles
598 5095 651 5151 Kl.
672 5094 766 5153 Ocrea
787 5095 832 5152 als
854 5094 1071 5166 aavmruplicb
1093 5096 1146 5152 mit
1170 5093 1235 5150 dem
1256 5094 1374 5152 Inlmltc
1395 5111 1451 5152 rna
1472 5093 1569 5152 DDO.
1587 5097 1659 5164 168,
1676 5097 1741 5153 322
1761 5093 1825 5151 arrd
1846 5094 1903 5150 mit
1926 5094 1983 5152 der
1998 5095 2088 5155 Der-

523 5196 649 5270 stellrmp
677 5201 811 5270 spnrerer
836 5197 1107 5256 Kaiserurlcurtdea
1135 5197 1246 5255 erklrtrt
1275 5197 1400 5267 werden,
1429 5215 1461 5255 so
1483 5197 1565 5254 bean
1588 5214 1619 5254 cr
1641 5197 1768 5255 collensis
1790 5196 1871 5254 nieht
1893 5195 1993 5256 ‹larclr
2017 5203 2087 5259 eine
2105 5219 2141 5268 ιο

522 5300 618 5358 weder
639 5301 771 5358 locarier?-
793 5303 867 5360 noch
881 5303 1070 5375 eeitpemrtsse
1085 5301 1226 5373 Fassaaq
1240 5303 1378 5374 verberet
1395 5301 1517 5359 werden.
1551 5301 1610 5358 Die
1624 5301 1794 5373 Frzscoao
1810 5317 1877 5373 mee
1892 5302 1936 5358 im
1952 5305 2007 5361 11.
2027 5304 2085 5363 ιΠι.

505 5483 564 5537 439.
591 5486 612 5552 i)
631 5487 764 5536 Rudesrot
784 5485 836 5537 ΟΜ
937 5487 964 5551 k)
981 5488 1095 5537 Tuserot
1115 5485 1168 5537 ΟΜ
1268 5488 1288 5552 l)
1307 5489 1446 5553 Elwingen
1468 5486 1521 5537 ΟΜ
1620 5488 1656 5552 ιιι)
1675 5490 1779 5538 tertiam
1797 5505 1822 5554 p.
1836 5505 1861 5537 v.
1874 5487 1906 5537 P.
1918 5487 1993 5550 seltlt
2012 5491 2043 5539 ia
2066 5491 2093 5542 Ο

589 5557 616 5618 ιι)
631 5553 657 5616 Ο,
675 5554 859 5619 ursprrluqliclr
871 5557 985 5621 Popfiln,
1003 5555 1076 5605 dam
1087 5555 1171 5604 drach
1185 5556 1319 5606 Gerreetar
1341 5558 1453 5622 Poptem
1467 5557 1493 5606 B
1580 5559 1605 5616 o)
1622 5555 1679 5612 ΟΜ.
1699 5558 1824 5607 ecclesias
1844 5556 1870 5606 B
1960 5557 1989 5622 p)
2010 5575 2087 5610 nova

591 5622 712 5754 ppirtogls
721 5627 846 5742 tantibipip
858 5626 1104 5744 rsscompensatione
1123 5641 1144 5673 e.
1159 5641 1184 5689 p.
1204 5626 1315 5676 ecclesie
1333 5625 1402 5688 fehlt
1421 5628 1449 5675 r'a
1469 5624 1494 5676 0
1574 5624 1613 5698 r)
1633 5626 1696 5690 qnid
1717 5624 1770 5676 ΟΜ
1869 5625 1892 5686 s)
1915 5623 1974 5688 ΟΜ,
2001 5629 2037 5677 arl
2059 5629 2088 5678 Β
2106 5699 2142 5747 45
