4560 6420
886 420 1012 476 ΟΤΤΟ
1034 420 1058 474 Ι.
1082 414 1154 473 952.
1784 409 1847 474 237

301 613 330 667 8.
355 605 475 681 August
497 607 542 666 uls
565 606 618 664 der
642 607 704 679 Toy
731 605 793 676 auf
818 604 942 664 walchen
969 604 1017 664 dic
1038 603 1167 664 Kenslei
1192 604 1248 663 dea
1269 604 1562 679 Rspicrunqsuatrttt
1585 604 1636 664 des
1657 603 1772 680 Konips
1793 622 1847 663 urs·

299 715 407 784 qcsctet
429 711 490 772 hot.

301 897 359 978 (C.)
385 894 399 976 ξ
427 897 466 961 In
495 896 626 961 nomine
654 904 787 960 sanctae
814 903 847 957 et
875 892 1063 958 individuae
1098 894 1260 959 trinitatis.
1314 894 1391 960 Otto
1426 895 1477 960 dei
1510 895 1642 960 favente
1675 895 1849 960 clementia

199 1025 269 1066 rex.
365 1002 525 1066 Noverint
548 1023 661 1066 omnes
684 997 797 1063 fideles
819 998 923 1061 nostri
946 1010 1112 1082 presentes
1137 998 1261 1064 seilicet
1287 997 1301 1081 Ξ
1329 1009 1361 1063 et
1389 999 1504 1082 futuri,
1539 998 1678 1086 qualiter
1701 1021 1761 1064 nos
1790 1023 1848 1085 per

165 1107 416 1170 ointerventum
445 1103 555 1170 dilecti
582 1102 640 1168 filii
667 1103 770 1168 nostri
799 1101 934 1167 Lintolfi
964 1103 1157 1188 animaeque
1185 1113 1317 1167 nostrae
1345 1101 1488 1168 remedio
1516 1103 1726 1169 concedimus
1749 1114 1847 1189 atque

199 1209 364 1274 offerimus
388 1206 546 1272 eeclesiae
570 1216 683 1290 sancte
707 1206 758 1270 dei
781 1208 948 1292 genitricis
970 1207 1095 1271 Mariae
1119 1229 1181 1292 que
1204 1216 1392 1272 constructa
1413 1217 1464 1272 est
1486 1209 1520 1272 in
1542 1208 1615 1272 loco
1645 1208 1699 1293 qui
1729 1206 1848 1272 dicitur

197 1310 497 1396 Meginratescella,
527 1321 559 1375 et
586 1309 632 1376 ibi
660 1309 721 1374 deo
745 1309 959 1375 servientibus
982 1309 1148 1375 heremitis
1171 1310 1335 1396 quendam
1357 1309 1466 1376 locum
1488 1310 1623 1374 Lielahe
1645 1312 1847 1375 nominatum

199 1417 254 1501 qui
276 1413 372 1479 nobis
396 1413 435 1478 de
453 1414 597 1480 raebus·
620 1412 837 1478 Gundmmmi
856 1411 1006 1499 populari
1029 1413 1148 1480 iudicio
1172 1415 1206 1476 in
1229 1413 1319 1496 regia
1341 1412 1521 1499 rectaquel
1543 1416 1632 1479 venit
1646 1416 1849 1497 vestituram,

199 1540 274 1585 cum
305 1518 454 1583 omnibus
484 1517 643 1582 utensiliis
672 1517 716 1582 ad
743 1517 882 1582 eundem
911 1517 1094 1603 predictum
1124 1517 1234 1582 locum
1264 1517 1516 1601 pertinentibus,
1550 1517 1725 1584 mobilibus
1749 1529 1781 1583 et
1803 1520 1849 1582 in-

150 1645 181 1692 10
199 1621 375 1688 mobilibus
398 1623 534 1708 quesitis
557 1631 590 1686 et
611 1620 811 1707 inquirendis
835 1622 922 1704 agris
945 1622 1049 1705 pratis
1071 1621 1214 1685 vinetis⁰
1235 1630 1268 1684 et
1290 1622 1472 1706 mancipiis,
1496 1644 1535 1686 ea
1550 1621 1702 1686 videlicet
1723 1624 1850 1687 ratione

199 1737 359 1811 quatenus
382 1728 465 1790 servi
490 1724 541 1790 dei
564 1727 597 1788 in
620 1725 693 1789 loco
717 1723 877 1810 prelibato
907 1733 1138 1789 conversantes
1167 1726 1233 1788 iam
1265 1724 1447 1810 predictum
1476 1725 1624 1810 predium
1653 1726 1742 1810 quod
1772 1748 1850 1791 con-

199 1827 289 1895 stat‘l
316 1853 388 1894 esse
410 1830 444 1893 in
467 1850 553 1914 pago
576 1826 805 1914 Brisehguueb
832 1830 866 1893 in
888 1831 1045 1893 comitatu
1068 1827 1126 1892 filii
1148 1829 1252 1892 nostri
1275 1828 1425 1912 Liutolfi,
1456 1851 1514 1914 per
1537 1827 1746 1893 succedentia
1769 1839 1848 1896 tem·

198 1957 314 2020 porum
336 1932 498 2000 curricula
520 1956 632 2017 secure
661 1942 694 1996 et
722 1930 855 2019 quieteb
881 1933 1045 2016 fruantur,
1075 1935 1219 1998 omnium
1241 1933 1409 1997 hominum
1431 1932 1689 1997 contradictione
1711 1942 1846 1997 remota.

198 2039 242 2104 Et
265 2047 301 2103 ut
322 2038 385 2102 hoc
415 2048 546 2103 nostrae
577 2037 782 2102 auctoritatis
812 2047 1002 2122 preceptum
1029 2038 1158 2102 firmum
1186 2036 1480 2123 inconvulsumque
1508 2046 1714 2122 permaneat,
1748 2058 1848 2100 manu

149 2163 180 2210 15
199 2145 332 2229 propria
354 2141 547 2207 roborantes
571 2140 659 2206 anuli
682 2143 785 2206 nostri
808 2142 1010 2226 inpressione
1034 2140 1146 2206 subter
1166 2141 1322 2205 iussimus
1345 2139 1491 2225 sigillari.

300 2285 314 2367 ᾖ
336 2281 473 2366 Signum
496 2280 606 2346 domni
629 2277 760 2345 Ottonis
786 2281 876 2360 (MP.)
901 2281 1098 2345 serenissimi
1121 2280 1254 2364 regis}

300 2384 439 2467 lHaolt
461 2384 700 2449 cancellarius⁰
723 2383 872 2450 advicem
894 2383 1058 2450 Brunonis
1082 2382 1359 2470 archicappellani
1382 2384 1569 2467 recognovi.
1592 2388 1606 2470 ξ
1627 2384 1684 2464 (SI.
1704 2383 1744 2463 1.)
1766 2383 1848 2464 (SR.)

300 2523 390 2587 Data
405 2541 437 2587 v.
454 2521 521 2588 id.‘
542 2544 617 2607 aug.
634 2544 720 2587 anno
736 2545 814 2588 vero
833 2519 1042 2606 domuisset
1064 2523 1300 2587 incarnationis
1315 2538 1486 2605 nccccnu,
1510 2522 1687 2586 indictione
1703 2539 1737 2604 n,
1760 2544 1847 2586 anno

198 2649 276 2692 vero
299 2629 389 2710 regni
413 2626 544 2692 Ottonis
566 2629 652 2711 regis
674 2643 766 2710 xvn,
793 2635 902 2692 aetum
924 2626 958 2690 in
980 2623 1202 2711 Augustbure.

147 2898 181 2944 eo
986 2864 1070 2939 156.

208 3020 289 3097 Otto
312 3021 473 3121 betrays
494 3022 573 3096 dem
591 3023 736 3097 Kloster
758 3019 795 3097 S.
813 3022 918 3095 Remi
939 3048 984 3094 zu
1001 3021 1122 3096 Raima
1145 3023 1216 3097 dea
1233 3022 1351 3097 Basitz
1373 3022 1438 3096 der
1459 3021 1655 3096 desselben
1676 3047 1749 3095 voa
1770 3022 1850 3096 deno

198 3142 418 3241 Erebischof
433 3143 565 3216 Artold
583 3144 845 3242 ilbertrapeaea
866 3143 973 3216 Aorsi
993 3142 1114 3216 Kosa
1335 3180 1476 3251 Bothsdd
1498 3183 1538 3242 95
1540 3185 1563 3241 2
1585 3180 1753 3254 gwtmb„
1775 3185 1804 3240 9.

305 3369 553 3444 Oripiauldeplom
576 3371 609 3428 ia
631 3369 733 3430 derb.
758 3370 925 3430 Bibliotbck
945 3388 986 3429 su
1009 3369 1158 3444 Stuttyart
1182 3367 1246 3448 (A).

227 3541 229 3546 ,
300 3508 412 3566 Marlot
435 3508 515 3567 Har.
538 3508 693 3567 nonem-is
715 3513 745 3578 1,
770 3511 830 3568 581
855 3525 912 3568 aus
935 3507 1090 3578 Abschrift
1112 3530 1153 3561 =
1172 3507 1274 3567 Gallia
1290 3503 1399 3569 Christ.
1423 3505 1487 3579 10⁶,
1511 3511 1552 3568 15
1575 3517 1610 3567 a⁰
1625 3512 1677 3580 10,
1702 3531 1742 3560 =
1766 3508 1848 3567 Bose-

167 3629 177 3642 ·
300 3616 367 3686 quet
383 3616 412 3682 9,
429 3615 492 3671 384
509 3618 544 3670 n⁰
560 3615 590 3672 6.
613 3645 655 3654 -
677 3612 791 3686 Lonrey
814 3614 846 3670 ia
868 3612 945 3671 Acte
965 3611 1064 3672 Pelet.
1081 3614 1280 3683 5,177n⁰4
1302 3630 1359 3673 aus
1381 3611 1536 3684 Abschrist
1558 3630 1623 3672 tom
1638 3613 1671 3673 J.
1689 3617 1783 3673 1306.
1808 3646 1849 3657 -

300 3717 431 3775 Bobmer
450 3716 522 3788 neq.
547 3719 620 3775 194.
643 3748 687 3756 -
709 3715 838 3788 Stamps
856 3716 928 3789 Περ.
952 3720 1025 3776 217.

304 3854 438 3925 Versesst
460 3853 524 3912 aad
543 3855 728 3928 pescariebea
749 3871 805 3913 voa
831 3853 942 3927 Olpai.

301 4042 359 4123 (Ο.)
380 4043 395 4128 ξ
416 4042 455 4106 In
477 4045 609 4107 nomine
632 4052 766 4107 sanctae
788 4052 821 4108 et
842 4040 1031 4107 individuae
1054 4043 1219 4108 trinitatis.
1265 4041 1344 4107 Otto
1373 4039 1484 4107 divina
1513 4042 1759 4107 concedentes·
1787 4042 1850 4105 cle·

199 4145 321 4208 mentia
348 4167 418 4211 rex.
516 4145 652 4211 Noverit
680 4147 825 4212 omnium
852 4146 998 4212 fidelium
1025 4157 1213 4212 nostrorum
1241 4148 1441 4233 presentium
1467 4146 1592 4213 scilicet
1614 4155 1647 4211 et
1668 4146 1851 4211 futurorum

149 4265 182 4311 30
201 4249 378 4334 industria,
400 4247 415 4334 ξ
436 4250 526 4337 quod
540 4249 697 4316 Artoldus
712 4252 887 4317 Remorum
908 4249 1176 4336 archiepiscopus
1199 4250 1340 4315 reddens
1362 4249 1407 4314 ad
1428 4250 1582 4315 eclesiam
1604 4250 1693 4316 beati
1711 4249 1850 4332 Remigii

203 4353 368 4439 quandam
397 4354 564 4419 abbatiam
586 4357 716 4420 nomine
740 4354 873 4420 Coslam
903 4356 988 4418 intra
1016 4353 1098 4418 fines
1129 4356 1220 4439 regni
1248 4356 1351 4419 nostri
1381 4355 1492 4438 sitam,
1527 4354 1615 4419 misit
1645 4352 1688 4417 ad
1717 4362 1850 4418 nostrae

199 4459 381 4544 presentiae
414 4458 620 4524 clementiam
653 4459 870 4524 Hincmarum
904 4456 1034 4523 cenobii
1068 4456 1214 4522 eiusdem
1247 4457 1334 4522 beati
1362 4457 1500 4543 Remigii
1531 4456 1701 4538 abbatem,
1736 4467 1850 4542 petens

199 4559 434 4649 nostramqueb
456 4561 682 4628 celsitudinem
704 4561 885 4648 deprecans
907 4571 943 4626 ut
966 4562 1122 4648 quoniam
1144 4569 1231 4625 terra
1250 4562 1323 4646 ipsa
1337 4561 1478 4644 inperii*
1500 4561 1603 4624 nostri
1622 4558 1745 4623 ditione
1763 4558 1850 4624 elau-

200 4667 295 4749 ditur,
319 4676 450 4731 nostrae
473 4667 676 4731 auctoritatis
700 4676 854 4752 precepto
879 4665 1126 4730 concessionem
1149 4665 1253 4749 ipsius
1272 4663 1418 4749 episcopi
1437 4662 1629 4728 confirmare
1648 4661 1850 4727 deberemus.

148 4787 181 4834 so
200 4769 301 4835 Cuius
329 4770 485 4854 legationi
514 4768 689 4834 clementer
717 4779 898 4834 annuentes
921 4778 953 4832 et
975 4767 1151 4852 benignam
1179 4767 1360 4854 superbae
1383 4791 1416 4832 re
1440 4766 1607 4832 Ohonradi
1634 4767 1726 4834 ducis
1748 4770 1852 4834 nostri

199 4876 388 4960 petitionem
411 4874 627 4959 suscipientes
649 4893 709 4958 pro
732 4873 861 4938 animae
884 4881 1016 4937 nostrae
1043 4870 1187 4937 remedio
1216 4873 1519 4957 supranominatam
1541 4870 1661 4936 Coslae
1684 4871 1852 4937 abbatiam

200 4979 368 5043 monachis
398 5000 492 5043 sacro
522 4977 597 5044 loco
627 4977 687 5043 sub
711 4976 823 5061 regula
846 4979 950 5042 sancti
972 4975 1142 5041 Benedicti
1166 4974 1424 5040 deservientibus
1447 4997 1521 5039 cum
1546 4977 1634 5039 omni
1658 4974 1782 5041 scilicet
1804 4977 1851 5040 in-

199 5083 359 5165 tegritate,
382 5081 469 5148 villis
491 5085 585 5147 terris
607 5081 691 5146 locis
715 5081 805 5146 silvis
828 5092 860 5146 et
884 5079 1034 5146 omnibus
1058 5079 1285 5146 adiacentibus
1307 5078 1524 5162 reddidimus,
1548 5079 1704 5166 quicquid
1727 5080 1852 5145 seilicet

199 5186 283 5249 intra
298 5185 468 5269 Vosagum
490 5195 554 5249 ac⁰
576 5187 610 5250 in
632 5206 718 5270 pago
734 5184 885 5250 Roslinse
908 5186 941 5248 in
964 5184 1123 5249 comitatu
1138 5183 1280 5249 Blisinse
1302 5184 1346 5248 ad
1368 5185 1476 5268 ipsam
1497 5181 1667 5249 abbatiam
1689 5186 1851 5269 pertinere

148 5303 182 5353 40
200 5288 344 5371 videtur,
378 5289 463 5353 sicut
495 5290 558 5373 ipsi
585 5288 739 5354 videlicet
765 5289 954 5354 beatissimo
983 5286 1090 5352 adhuc
1121 5289 1286 5373 superstiti
1315 5287 1464 5372 Remigio
1494 5309 1514 5350 a
1542 5284 1731 5352 Clodomiro
1764 5311 1850 5373 rege,

286 5477 342 5532 1⁵⁵.
370 5477 479 5545 [Sickel]
581 5483 607 5542 a)
627 5479 664 5544 A,
688 5480 775 5532 tndem
792 5496 827 5530 aa
849 5497 866 5532 a
888 5479 936 5530 der
952 5477 1048 5530 Haleso
1058 5479 1109 5543 fiir
1130 5497 1145 5530 e
1166 5483 1290 5543 caparam
1309 5480 1341 5528 ist
1359 5477 1425 5530 abac
1445 5477 1554 5543 aanor
1571 5477 1618 5528 da
1635 5483 1746 5528 mter-m
1763 5475 1851 5528 Baeh-

369 5547 471 5598 etatae
574 5548 644 5608 ΜΔ
748 5553 772 5611 e)
792 5567 858 5602 cor-r.
875 5565 923 5601 σιω
946 5551 1047 5600 venetis
1152 5549 1179 5610 d)
1197 5565 1215 5597 n
1237 5547 1299 5598 uter
1316 5547 1364 5598 der·
1380 5546 1450 5598 Zeila
1466 5545 1654 5612 mchqmpen
1759 5551 1784 5609 e)
1801 5546 1851 5598 dae

369 5618 455 5668 aare
473 5631 491 5666 a
507 5615 569 5667 ridet·
585 5617 633 5669 der
649 5617 720 5670 Zeila
736 5618 924 5685 naetqareqen
1027 5619 1049 5680 t')
1068 5618 1094 5668 id
1113 5616 1179 5668 ohne
1196 5615 1472 5682 lokemnqmtes

287 5721 343 5776 150.
372 5717 480 5790 [sichel]
589 5721 658 5784 a)A
766 5725 795 5786 b)
813 5721 962 5788 nostriffiffi
988 5723 1035 5773 mit
1058 5720 1245 5786 aestimem
1262 5717 1531 5786 aconensem
1640 5719 1666 5781 c)
1684 5719 1737 5782 arv*
1754 5719 1850 5772 Rarus
