4560 6436
433 402 496 467 596
999 383 1004 392 ’
1024 408 1481 468 61136666666666.

434 609 577 669 Otecharii,
601 606 740 672 sigehardi
762 621 793 655 ac
815 605 972 656 Willihulmi
996 607 1121 656 comitum
1146 592 1253 674 situm,
1282 622 1341 656 cum
1365 607 1488 656 omnibns
1511 607 1591 657 rebus
1613 607 1698 658 eidem
1720 607 1779 658 loco
1802 625 1818 655 6
1840 607 2049 668 adiacentibus,
2075 603 2105 653 id

434 717 474 762 est
495 712 571 760 terris
594 708 672 758 cultis
695 714 721 759 et
743 707 851 758 incultis
874 709 1014 758 curtilibus
1038 715 1063 760 et
1089 709 1196 774 edifitiis
1222 711 1361 773 mancipiis
1390 711 1528 775 utriusque
1557 726 1636 761 sexus
1664 711 1830 775 parslralohis
1857 715 1883 761 et
1912 710 1977 760 aliis
2010 709 2104 759 servis

434 817 566 867 cidalariis
588 814 772 879 vectigalibus,
802 820 877 862 cum
900 798 1040 882 ecclesia
1064 801 1097 862 in
1120 799 1242 864 honore
1267 800 1372 863 suncti
1395 799 1551 864 Iohannis
1575 799 1728 865 dedicata
1751 808 1784 864 et
1806 821 1881 866 cum
1903 807 1979 863 tota
2006 798 2102 862 deci-

432 907 574 971 matione
595 903 680 966 infra
699 903 885 966 terminium
900 902 1077 986 Hirzpach,
1101 901 1298 987 Erilispech,
1323 901 1457 986 Agduta
1480 902 1523 968 ad
1546 903 1685 968 eandem
1703 903 1876 988 ecelesiam
1897 904 2101 986 terminata,

434 1041 493 1075 cum
515 1025 613 1074 foresto
636 1007 812 1090 incipiente
836 1028 855 1070 a
877 1006 1009 1071 flumine
1032 1023 1248 1091 urentesque
1271 1006 1315 1071 ad
1337 1006 1538 1072 Mbreuetein
1560 1011 1778 1092 pertingente,
1802 1029 1876 1072 oum
1899 1005 2040 1092 alpibus
2063 1007 2139 1070 ine

434 1128 508 1178 silvis
532 1127 614 1191 pratis
637 1126 744 1189 pascuis
768 1125 979 1190 saginationibus
1002 1126 1190 1176 venationibus
1213 1126 1289 1190 aquis
1312 1139 1494 1189 aquarumque
1512 1125 1669 1176 decursibus
1684 1113 1717 1174 in
1733 1126 1934 1190 piscationibus,
1958 1108 2028 1173 hoc
2047 1119 2101 1173 est

433 1219 466 1282 in
489 1217 668 1301 Lintpiuga
692 1216 761 1279 sine
784 1213 935 1278 habenda
957 1215 1133 1299 partitione
1157 1225 1189 1278 et
1212 1214 1440 1279 communione
1464 1212 1602 1278 eliorum
1624 1223 1656 1277 et
1679 1211 1783 1278 tribus
1806 1212 1956 1298 pertibus
1980 1214 2099 1297 pisca-

433 1323 531 1386 tionis
554 1321 587 1384 in
606 1319 780 1404 Argarthu,
804 1339 884 1398 prout
906 1339 968 1383 ante
990 1334 1074 1400 regali
1096 1339 1227 1399 potestate
1249 1336 1278 1383 in
1300 1334 1389 1384 benno
1413 1340 1496 1396 erant,
1520 1334 1678 1384 molendinis
1700 1319 1800 1383 etiam
1822 1333 2100 1398 molendinorumque

433 1443 498 1492 locis
525 1441 577 1489 viis
606 1445 632 1489 ct
659 1439 740 1488 inviis
770 1438 881 1502 quesitis
911 1442 936 1486 et
965 1438 1129 1502 inquirendis
1158 1439 1270 1488 interius
1296 1438 1340 1488 vel
1369 1439 1486 1488 exterius
1509 1421 1651 1487 exitibus
1674 1433 1706 1488 et
1728 1421 1885 1487 reditibus
1908 1439 2099 1503 omnibusque

319 1589 324 1594 .
433 1543 591 1595 utensilibus
614 1542 648 1592 ad
671 1541 783 1592 eundem
807 1541 895 1590 locum
918 1540 1097 1591 Grabanastat
1119 1543 1176 1592 iure
1199 1543 1410 1607 pertinentibus,
1439 1526 1481 1591 ab
1511 1525 1566 1591 illo
1598 1526 1752 1590 videlicet
1778 1525 1852 1591 1000
1881 1525 1937 1591 ubi
1961 1525 2096 1590 rivulus
2119 1546 2153 1594 10

435 1631 664 1718 Chaltunpsch
687 1631 792 1695 influit
815 1630 1036 1713 Rotuntrfina‚
1068 1640 1100 1694 et
1123 1631 1163 1696 de
1186 1629 1416 1717 Chaltunpach
1440 1627 1482 1694 ad
1504 1628 1737 1694 Vuidinistirde
1765 1640 1797 1694 et
1820 1651 1917 1715 super
1941 1639 2097 1694 montem

432 1735 673 1821 Uuoluisperch
695 1756 798 1819 usque
821 1733 866 1798 ad
888 1733 1027 1798 rivulum
1049 1734 1104 1820 qui
1126 1734 1212 1798 infru
1235 1734 1476 1798 Rdotinistetun
1499 1733 1599 1796 intret
1620 1734 1654 1796 in
1677 1731 1787 1797 albem
1809 1731 1966 1814 Trimam,
1992 1743 2029 1797 et
2053 1731 2097 1797 de

432 1839 688 1904 Dunninuurtun
710 1858 812 1922 usque
836 1835 879 1900 ad
901 1835 1011 1900 Brdch
1034 1846 1067 1901 et
1089 1836 1130 1901 de
1152 1835 1264 1901 Brucli
1285 1859 1388 1922 usqne
1417 1836 1461 1901 ad
1490 1857 1647 1900 cacumen
1675 1838 1811 1918 montis,
1842 1858 1879 1900 eo
1908 1844 2029 1900 tenore
2058 1845 2096 1900 ut

432 1943 517 2007 infre
540 1940 747 2027 supradictos
770 1941 925 2003 terminos
947 1938 1057 2004 nullus
1080 1938 1201 2004 habeat
1223 1940 1389 2005 licentiam
1412 1937 1581 2004 habitandi
1605 1938 1657 2002 vel
1681 1939 1866 2024 extirpandi
1881 1938 1935 2003 vel
1951 1939 2094 2003 novalia

433 2044 607 2128 excolendi
629 2046 690 2109 nisi
715 2045 1036 2129 praenominatorum
1058 2044 1195 2110 fratrum
1218 2045 1337 2126 coloni,
1361 2053 1393 2108 et
1415 2059 1443 2108 in
1465 2049 1560 2117 slauna
1578 2049 1693 2117 curtlilia
1711 2073 1770 2107 cum
1789 2057 1893 2122 patellis
1915 2057 2094 2122 patellarum-
2116 2062 2150 2109 ro

435 2181 487 2231 que
508 2165 574 2214 locis
597 2169 687 2213 nostro
712 2165 784 2228 regio
808 2179 879 2212 more
901 2163 1045 2226 praedictis
1068 2163 1203 2212 canonicis
1226 2178 1286 2212 cum
1309 2164 1380 2212 omni
1403 2162 1554 2228 integritate
1573 2157 1724 2232 potenter
1741 2162 1927 2212 concessimus.
1961 2145 2004 2210 ld
2021 2147 2093 2232 qui·

434 2253 508 2318 dem
532 2268 688 2318 curatione
711 2251 846 2315 fecimus
869 2272 912 2328 nt,
941 2267 963 2314 si
987 2267 1128 2330 episcopus
1151 2266 1270 2316 ciusdem
1292 2267 1444 2316 monasterii
1467 2260 1524 2315 aut
1546 2250 1612 2314 alie
1637 2249 1779 2337 quelibet
1802 2259 1917 2335 potens
1941 2271 2094 2335 persona

433 2373 482 2437 heo
506 2371 659 2435 supradicta
681 2369 713 2419 de
736 2353 924 2439 praebenda
947 2371 1136 2420 canonicorum
1159 2370 1289 2419 violenter
1312 2371 1452 2434 cripuerit,
1482 2375 1578 2419 cuncta
1606 2369 1716 2419 redeant
1743 2371 1771 2418 in
1801 2374 1958 2434 potestatem
1990 2368 2093 2435 domne

434 2475 555 2526 Ivdithae
579 2480 605 2525 et
627 2473 675 2523 filii
699 2474 756 2523 eius
779 2474 900 2522 Heinrici
923 2472 998 2522 ducis
1022 2481 1165 2546 suaeque
1188 2462 1398 2543 posteritatis.
1444 2458 1572 2523 Placuit
1594 2459 1694 2541 igitur
1715 2474 1766 2522 hoc
1787 2490 1804 2520 s
1825 2479 1999 2544 praeceptum
2027 2473 2093 2524 inde

434 2580 578 2642 conscribi,
608 2584 635 2629 et
656 2584 686 2628 nt
709 2579 758 2644 hec
781 2583 870 2643 nostre
893 2577 1044 2628 donationis
1066 2579 1212 2628 auctoritas
1235 2577 1334 2628 firmior
1357 2577 1532 2642 stabiliorque
1555 2578 1727 2642 sequentibus
1755 2578 1917 2642 temporibus
1947 2577 2091 2640 consistat,
2111 2578 2147 2626 20

433 2685 507 2735 anuli
530 2685 613 2734 nostri
634 2684 800 2747 inpressione
821 2683 894 2731 intus
918 2681 1028 2746 sigillari
1051 2681 1162 2731 fecimus
1185 2695 1318 2746 manuque
1341 2683 1449 2747 propriu
1471 2681 1642 2732 firmavimus.

535 2795 709 2890 {Signum
732 2803 855 2869 domini
880 2803 1009 2869 Ottonis
1033 2805 1230 2869 serenissimi
1255 2805 1320 2886 (M.)
1347 2807 1444 2889 regis.
1468 2804 1482 2885 1

535 2907 732 2994 {Lintolfus
756 2906 971 2973 cancellarius
994 2907 1146 2973 advicem
1169 2907 1333 2972 Brunonis
1357 2907 1612 2994 archicapellani
1634 2909 1821 2993 recognovi.
1844 2909 1858 2992 ᾖ
1887 2909 1980 2988 (81.)Ε
2005 2909 2092 2988 (SR.)

536 3046 625 3111 Data
648 3064 694 3111 v1.
721 3047 766 3112 id.
794 3047 860 3114 iun.
890 3069 976 3112 anno
1006 3046 1167 3131 dominice
1197 3047 1434 3111 incarnationis
1463 3063 1689 3130 Dccccnvnn,
1721 3046 1897 3111 indictione
1919 3063 1963 3128 11,
1997 3068 2088 3110 anno

433 3173 511 3216 vero
534 3151 626 3236 regni
649 3152 786 3236 piissimi
809 3152 896 3235 regie
920 3148 1051 3216 Ottonis
1076 3167 1195 3232 xxnu3
1219 3160 1330 3216 actum
1351 3152 1454 3235 Rore3
1478 3153 1513 3215 in
1536 3150 1588 3216 dei
1610 3151 1740 3216 nomine
1764 3149 1898 3214 feliciter
1920 3170 2031 3213 amen.
2107 3164 2141 3211 25

1217 3357 1304 3431 112.

1169 3513 1351 3594 (enecet.)

338 3717 339 3722 ,
442 3649 522 3724 Otto
550 3651 696 3724 verleilet
721 3651 779 3723 die
797 3651 902 3724 Abtee'
919 3648 958 3726 S.
979 3652 1161 3725 tractum
1184 3651 1240 3724 bei
1261 3652 1366 3726 Trier
1392 3654 1509 3726 seinos·
1535 3651 1726 3728 Gemoltlin
1744 3651 1929 3742 Adellseid,
1957 3653 2090 3724 uirrzmt

433 3773 483 3844 sie
502 3772 541 3843 in
559 3773 680 3844 seiuen
699 3769 837 3862 Schuetz,
862 3773 1032 3845 06366660
1049 3772 1107 3844 die
1125 3772 1431 3848 Eltreneorreelete
1450 3775 1574 3849 welche
1594 3775 1658 3847 cler
1676 3775 1748 3847 Abt
1765 3773 1844 3846 und
1861 3772 1919 3846 dte
1937 3772 2089 3846 Briirler

434 3892 490 3964 bei
516 3891 614 3964 (1666
639 3892 887 3964 6666366666
914 3919 973 3964 ene
1000 3893 1098 3992 Hofe
1122 3894 1305 3992 pensasses
1331 3895 1449 3986 sollers,
1487 3895 1567 3968 ((60
1591 3895 1753 3993 bostutipt
1778 3894 1849 3967 deu
1876 3893 1991 3966 Besitz
2021 3894 2139 3972 (16666

432 4037 513 4082 aure
540 4010 725 4083 Ueterltelt
751 4011 815 4084 der
841 4011 989 4084 Bouder
1016 4013 1096 4086 ((60
1121 4014 1185 4086 cler
1211 4014 1349 4087 Arinen
1377 4016 1592 4089 beusteten
1619 4015 1741 4091 ester.

1750 4139 1826 4197 Rom
1850 4139 1913 4198 962
1934 4169 1975 4180 ·-
1999 4169 2043 4178 -

536 4323 678 4382 11616606
700 4341 756 4382 663
779 4324 844 4382 dem
867 4323 953 4382 Eride
981 4323 1030 4382 des
1063 4328 1111 4383 11.
1136 4324 1188 4384 Jt.
1221 4327 1253 4382 irs
1281 4325 1486 4398 Diplomsorm
1517 4329 1549 4384 in
1577 4327 1629 4385 der
1658 4325 1900 4387 Stodtbibliotteb
1927 4343 1967 4384 su
2000 4327 2089 4386 Trier

535 4424 595 4505 (A).
620 4461 662 4469 —
685 4424 864 4500 Copialbucb
886 4446 942 4486 666
965 4427 994 4486 S.
1019 4429 1172 4486 01660616
1194 4447 1250 4487 aus
1274 4429 1339 4487 dem
1362 4428 1489 4502 Aufoup
1513 4430 1560 4488 des
1584 4436 1635 4490 13.
1657 4431 1710 4490 Jt.
1740 4431 1763 4502 f.
1789 4436 1829 4491 19
1852 4433 1895 4488 im
1916 4429 1943 4490 t.
1968 4429 2087 4490 816613-

536 4532 636 4589 arch-io
657 4549 698 4589 eu
720 4532 852 4590 Koblens
874 4529 935 4608 (B).
960 4565 1001 4573 -
1024 4532 1210 4590 lfacinziucr
1231 4533 1423 4606 Deplomotor
1445 4552 1501 4594 ((63
1524 4535 1590 4593 dem
1612 4535 1699 4594 Eude
1722 4535 1771 4594 des
1794 4541 1845 4595 17.
1863 4535 1915 4594 Jlt.
1935 4551 1968 4607 p.
1985 4537 2031 4594 57
2054 4537 2139 4597 1635

537 4635 589 4692 der
612 4635 856 4695 Stedtbibliotbelc
878 4653 918 4694 su
943 4637 1029 4694 Trier
1053 4634 1113 4714 (O).

538 4771 684 4845 Zpllcsius
706 4772 852 4844 Defensio
875 4777 903 4843 2,
928 4777 968 4833 19
992 4779 1026 4830 60
1042 4779 1080 4832 11
1106 4790 1162 4832 663
1185 4774 1214 4831 Α
1239 4797 1277 4825 z
1300 4775 1493 4848 00666111,
1518 4779 1583 4848 169,
1605 4779 1670 4835 260
1693 4783 1726 4834 6ο
1742 4781 1793 4847 97,
1819 4798 1858 4829 =
1877 4774 1985 4835 Celeret
2002 4776 2085 4835 Hist.

537 4875 571 4933 de
586 4875 736 4934 Lorroiue
759 4877 847 4947 ((1.1,
872 4882 914 4947 1⁰,
938 4880 1003 4936 360
1027 4900 1065 4929 =
1090 4877 1133 4936 od.
1155 4886 1195 4947 ΙΙ,
1219 4881 1262 4950 2⁶,
1285 4883 1360 4950 211,
1385 4903 1425 4932 .-
1450 4881 1612 4938 Heremo-rm
1629 4878 1737 4940 Corum.
1754 4879 1790 4938 de
1806 4898 1837 4938 re
1860 4879 1931 4952 dipl.
1956 4880 2086 4951 irrepere-

536 4980 644 5036 0666(
669 4983 739 5048 110,
765 5003 804 5031 =
827 4978 1081 5056 (Wiucbelnmuu)
1107 4983 1184 5041 Hist.
1209 4984 1345 5056 hospital.
1363 4983 1392 5044 S.
1410 4985 1600 5044 Etrsssobetboe
1623 4983 1761 5062 (166666
1776 4985 1872 5062 1786)
1889 4987 1930 5044 29
1946 4987 2026 5043 612.
2043 5017 2086 5026 -

537 5082 695 5139 Ηο611616(
711 5083 790 5142 Hist.
811 5084 922 5141 Treuir.
940 5088 968 5152 1,
992 5087 1058 5143 292
1071 5091 1105 5140 69
1119 5089 1183 5144 173
1206 5103 1262 5144 663
1278 5084 1308 5144 Α
1332 5111 1370 5138 =
1392 5087 1619 5148 enitesceret.
1640 5083 1702 5158 13⁶,
1719 5091 1783 5148 323
1798 5095 1832 5146 6ο
1848 5092 1897 5148 12.
1920 5120 1962 5130 -
1984 5086 2086 5161 Beyer
2107 5111 2142 5158 to

536 5184 727 5244 Mittelrbeiu.
750 5185 814 5246 ΠΒ.
839 5192 868 5256 1,
892 5190 957 5246 268
979 5193 1013 5244 61
1028 5191 1091 5247 209
1115 5187 1232 5248 66311.
1256 5223 1299 5231 —
1320 5191 1536 5265 1360666106.
1553 5195 1626 5252 254.
1651 5223 1692 5234 ——
1716 5190 1846 5265 Stumpf
1857 5193 1926 5265 Rep.
1943 5194 2018 5252 300.
2042 5227 2087 5234 -

539 5285 618 5345 (1066
640 5289 833 5349 1116060666.
858 5291 931 5363 neq.
956 5294 1028 5350 981.

537 5424 664 5483 Faweist
686 5428 746 5485 sicli
770 5428 818 5485 dic
836 5427 1064 5500 Contectsoltrift
1090 5428 1206 5506 (ausser
1228 5429 1281 5488 der
1295 5431 1388 5489 Form
1404 5432 1456 5490 der
1471 5432 1658 5492 Bucbstobeu
1679 5433 1814 5492 bommen
1836 5433 1912 5492 6661(
1928 5431 2004 5490 Zau
2020 5433 2086 5490 ((60

537 5528 1089 5608 0636160661(εο(166110006666966
1112 5536 1143 5594 iu
1166 5535 1316 5613 Betraclrt)
1339 5536 1383 5595 613
1406 5542 1481 5595 ctwa
1502 5555 1554 5595 um
1570 5541 1654 5597 1100
1678 5539 1860 5608 etelstanum,
1884 5537 1986 5598 soleat
2011 5535 2087 5597 doct

522 5692 581 5747 111.
611 5695 721 5764 [Ubliru]
825 5703 851 5764 a)
863 5699 981 5763 folscbes
998 5701 1176 5768 Kduipssispel
1193 5703 1242 5769 opt
1261 5703 1335 5754 Folts
1353 5707 1381 5754 iu
1401 5705 1432 5755 N.
1453 5704 1549 5756 Archiv
1566 5707 1592 5770 3,
1610 5708 1655 5757 33.
2106 5709 2143 5758 db
