4530 6434
874 460 999 517 ΟΤΤΟ
1022 461 1046 515 1.
1070 455 1142 515 968.
1770 446 1835 511 505

186 643 353 708 hominum
376 641 634 706 contradictione
660 650 796 705 remota.
831 655 859 704 Si
877 650 963 721 quis*1
985 657 1126 721 episcopus
1146 661 1223 704 vero
1248 654 1298 704 hoc
1320 659 1440 704 nostrum
1462 658 1615 718 preceptum
1632 655 1661 702 irr
1678 668 1774 719 magno
1790 651 1833 702 vel

186 764 214 811 in
236 777 319 826 parvo
342 763 487 826 irrumpere
510 760 679 824 temptaverit
701 758 743 808 vel
767 742 793 806 sl
817 757 932 822 aliquam
955 774 971 805 rr
994 759 1157 808 invasionem
1180 759 1208 805 in
1230 755 1350 820 predicta
1371 760 1462 805 nostra
1484 739 1731 805 confirmatione
1754 770 1833 820 agere

188 867 385 931 presumpserit,
409 851 550 936 quinque
573 863 647 912 milia
669 877 807 912 mancosos
831 862 889 910 auri
905 861 988 926 obripi
1004 866 1153 926 componat,
1176 845 1384 910 medietatem
1400 867 1527 908 camere
1542 852 1653 909 nostre
1669 854 1701 908 et
1716 842 1834 908 medie·

187 965 288 1018 tatem
311 953 415 1017 eidem
439 952 637 1016 monasterio
661 949 713 1014 vel
736 948 848 1014 abbati
861 959 880 1032 f,
911 958 943 1013 et
965 950 1155 1014 monasterii
1177 947 1272 1016 hrrius
1297 950 1429 1014 omnino
1453 958 1564 1012 eareat
1586 949 1760 1032 potestate.
1798 961 1836 1012 Ut

153 1058 250 1122 thoe
265 1066 374 1121 nostre
391 1053 645 1119 confirmationis
668 1071 822 1133 preceptum
839 1083 856 1115 r
874 1068 993 1118 obtineat
1014 1069 1145 1130 roborem,
1168 1062 1270 1118 manu⁸
1292 1073 1384 1118 nostra
1406 1069 1497 1118 subter
1519 1067 1681 1116 finnavimus
1704 1071 1731 1116 et
1753 1064 1834 1115 anulo

187 1171 300 1225 nostro
321 1155 422 1222 cumh
444 1172 565 1238 insigniri
587 1173 720 1221 iussimus.

290 1398 484 1464 Ambrosius
508 1395 724 1462 cancellarius
747 1397 896 1460 advieem
915 1396 1056 1461 Huberti
1079 1399 1224 1482 episcopi
1248 1406 1280 1461 et
1302 1396 1580 1462 archicancellarii
1603 1396 1780 1481 recognovi
1803 1403 1835 1458 et

188 1504 315 1588 scripsi.
1754 1498 1835 1579 (SR.)

138 1665 170 1712 10
289 1641 379 1705 Data
401 1657 464 1704 1111.
488 1663 564 1705 non.
588 1639 755 1705 novembr.
778 1661 863 1703 anno
888 1638 1049 1702 dominice
1071 1640 1306 1704 incarnationis
1337 1654 1575 1720 ncccccxvm,
1608 1639 1733 1723 imperii
1756 1658 1833 1700 vero

188 1743 299 1808 domni
317 1743 446 1808 Ottonis
468 1746 606 1829 piissimi
630 1745 751 1807 cesaris
768 1759 843 1822 vm,
867 1741 1044 1806 indictione
1061 1758 1129 1824 xr13
1152 1751 1262 1807 aetum
1284 1744 1317 1806 in
1341 1741 1548 1827 subportiou3
1571 1741 1710 1805 feliciter
1727 1761 1834 1804 amen.

969 1997 1055 2071 368.

197 2155 278 2234 Ouo
304 2156 444 2231 schenid
468 2158 585 2228 seiner
611 2152 802 2231 Gemoilin
828 2152 1006 2226 Adelireid
1037 2152 1095 2226 die
1128 2153 1178 2225 irn
1211 2153 1336 2227 Eleoss
1367 2153 1557 2251 pelepenen
1591 2151 1689 2250 Ho’fe
1715 2149 1833 2225 Hoclz-
1953 2233 1955 2236 ,

175 2279 317 2376 selden,
347 2276 618 2364 Morscbweilen
647 2273 953 2372 Sclrweiplrousen,
982 2271 1235 2348 Sermersireirn
1262 2274 1342 2347 und
1366 2271 1456 2349 Sele.

139 2417 169 2466 1⁶
1305 2396 1447 2456 Aterno
1470 2399 1533 2458 963
1555 2397 1718 2457 November
1740 2398 1791 2455 16.

295 2588 542 2662 Oriyineldr'piorn
563 2591 606 2648 un
626 2591 738 2662 pressit.
758 2587 1121 2648 Gonnoi-Laudesorote'u
1142 2605 1182 2646 eu
1203 2586 1372 2645 Kertsruire
1393 2583 1457 2664 (A).

291 2727 403 2786 Frober
421 2725 501 2798 Orto.
518 2725 615 2785 Pelet.
640 2726 684 2784 cd.
701 2735 741 2797 11,
764 2728 795 2795 2,
820 2728 863 2784 82
884 2743 940 2784 aus
955 2723 986 2783 A
1009 2749 1048 2778 =
1071 2723 1237 2785 Widutind
1251 2723 1296 2783 ed.
1314 2724 1446 2782 Meiboru
1461 2727 1535 2793 128,
1560 2747 1599 2776 =
1622 2723 1735 2782 Freirer
1754 2719 1835 2794 Orie.

291 2831 387 2888 Pelet.
410 2829 526 2898 ed.111,
549 2832 581 2898 2,
606 2833 656 2898 77,
681 2853 720 2880 =
743 2829 873 2888 liieitorn
897 2829 949 2890 SS.
973 2834 1003 2900 1,
1027 2831 1100 2899 752,
1125 2851 1165 2880 =
1192 2829 1298 2888 Totner
1314 2825 1375 2887 01).
1392 2827 1491 2886 Pelet.
1509 2831 1549 2887 19
1571 2833 1606 2883 u⁰
1620 2830 1672 2896 24,
1697 2849 1737 2878 =
1760 2826 1836 2884 Ecle-

292 2935 358 2990 run
376 2931 455 3005 Oriq.
473 2933 583 2991 Hebsb.
608 2935 670 2992 169
693 2939 728 2990 n⁰
750 2935 801 3003 34,
826 2955 866 2984 =
890 2932 1030 3005 Lepuille
1052 2932 1131 2991 Hisi.
1156 2929 1290 2989 d'Aisooe
1312 2935 1342 3002 3,
1365 2934 1418 3000 22,
1443 2953 1483 2983 .-
1507 2931 1620 2990 Freter
1640 2932 1674 2988 in
1688 2929 1837 2988 Retnter·

290 3035 346 3093 dus
362 3035 413 3095 SS.
431 3051 488 3094 rer.
506 3035 601 3092 Pelet.
618 3039 691 3106 361,
717 3059 756 3090 =
781 3036 943 3093 Heumann
960 3035 1067 3095 Corum.
1089 3035 1124 3092 de
1144 3052 1175 3092 re
1194 3033 1266 3107 erut.
1286 3027 1510 3107 imperatricum
1526 3038 1598 3094 112.
1622 3067 1664 3076 -
1688 3032 1838 3105 Sohdptir‘u

291 3137 353 3195 Als.
378 3137 448 3210 dipl.
465 3142 495 3207 1,
512 3140 577 3197 122
597 3143 631 3194 n⁰
648 3140 708 3197 150
732 3154 788 3196 eus
812 3137 848 3195 A.
872 3171 913 3180 -
933 3137 1118 3196 Greudidr'er
1141 3139 1173 3194 in
1195 3137 1381 3196 Wrtrdtreer'n
1395 3138 1480 3197 Nouo
1494 3139 1574 3196 subs.
1591 3142 1621 3208 3,
1638 3141 1701 3197 399
1724 3142 1758 3194 u⁰
1773 3136 1836 3196 105

294 3259 350 3299 eus
373 3241 409 3298 A.
432 3275 476 3282 -
498 3241 627 3298 Bdirner
648 3241 719 3314 lieu.
743 3243 815 3301 354.
840 3276 882 3284 -
906 3239 1034 3314 Sturnps
1051 3243 1123 3314 Rep.
1148 3242 1221 3300 461.

294 3377 428 3450 Versosst
456 3377 520 3436 und
545 3379 730 3451 pesoirieben
758 3396 814 3438 uon
842 3379 908 3435 doru
935 3379 991 3436 seit
1020 3378 1115 3436 dieser
1140 3379 1206 3437 Zett
1234 3379 1310 3438 euch
1336 3397 1377 3438 eu
1406 3380 1459 3438 der
1480 3379 1583 3439 Arbeit
1606 3378 1659 3437 der
1681 3378 1838 3436 deutschen

291 3482 419 3540 KeurIer'
440 3483 694 3554 tineupeeopenen
716 3483 754 3540 It.
773 3479 803 3541 O.
827 3515 871 3524 -
892 3481 997 3538 Indem
1019 3499 1091 3538 uren
1113 3482 1168 3540 des
1189 3483 1273 3541 sterit
1295 3483 1477 3557 besebddipte
1492 3483 1521 3542 A
1543 3501 1596 3540 um
1617 3499 1645 3542 es
1663 3480 1726 3554 auf
1735 3483 1840 3554 Puppe

291 3603 331 3642 eu
349 3583 448 3642 ldeben
463 3585 496 3641 in
512 3583 646 3656 Stretfeu
664 3585 853 3656 pesotnttten,
878 3584 925 3642 die
947 3585 1083 3644 leteteren
1106 3586 1188 3644 deun
1210 3588 1281 3645 eber
1302 3587 1424 3646 scilecit
1447 3589 1631 3647 annuender
1650 3585 1754 3661 postet
1777 3587 1837 3656 iret,

291 3687 360 3746 sind
382 3705 422 3745 en
443 3687 535 3745 sieten
558 3687 665 3747 stetten
686 3705 747 3745 nur
768 3689 841 3746 nocie
864 3688 1129 3748 Buolrstebenreste
1150 3689 1287 3748 sichtbor.
1326 3689 1408 3749 Docte
1430 3691 1527 3750 lusson
1551 3693 1612 3749 sich
1638 3691 1694 3748 elle
1716 3688 1839 3747 Intcken

290 3794 345 3850 ruit
368 3789 464 3863 Hu'lfe
487 3791 539 3848 der
560 3792 673 3850 dlteren
696 3791 817 3850 Druote
838 3791 903 3849 und
925 3793 979 3850 mit
1003 3791 1101 3864 Hulfe
1122 3809 1178 3850 uon
1199 3790 1266 3852 Do.
1284 3797 1347 3854 369
1370 3794 1466 3852 sicher
1494 3792 1656 3866 nesseden.
1689 3825 1730 3836 -—
1760 3791 1839 3852 Steti

291 3895 403 3954 Aterno
426 3895 470 3954 nls
495 3895 748 3968 Aussteliunpsort
772 3896 826 3954 des
848 3896 963 3968 heutipe
984 3897 1113 3955 Poscere
1135 3895 1169 3974 (s.
1186 3896 1255 3956 DO.
1271 3895 1351 3973 369)
1371 3915 1412 3956 eu
1433 3902 1540 3968 seiten,
1572 3899 1665 3955 beben
1688 3898 1743 3954 un‘r
1764 3895 1840 3953 necle

292 3999 349 4056 den
370 3999 596 4071 Berueriuureen
618 4017 674 4057 von
696 3998 802 4057 Arnoti
825 3998 964 4056 Anstund
982 4017 1171 4072 peromnem
1187 4001 1292 4072 jedeon
1314 4001 1407 4074 liepen
1428 4003 1490 4059 sicle
1512 4001 1567 4060 des
1590 4000 1737 4072 domiue
1750 3997 1839 4058 Ater-

292 4119 366 4160 num
393 4102 458 4160 und
486 4103 616 4160 Poscere
645 4119 677 4161 so
704 4103 780 4161 nahe
809 4102 878 4160 dass
911 4100 1025 4174 triplicis
1047 4121 1088 4160 en
1110 4104 1176 4161 dem
1195 4103 1325 4176 pleiehen
1351 4105 1428 4178 Tope
1450 4123 1491 4162 eu
1514 4105 1617 4163 beiden
1641 4103 1731 4163 Orteu
1749 4119 1839 4176 peur-

292 4203 403 4262 renen
425 4205 541 4263 werden
562 4205 677 4264 kunde.

296 4405 353 4486 (O.)
375 4404 389 4486 ii
410 4377 449 4469 sn
471 4405 602 4470 nomine
626 4415 759 4470 sanctae
782 4414 814 4469 et
835 4406 1025 4472 individuae
1049 4407 1212 4471 trinitatis.
1259 4407 1337 4472 Otto
1367 4407 1477 4473 divina
1506 4410 1638 4474 favente
1666 4408 1839 4475 clementia

191 4511 368 4595 imperator
396 4519 565 4598 augustus.
671 4507 817 4592 [Nouum
841 4513 882 4575 sit
905 4511 1055 4575 omnibus
1078 4509 1229 4574 fidelibus
1252 4513 1372 4575 nostris
1395 4511 1600 4596 presentibus
1630 4512 1754 4576 scilicet
1783 4509 1841 4595 [alt

191 4614 323 4696 futuris,
352 4611 366 4694 Ξ
395 4613 534 4699 qualiter
561 4635 622 4676 nos
650 4634 708 4697 per
735 4614 952 4676 interventum
981 4636 1020 4677 ac
1049 4613 1238 4697 petitionem
1260 4615 1476 4678 amantissimi
1500 4614 1556 4678 filii
1581 4617 1683 4679 nostri
1707 4615 1839 4681 Ottonis

141 4741 174 4788 35
192 4714 422 4801 impera[toris]
449 4715 565 4800 dilecte
589 4717 721 4800 coniugi
744 4723 854 4798 nostre
873 4713 1052 4800 Adelheide
1076 4716 1273 4800 imperatrici
1296 4738 1534 4803 regnorumque
1558 4727 1742 4782 nostrorum
1763 4739 1839 4782 con-

193 4820 271 4883 sorti
293 4820 327 4882 irr
350 4821 517 4904 proprium
541 4819 735 4883 donavimus
757 4819 837 4882 iuris
860 4819 951 4902 regni
974 4819 1077 4883 nostri
1102 4817 1260 4902 quasdam
1284 4828 1391 4884 curtes
1410 4821 1457 4884 ite
1474 4830 1698 4905 nuncupatas:
1723 4815 1839 4905 H[o]h-

192 4920 302 4986 seldon
326 4932 358 4986 et
381 4921 664 5006 Sarameresheim,
690 4920 883 4987 Suehhusun
900 4931 932 4985 et
946 4921 1235 4986 Morinzarruuileri
1259 4931 1357 5007 atque
1374 4921 1489 5004 Salise,
1513 4925 1592 4987 sitas
1614 4923 1648 4988 in
1670 4923 1841 4988 Elisaziun

193 5025 226 5087 in
249 5027 405 5089 comitatu
429 5026 580 5110 Hugonis
604 5027 746 5106 coritis,
781 5046 857 5088 cum
879 5023 1027 5088 ecclesiis
1051 5024 1196 5088 orutibus
1219 5023 1356 5108 edificiis
1379 5027 1551 5111 mancipiis
1574 5027 1667 5090 terris
1690 5025 1785 5090 orrltis
1808 5034 1842 5089 et

193 5127 324 5192 incultis
348 5129 434 5212 agris
458 5132 583 5214 campis
607 5130 709 5213 pratis
732 5129 863 5214 pascuis
887 5125 977 5190 silvis
993 5127 1096 5190 vineis
1112 5127 1341 5192 venationibus
1363 5130 1457 5214 aquis
1481 5150 1703 5214 aquarumque
1726 5128 1838 5193 decur-

143 5253 177 5302 40
195 5229 284 5294 sibus
312 5231 548 5315 piscationibus
576 5230 772 5296 molendinis
800 5229 1087 5314 molendinumque
1115 5229 1197 5295 locis
1229 5232 1371 5297 exitibus
1401 5241 1433 5296 et
1462 5231 1620 5296 reditibus
1649 5234 1783 5317 quesitis
1807 5243 1838 5296 et

193 5333 393 5420 inquirendis
416 5335 591 5400 mobilibus
615 5346 647 5400 et
668 5333 878 5401 inmobilibus
900 5334 998 5399 rebus
1022 5335 1236 5421 omnibusque
1263 5335 1465 5420 pertinentiis
1489 5357 1551 5420 que
1575 5334 1639 5399 dici
1662 5335 1716 5400 vel
1736 5337 1839 5400 nomi-

192 5437 263 5501 nari
290 5445 428 5522 possunt
450 5435 494 5501 ad
515 5437 659 5521 prefatas
682 5448 789 5526 curtes
813 5437 1015 5522 Hohfeldo[n
1038 5439 1080 5523 et]
1112 5439 1404 5521 Sarameresheim,
1436 5437 1629 5504 Suehhusun
1659 5449 1691 5504 et
1717 5439 1839 5505 Morin-

193 5538 397 5624 aa[nu]uileri
421 5550 519 5626 atque
542 5539 647 5606 Salise
669 5543 915 5627 pertinentibus,
937 5551 974 5606 ut
996 5543 1061 5607 iarn
1084 5541 1297 5628 prediximus,
1320 5551 1430 5626 nostre
1454 5540 1570 5626 dilecte
1593 5542 1724 5626 coniugi
1741 5541 1839 5607 Adel·

279 5725 338 5780 307.
364 5728 391 5796 q)
401 5727 471 5791 scirit
487 5730 517 5778 ia
534 5727 565 5793 A,
584 5733 685 5795 eptae
702 5747 749 5780 orae
766 5731 819 5784 VU.
917 5733 939 5802 r)
956 5735 1049 5785 eodem
1067 5749 1101 5782 m.
1120 5750 1144 5782 v.
1164 5733 1261 5783 abbate
1278 5731 1302 5782 A
1398 5733 1421 5800 s)
1438 5748 1531 5784 marrus
1549 5731 1581 5784 A.

244 5839 434 5882 Kobermkunden
449 5839 467 5880 1.
1577 5839 1617 5900 64
