<?xml version="1.0" encoding="UTF-8"?>
<!DOCTYPE html PUBLIC "-//W3C//DTD XHTML 1.0 Transitional//EN"
    "http://www.w3.org/TR/xhtml1/DTD/xhtml1-transitional.dtd">
<html xmlns="http://www.w3.org/1999/xhtml" xml:lang="en" lang="en">
 <head>
  <title>
</title>
<meta http-equiv="Content-Type" content="text/html;charset=utf-8" />
  <meta name='ocr-system' content='tesseract 3.04.00' />
  <meta name='ocr-capabilities' content='ocr_page ocr_carea ocr_par ocr_line ocrx_word'/>
</head>
<body>
  <div class='ocr_page' id='page_1' title='image "./monumentagerman00gescgoog/monumentagerman00gescgoog_0403.png"; bbox 0 0 4508 6428; ppageno 0'>
   <div class='ocr_carea' id='block_1_1' title="bbox 415 409 1465 476">
    <p class='ocr_par' dir='ltr' id='par_1_1' title="bbox 415 409 1465 476">
     <span class='ocr_line' id='line_1_1' title="bbox 415 409 1465 476; baseline -0.001 -3"><span class='ocrx_word' id='word_1_1' title='bbox 415 409 479 473; x_wconf 83' lang='grc'><strong>374</strong></span> <span class='ocrx_word' id='word_1_2' title='bbox 1009 417 1465 476; x_wconf 82' lang='lat' dir='ltr'><strong>KAISERURKUNDEN.</strong></span> 
     </span>
    </p>
   </div>
   <div class='ocr_carea' id='block_1_2' title="bbox 413 608 2098 682">
    <p class='ocr_par' dir='ltr' id='par_1_2' title="bbox 413 608 2098 682">
     <span class='ocr_line' id='line_1_2' title="bbox 413 608 2098 682; baseline -0.005 -18"><span class='ocrx_word' id='word_1_3' title='bbox 413 613 549 678; x_wconf 86' lang='lat' dir='ltr'><strong>mperialis</strong></span> <span class='ocrx_word' id='word_1_4' title='bbox 571 617 706 680; x_wconf 74' lang='lat' dir='ltr'><strong>preceptio</strong></span> <span class='ocrx_word' id='word_1_5' title='bbox 729 631 776 679; x_wconf 92' lang='lat' dir='ltr'><strong>psr</strong></span> <span class='ocrx_word' id='word_1_6' title='bbox 798 615 890 664; x_wconf 81' lang='lat' dir='ltr'><strong>lutura</strong></span> <span class='ocrx_word' id='word_1_7' title='bbox 915 620 1035 680; x_wconf 84' lang='lat' dir='ltr'><strong>tempora</strong></span> <span class='ocrx_word' id='word_1_8' title='bbox 1056 613 1198 665; x_wconf 87' lang='lat' dir='ltr'><strong>firmiorem</strong></span> <span class='ocrx_word' id='word_1_9' title='bbox 1220 614 1340 666; x_wconf 84' lang='lat' dir='ltr'><strong>obtineat</strong></span> <span class='ocrx_word' id='word_1_10' title='bbox 1362 615 1493 682; x_wconf 90' lang='lat' dir='ltr'><strong>vigorem,</strong></span> <span class='ocrx_word' id='word_1_11' title='bbox 1523 626 1604 664; x_wconf 79' lang='lat' dir='ltr'><strong>manu</strong></span> <span class='ocrx_word' id='word_1_12' title='bbox 1625 617 1716 664; x_wconf 87' lang='lat' dir='ltr'><strong>nostra</strong></span> <span class='ocrx_word' id='word_1_13' title='bbox 1738 613 1834 663; x_wconf 79' lang='lat' dir='ltr'><strong>subter</strong></span> <span class='ocrx_word' id='word_1_14' title='bbox 1857 608 2045 660; x_wconf 83' lang='lat' dir='ltr'><strong>firmavimus</strong></span> <span class='ocrx_word' id='word_1_15' title='bbox 2069 610 2098 656; x_wconf 87' lang='lat' dir='ltr'><strong>et</strong></span> 
     </span>
    </p>
   </div>
   <div class='ocr_carea' id='block_1_3' title="bbox 415 717 905 784">
    <p class='ocr_par' dir='ltr' id='par_1_3' title="bbox 415 717 905 784">
     <span class='ocr_line' id='line_1_3' title="bbox 415 717 905 784; baseline 0.006 -19"><span class='ocrx_word' id='word_1_16' title='bbox 415 717 505 768; x_wconf 87' lang='lat' dir='ltr'><strong>ianulo</strong></span> <span class='ocrx_word' id='word_1_17' title='bbox 527 723 617 768; x_wconf 89' lang='lat' dir='ltr'><strong>nostro</strong></span> <span class='ocrx_word' id='word_1_18' title='bbox 640 717 751 784; x_wconf 88' lang='lat' dir='ltr'><strong>sigillari</strong></span> <span class='ocrx_word' id='word_1_19' title='bbox 772 719 905 768; x_wconf 88' lang='lat' dir='ltr'><strong>iussimus.</strong></span> 
     </span>
    </p>
   </div>
   <div class='ocr_carea' id='block_1_4' title="bbox 413 888 2122 1182">
    <p class='ocr_par' dir='ltr' id='par_1_4' title="bbox 413 888 2122 1182">
     <span class='ocr_line' id='line_1_4' title="bbox 519 888 1932 977; baseline -0.001 -21"><span class='ocrx_word' id='word_1_20' title='bbox 519 894 534 974; x_wconf 61' lang='grc' dir='ltr'><strong>Β</strong></span> <span class='ocrx_word' id='word_1_21' title='bbox 557 888 692 974; x_wconf 88' lang='lat' dir='ltr'><strong>Signum</strong></span> <span class='ocrx_word' id='word_1_22' title='bbox 716 889 826 956; x_wconf 91' lang='lat' dir='ltr'><strong>domni</strong></span> <span class='ocrx_word' id='word_1_23' title='bbox 851 889 981 957; x_wconf 90' lang='lat' dir='ltr'><strong>Ottonis</strong></span> <span class='ocrx_word' id='word_1_24' title='bbox 1004 893 1114 976; x_wconf 89' lang='lat' dir='ltr'><strong>magni</strong></span> <span class='ocrx_word' id='word_1_25' title='bbox 1138 900 1170 955; x_wconf 91' lang='lat' dir='ltr'><strong>et</strong></span> <span class='ocrx_word' id='word_1_26' title='bbox 1192 891 1396 957; x_wconf 77' lang='lat' dir='ltr'><strong>invictissimi</strong></span> <span class='ocrx_word' id='word_1_27' title='bbox 1422 890 1487 972; x_wconf 85' lang='grc' dir='ltr'>(Μ.)</span> <span class='ocrx_word' id='word_1_28' title='bbox 1511 892 1718 977; x_wconf 90' lang='lat' dir='ltr'><strong>imperatoris</strong></span> <span class='ocrx_word' id='word_1_29' title='bbox 1741 891 1889 974; x_wconf 79' lang='lat' dir='ltr'><strong>augusti.</strong></span> <span class='ocrx_word' id='word_1_30' title='bbox 1915 891 1932 973; x_wconf 60' lang='lat' dir='ltr'><strong>l</strong></span> 
     </span>
     <span class='ocr_line' id='line_1_5' title="bbox 517 990 2091 1080; baseline -0.003 -22"><span class='ocrx_word' id='word_1_31' title='bbox 517 992 740 1078; x_wconf 59' lang='lat' dir='ltr'><strong>{Linigerius</strong></span> <span class='ocrx_word' id='word_1_32' title='bbox 763 994 980 1060; x_wconf 84' lang='lat' dir='ltr'><strong>cancellarius</strong></span> <span class='ocrx_word' id='word_1_33' title='bbox 1004 993 1152 1061; x_wconf 89' lang='lat' dir='ltr'><strong>advicem</strong></span> <span class='ocrx_word' id='word_1_34' title='bbox 1171 993 1334 1060; x_wconf 91' lang='lat' dir='ltr'><strong>Uuidonis</strong></span> <span class='ocrx_word' id='word_1_35' title='bbox 1358 995 1504 1080; x_wconf 82' lang='lat' dir='ltr'><strong>episcopi</strong></span> <span class='ocrx_word' id='word_1_36' title='bbox 1527 1005 1560 1060; x_wconf 93' lang='lat' dir='ltr'><strong>ct</strong></span> <span class='ocrx_word' id='word_1_37' title='bbox 1582 992 1865 1060; x_wconf 90' lang='lat' dir='ltr'><strong>archicancellarii</strong></span> <span class='ocrx_word' id='word_1_38' title='bbox 1892 990 2091 1076; x_wconf 81' lang='lat' dir='ltr'><strong>recognovi</strong></span> 
     </span>
     <span class='ocr_line' id='line_1_6' title="bbox 413 1093 2122 1182; baseline 0.001 -22"><span class='ocrx_word' id='word_1_39' title='bbox 413 1105 446 1160; x_wconf 90' lang='lat' dir='ltr'><strong>et</strong></span> <span class='ocrx_word' id='word_1_40' title='bbox 470 1095 657 1182; x_wconf 85' lang='lat' dir='ltr'><strong>subscripsi.</strong></span> <span class='ocrx_word' id='word_1_41' title='bbox 681 1101 695 1181; x_wconf 61' lang='lat' dir='ltr'><strong>t</strong></span> <span class='ocrx_word' id='word_1_42' title='bbox 1956 1096 2023 1176; x_wconf 83' lang='lat' dir='ltr'><strong>(SI.</strong></span> <span class='ocrx_word' id='word_1_43' title='bbox 2042 1093 2087 1174; x_wconf 88' lang='grc'><strong>3.)</strong></span> <span class='ocrx_word' id='word_1_44' title='bbox 2105 1115 2122 1162; x_wconf 81' lang='lat' dir='ltr'><strong>t</strong></span> 
     </span>
    </p>
   </div>
   <div class='ocr_carea' id='block_1_5' title="bbox 412 1234 2083 1526">
    <p class='ocr_par' dir='ltr' id='par_1_5' title="bbox 412 1234 2083 1526">
     <span class='ocr_line' id='line_1_7' title="bbox 515 1234 2083 1320; baseline -0.001 -22"><span class='ocrx_word' id='word_1_45' title='bbox 515 1234 605 1299; x_wconf 88' lang='lat' dir='ltr'><strong>Data</strong></span> <span class='ocrx_word' id='word_1_46' title='bbox 623 1253 660 1299; x_wconf 89' lang='lat'><strong>11.</strong></span> <span class='ocrx_word' id='word_1_47' title='bbox 678 1234 752 1300; x_wconf 90' lang='lat' dir='ltr'><strong>idus</strong></span> <span class='ocrx_word' id='word_1_48' title='bbox 773 1234 854 1300; x_wconf 86' lang='lat' dir='ltr'><strong>febr.</strong></span> <span class='ocrx_word' id='word_1_49' title='bbox 878 1258 964 1302; x_wconf 88' lang='lat' dir='ltr'><strong>anno</strong></span> <span class='ocrx_word' id='word_1_50' title='bbox 988 1236 1173 1302; x_wconf 87' lang='lat' dir='ltr'><strong>dominicae</strong></span> <span class='ocrx_word' id='word_1_51' title='bbox 1195 1237 1430 1303; x_wconf 88' lang='lat' dir='ltr'><strong>incarnationis</strong></span> <span class='ocrx_word' id='word_1_52' title='bbox 1447 1252 1670 1320; x_wconf 77' lang='lat' dir='ltr'><strong>nccccnxun,</strong></span> <span class='ocrx_word' id='word_1_53' title='bbox 1694 1235 1875 1302; x_wconf 79' lang='lat' dir='ltr'><strong>indictione</strong></span> <span class='ocrx_word' id='word_1_54' title='bbox 1893 1252 1959 1317; x_wconf 83' lang='lat' dir='ltr'><strong>vn,</strong></span> <span class='ocrx_word' id='word_1_55' title='bbox 1988 1255 2083 1297; x_wconf 84' lang='lat' dir='ltr'><strong>anno</strong></span> 
     </span>
     <span class='ocr_line' id='line_1_8' title="bbox 412 1337 2082 1426; baseline -0.001 -24"><span class='ocrx_word' id='word_1_56' title='bbox 412 1341 539 1424; x_wconf 85' lang='lat' dir='ltr'><strong>imperii</strong></span> <span class='ocrx_word' id='word_1_57' title='bbox 561 1341 671 1422; x_wconf 90' lang='lat' dir='ltr'><strong>magni</strong></span> <span class='ocrx_word' id='word_1_58' title='bbox 692 1337 823 1404; x_wconf 90' lang='lat' dir='ltr'><strong>Ottonis</strong></span> <span class='ocrx_word' id='word_1_59' title='bbox 845 1342 1050 1426; x_wconf 89' lang='lat' dir='ltr'><strong>imperatoris</strong></span> <span class='ocrx_word' id='word_1_60' title='bbox 1073 1344 1204 1425; x_wconf 88' lang='lat' dir='ltr'><strong>augusti</strong></span> <span class='ocrx_word' id='word_1_61' title='bbox 1227 1359 1285 1423; x_wconf 77' lang='lat'><em>1113</em></span> <span class='ocrx_word' id='word_1_62' title='bbox 1308 1351 1417 1406; x_wconf 90' lang='lat' dir='ltr'><strong>actum</strong></span> <span class='ocrx_word' id='word_1_63' title='bbox 1439 1343 1474 1407; x_wconf 91' lang='lat' dir='ltr'><strong>in</strong></span> <span class='ocrx_word' id='word_1_64' title='bbox 1496 1341 1576 1407; x_wconf 91' lang='lat' dir='ltr'><strong>villa</strong></span> <span class='ocrx_word' id='word_1_65' title='bbox 1597 1342 1724 1407; x_wconf 85' lang='lat' dir='ltr'><strong>Raiano</strong></span> <span class='ocrx_word' id='word_1_66' title='bbox 1747 1343 1780 1405; x_wconf 92' lang='lat' dir='ltr'><strong>in</strong></span> <span class='ocrx_word' id='word_1_67' title='bbox 1804 1341 1976 1406; x_wconf 87' lang='lat' dir='ltr'><strong>comitatu</strong></span> <span class='ocrx_word' id='word_1_68' title='bbox 2000 1337 2082 1402; x_wconf 90' lang='lat' dir='ltr'><strong>Bal-</strong></span> 
     </span>
     <span class='ocr_line' id='line_1_9' title="bbox 413 1440 826 1526; baseline 0.005 -20"><span class='ocrx_word' id='word_1_69' title='bbox 413 1440 531 1526; x_wconf 75' lang='lat' dir='ltr'><strong>bense3</strong></span> <span class='ocrx_word' id='word_1_70' title='bbox 559 1442 699 1508; x_wconf 84' lang='lat' dir='ltr'><strong>feliciter</strong></span> <span class='ocrx_word' id='word_1_71' title='bbox 721 1464 826 1508; x_wconf 91' lang='lat' dir='ltr'><strong>amen.</strong></span> 
     </span>
    </p>
   </div>
   <div class='ocr_carea' id='block_1_6' title="bbox 1193 1649 1282 1726">
    <p class='ocr_par' dir='ltr' id='par_1_6' title="bbox 1193 1649 1282 1726">
     <span class='ocr_line' id='line_1_10' title="bbox 1193 1649 1282 1726; baseline 0.034 -4"><span class='ocrx_word' id='word_1_72' title='bbox 1193 1649 1282 1726; x_wconf 75' lang='grc'><strong>262.</strong></span> 
     </span>
    </p>
   </div>
   <div class='ocr_carea' id='block_1_7' title="bbox 415 1803 2131 2021">
    <p class='ocr_par' dir='ltr' id='par_1_7' title="bbox 415 1803 2131 2021">
     <span class='ocr_line' id='line_1_11' title="bbox 422 1803 2131 1904; baseline -0.003 -25"><span class='ocrx_word' id='word_1_73' title='bbox 422 1803 503 1880; x_wconf 83' lang='lat' dir='ltr'><strong>Otto</strong></span> <span class='ocrx_word' id='word_1_74' title='bbox 531 1806 691 1904; x_wconf 71' lang='lat' dir='ltr'><strong>bestiitipt</strong></span> <span class='ocrx_word' id='word_1_75' title='bbox 716 1805 795 1878; x_wconf 82' lang='lat' dir='ltr'><strong>dem</strong></span> <span class='ocrx_word' id='word_1_76' title='bbox 822 1805 963 1878; x_wconf 79' lang='lat' dir='ltr'><strong>Kloster</strong></span> <span class='ocrx_word' id='word_1_77' title='bbox 987 1805 1249 1879; x_wconf 79' lang='lat' dir='ltr'><strong>Moetecossioo</strong></span> <span class='ocrx_word' id='word_1_78' title='bbox 1277 1805 1348 1878; x_wconf 82' lang='lat' dir='ltr'><strong>deu</strong></span> <span class='ocrx_word' id='word_1_79' title='bbox 1373 1805 1599 1878; x_wconf 70' lang='lat' dir='ltr'><strong>Bes-iterans</strong></span> <span class='ocrx_word' id='word_1_80' title='bbox 1627 1805 1707 1878; x_wconf 80' lang='lat' dir='ltr'><strong>end</strong></span> <span class='ocrx_word' id='word_1_81' title='bbox 1731 1806 1771 1877; x_wconf 83' lang='lat' dir='ltr'><strong>io</strong></span> <span class='ocrx_word' id='word_1_82' title='bbox 1798 1805 2079 1880; x_wconf 77' lang='lat' dir='ltr'><strong>besctrc&#39;iolctem</strong></span> <span class='ocrx_word' id='word_1_83' title='bbox 2100 1827 2131 1875; x_wconf 89' lang='grc' dir='ltr'><strong>ιο</strong></span> 
     </span>
     <span class='ocr_line' id='line_1_12' title="bbox 415 1925 2031 2021; baseline 0.006 -24"><span class='ocrx_word' id='word_1_84' title='bbox 415 1925 534 2000; x_wconf 77' lang='lat' dir='ltr'><strong>Messe</strong></span> <span class='ocrx_word' id='word_1_85' title='bbox 561 1926 627 2002; x_wconf 79' lang='lat' dir='ltr'><strong>das</strong></span> <span class='ocrx_word' id='word_1_86' title='bbox 645 1925 986 2021; x_wconf 77' lang='lat' dir='ltr'><strong>Inquisitiorasrccbt.</strong></span> <span class='ocrx_word' id='word_1_87' title='bbox 1567 1947 1696 2005; x_wconf 77' lang='lat' dir='ltr'><strong>Paterno</strong></span> <span class='ocrx_word' id='word_1_88' title='bbox 1718 1947 1780 2006; x_wconf 78' lang='lat'><strong>964</strong></span> <span class='ocrx_word' id='word_1_89' title='bbox 1803 1945 1952 2004; x_wconf 79' lang='lat' dir='ltr'><strong>Febroar</strong></span> <span class='ocrx_word' id='word_1_90' title='bbox 1978 1950 2031 2007; x_wconf 79' lang='grc'><strong>18.</strong></span> 
     </span>
    </p>
   </div>
   <div class='ocr_carea' id='block_1_8' title="bbox 521 2131 1460 2211">
    <p class='ocr_par' dir='ltr' id='par_1_8' title="bbox 521 2131 1460 2211">
     <span class='ocr_line' id='line_1_13' title="bbox 521 2131 1460 2211; baseline -0.002 -19"><span class='ocrx_word' id='word_1_91' title='bbox 521 2132 769 2206; x_wconf 67' lang='lat' dir='ltr'><strong>Oricinaidiplom</strong></span> <span class='ocrx_word' id='word_1_92' title='bbox 791 2136 833 2193; x_wconf 82' lang='lat' dir='ltr'><strong>im</strong></span> <span class='ocrx_word' id='word_1_93' title='bbox 855 2134 1077 2194; x_wconf 82' lang='lat' dir='ltr'><strong>Kiostercrcbiv</strong></span> <span class='ocrx_word' id='word_1_94' title='bbox 1098 2153 1139 2192; x_wconf 83' lang='lat' dir='ltr'><strong>su</strong></span> <span class='ocrx_word' id='word_1_95' title='bbox 1160 2135 1377 2194; x_wconf 80' lang='lat' dir='ltr'><strong>Meniscossioo</strong></span> <span class='ocrx_word' id='word_1_96' title='bbox 1400 2131 1460 2211; x_wconf 77' lang='lat' dir='ltr'><em>(A).</em></span> 
     </span>
    </p>
   </div>
   <div class='ocr_carea' id='block_1_9' title="bbox 515 2267 2076 2447">
    <p class='ocr_par' dir='ltr' id='par_1_9' title="bbox 515 2267 2076 2447">
     <span class='ocr_line' id='line_1_14' title="bbox 516 2267 2075 2350; baseline -0.001 -19"><span class='ocrx_word' id='word_1_97' title='bbox 516 2271 713 2350; x_wconf 77' lang='lat' dir='ltr'><strong>(Laurentius</strong></span> <span class='ocrx_word' id='word_1_98' title='bbox 734 2271 915 2350; x_wconf 70' lang='lat' dir='ltr'><strong>Vicesimus)</strong></span> <span class='ocrx_word' id='word_1_99' title='bbox 939 2271 1045 2333; x_wconf 75' lang='lat' dir='ltr'><strong>esron.</strong></span> <span class='ocrx_word' id='word_1_100' title='bbox 1072 2269 1172 2332; x_wconf 76' lang='lat' dir='ltr'><strong>Coeia.</strong></span> <span class='ocrx_word' id='word_1_101' title='bbox 1196 2271 1325 2330; x_wconf 80' lang='lat' dir='ltr'><strong>coenobii</strong></span> <span class='ocrx_word' id='word_1_102' title='bbox 1347 2269 1371 2341; x_wconf 82' lang='lat' dir='ltr'><strong>s.</strong></span> <span class='ocrx_word' id='word_1_103' title='bbox 1396 2273 1438 2330; x_wconf 89' lang='grc'><strong>36</strong></span> <span class='ocrx_word' id='word_1_104' title='bbox 1461 2271 1508 2328; x_wconf 86' lang='lat' dir='ltr'><strong>cit.</strong></span> <span class='ocrx_word' id='word_1_105' title='bbox 1525 2303 1567 2312; x_wconf 96' lang='lat'><em>-</em></span> <span class='ocrx_word' id='word_1_106' title='bbox 1586 2267 1909 2330; x_wconf 67' lang='lat' dir='ltr'><strong>concescessione</strong></span> <span class='ocrx_word' id='word_1_107' title='bbox 1934 2271 1978 2328; x_wconf 78' lang='lat' dir='ltr'><strong>od</strong></span> <span class='ocrx_word' id='word_1_108' title='bbox 2001 2272 2075 2330; x_wconf 76' lang='lat' dir='ltr'><strong>hist.</strong></span> 
     </span>
     <span class='ocr_line' id='line_1_15' title="bbox 515 2372 2076 2447; baseline 0.001 -13"><span class='ocrx_word' id='word_1_109' title='bbox 515 2377 578 2434; x_wconf 86' lang='lat' dir='ltr'><strong>obb.</strong></span> <span class='ocrx_word' id='word_1_110' title='bbox 600 2374 714 2434; x_wconf 77' lang='lat' dir='ltr'><strong>Cossio.</strong></span> <span class='ocrx_word' id='word_1_111' title='bbox 739 2380 768 2445; x_wconf 88' lang='lat'><strong>1,</strong></span> <span class='ocrx_word' id='word_1_112' title='bbox 793 2379 831 2434; x_wconf 84' lang='lat'><strong>71</strong></span> <span class='ocrx_word' id='word_1_113' title='bbox 856 2391 913 2433; x_wconf 85' lang='lat' dir='ltr'><strong>aus</strong></span> <span class='ocrx_word' id='word_1_114' title='bbox 928 2373 966 2434; x_wconf 83' lang='lat' dir='ltr'><strong>A.</strong></span> <span class='ocrx_word' id='word_1_115' title='bbox 991 2407 1032 2417; x_wconf 94' lang='lat'>-</span> <span class='ocrx_word' id='word_1_116' title='bbox 1051 2374 1180 2432; x_wconf 76' lang='lat' dir='ltr'><strong>Bututer</strong></span> <span class='ocrx_word' id='word_1_117' title='bbox 1201 2375 1274 2447; x_wconf 69' lang='lat' dir='ltr'><strong>Res.</strong></span> <span class='ocrx_word' id='word_1_118' title='bbox 1297 2377 1372 2434; x_wconf 82' lang='lat'><em>277.</em></span> <span class='ocrx_word' id='word_1_119' title='bbox 1396 2405 1439 2418; x_wconf 93' lang='lat'>-</span> <span class='ocrx_word' id='word_1_120' title='bbox 1461 2372 1590 2446; x_wconf 79' lang='lat' dir='ltr'><strong>Stumps</strong></span> <span class='ocrx_word' id='word_1_121' title='bbox 1608 2374 1681 2447; x_wconf 74' lang='lat' dir='ltr'><strong>lieo.</strong></span> <span class='ocrx_word' id='word_1_122' title='bbox 1705 2377 1768 2434; x_wconf 84' lang='lat'><strong>336</strong></span> <span class='ocrx_word' id='word_1_123' title='bbox 1790 2391 1831 2432; x_wconf 79' lang='lat' dir='ltr'><strong>su</strong></span> <span class='ocrx_word' id='word_1_124' title='bbox 1848 2375 1997 2433; x_wconf 82' lang='lat' dir='ltr'><strong>Februcr</strong></span> <span class='ocrx_word' id='word_1_125' title='bbox 2020 2380 2076 2435; x_wconf 83' lang='lat'><strong>19.</strong></span> 
     </span>
    </p>
   </div>
   <div class='ocr_carea' id='block_1_10' title="bbox 513 2508 2126 2997">
    <p class='ocr_par' dir='ltr' id='par_1_10' title="bbox 513 2508 2126 2997">
     <span class='ocr_line' id='line_1_16' title="bbox 518 2508 2126 2585; baseline -0.002 -13"><span class='ocrx_word' id='word_1_126' title='bbox 518 2511 651 2583; x_wconf 79' lang='lat' dir='ltr'><strong>Vcrfosst</strong></span> <span class='ocrx_word' id='word_1_127' title='bbox 679 2512 743 2571; x_wconf 73' lang='lat' dir='ltr'><strong>seed</strong></span> <span class='ocrx_word' id='word_1_128' title='bbox 767 2513 952 2585; x_wconf 64' lang='lat' dir='ltr'><strong>periectos</strong></span> <span class='ocrx_word' id='word_1_129' title='bbox 979 2529 1035 2570; x_wconf 85' lang='lat' dir='ltr'><strong>eon</strong></span> <span class='ocrx_word' id='word_1_130' title='bbox 1057 2513 1097 2572; x_wconf 85' lang='lat' dir='ltr'><strong>It.</strong></span> <span class='ocrx_word' id='word_1_131' title='bbox 1124 2510 1154 2572; x_wconf 83' lang='lat' dir='ltr'><strong>G.</strong></span> <span class='ocrx_word' id='word_1_132' title='bbox 1194 2511 1262 2570; x_wconf 78' lang='lat' dir='ltr'><strong>Fur</strong></span> <span class='ocrx_word' id='word_1_133' title='bbox 1284 2511 1340 2569; x_wconf 83' lang='lat' dir='ltr'><strong>den</strong></span> <span class='ocrx_word' id='word_1_134' title='bbox 1358 2515 1494 2584; x_wconf 73' lang='lat' dir='ltr'><strong>prussiae</strong></span> <span class='ocrx_word' id='word_1_135' title='bbox 1519 2511 1601 2569; x_wconf 70' lang='lat' dir='ltr'><strong>uret</strong></span> <span class='ocrx_word' id='word_1_136' title='bbox 1626 2510 1676 2569; x_wconf 83' lang='lat' dir='ltr'><strong>des</strong></span> <span class='ocrx_word' id='word_1_137' title='bbox 1700 2508 1851 2570; x_wconf 61' lang='lat' dir='ltr'><strong>Mortes</strong></span> <span class='ocrx_word' id='word_1_138' title='bbox 1875 2511 2019 2569; x_wconf 68' lang='lat' dir='ltr'><strong>beurim</strong></span> <span class='ocrx_word' id='word_1_139' title='bbox 2043 2528 2126 2580; x_wconf 86' lang='lat' dir='ltr'><strong>er15</strong></span> 
     </span>
     <span class='ocr_line' id='line_1_17' title="bbox 513 2614 2075 2689; baseline -0.001 -15"><span class='ocrx_word' id='word_1_140' title='bbox 513 2617 568 2676; x_wconf 86' lang='lat' dir='ltr'><strong>dos</strong></span> <span class='ocrx_word' id='word_1_141' title='bbox 590 2617 629 2674; x_wconf 90' lang='lat' dir='ltr'><strong>D.</strong></span> <span class='ocrx_word' id='word_1_142' title='bbox 654 2616 782 2689; x_wconf 66' lang='lat' dir='ltr'><strong>Micio</strong></span> <span class='ocrx_word' id='word_1_143' title='bbox 801 2623 841 2675; x_wconf 89' lang='lat'><strong>11.</strong></span> <span class='ocrx_word' id='word_1_144' title='bbox 865 2634 930 2676; x_wconf 79' lang='lat' dir='ltr'><strong>vore</strong></span> <span class='ocrx_word' id='word_1_145' title='bbox 952 2615 985 2676; x_wconf 84' lang='lat' dir='ltr'><strong>J.</strong></span> <span class='ocrx_word' id='word_1_146' title='bbox 1010 2619 1074 2676; x_wconf 82' lang='lat'><strong>867</strong></span> <span class='ocrx_word' id='word_1_147' title='bbox 1095 2617 1225 2675; x_wconf 79' lang='lat' dir='ltr'><strong>Bubmer</strong></span> <span class='ocrx_word' id='word_1_148' title='bbox 1246 2615 1321 2688; x_wconf 65' lang='lat' dir='ltr'><strong>Res.</strong></span> <span class='ocrx_word' id='word_1_149' title='bbox 1343 2616 1420 2672; x_wconf 85' lang='lat' dir='ltr'><em>Kar.</em></span> <span class='ocrx_word' id='word_1_150' title='bbox 1446 2618 1523 2685; x_wconf 86' lang='lat'><strong><em>662,</em></strong></span> <span class='ocrx_word' id='word_1_151' title='bbox 1555 2617 1664 2687; x_wconf 78' lang='lat' dir='ltr'><strong>copirte</strong></span> <span class='ocrx_word' id='word_1_152' title='bbox 1687 2614 1817 2673; x_wconf 83' lang='lat' dir='ltr'><strong>dosseibc</strong></span> <span class='ocrx_word' id='word_1_153' title='bbox 1838 2615 1910 2672; x_wconf 84' lang='lat' dir='ltr'><strong>aber</strong></span> <span class='ocrx_word' id='word_1_154' title='bbox 1933 2615 2075 2688; x_wconf 62' lang='lat' dir='ltr'><strong>ducitis,</strong></span> 
     </span>
     <span class='ocr_line' id='line_1_18' title="bbox 513 2715 2077 2791; baseline -0.001 -14"><span class='ocrx_word' id='word_1_155' title='bbox 513 2735 545 2777; x_wconf 89' lang='lat' dir='ltr'><strong>so</strong></span> <span class='ocrx_word' id='word_1_156' title='bbox 561 2717 630 2776; x_wconf 83' lang='lat' dir='ltr'><strong>dass</strong></span> <span class='ocrx_word' id='word_1_157' title='bbox 645 2735 678 2776; x_wconf 84' lang='lat' dir='ltr'><strong>er</strong></span> <span class='ocrx_word' id='word_1_158' title='bbox 691 2735 731 2776; x_wconf 83' lang='lat' dir='ltr'><strong>oo</strong></span> <span class='ocrx_word' id='word_1_159' title='bbox 751 2719 824 2776; x_wconf 73' lang='lat' dir='ltr'><strong>sicci</strong></span> <span class='ocrx_word' id='word_1_160' title='bbox 840 2717 948 2777; x_wconf 80' lang='lat' dir='ltr'><strong>Stoilen</strong></span> <span class='ocrx_word' id='word_1_161' title='bbox 970 2717 1017 2776; x_wconf 82' lang='lat' dir='ltr'><strong>dic</strong></span> <span class='ocrx_word' id='word_1_162' title='bbox 1031 2718 1149 2776; x_wconf 79' lang='lat' dir='ltr'><strong>Nomen</strong></span> <span class='ocrx_word' id='word_1_163' title='bbox 1171 2718 1224 2776; x_wconf 82' lang='lat' dir='ltr'><strong>der</strong></span> <span class='ocrx_word' id='word_1_164' title='bbox 1243 2717 1461 2790; x_wconf 76' lang='lat' dir='ltr'><strong>Grcfsebosten</strong></span> <span class='ocrx_word' id='word_1_165' title='bbox 1481 2719 1631 2791; x_wconf 76' lang='lat' dir='ltr'><strong>unricbtip</strong></span> <span class='ocrx_word' id='word_1_166' title='bbox 1653 2717 1824 2790; x_wconf 67' lang='lat' dir='ltr'><strong>seicderpm.</strong></span> <span class='ocrx_word' id='word_1_167' title='bbox 1862 2715 2077 2776; x_wconf 78' lang='lat' dir='ltr'><strong>Vermuiblict</strong></span> 
     </span>
     <span class='ocr_line' id='line_1_19' title="bbox 514 2820 2075 2895; baseline 0.001 -16"><span class='ocrx_word' id='word_1_168' title='bbox 514 2821 614 2880; x_wconf 79' lang='lat' dir='ltr'><strong>erbielt</strong></span> <span class='ocrx_word' id='word_1_169' title='bbox 644 2821 698 2879; x_wconf 83' lang='lat' dir='ltr'><strong>des</strong></span> <span class='ocrx_word' id='word_1_170' title='bbox 721 2821 844 2880; x_wconf 85' lang='lat' dir='ltr'><strong>Kloster</strong></span> <span class='ocrx_word' id='word_1_171' title='bbox 870 2821 1003 2894; x_wconf 72' lang='lat' dir='ltr'><strong>supicich</strong></span> <span class='ocrx_word' id='word_1_172' title='bbox 1031 2821 1079 2879; x_wconf 85' lang='lat' dir='ltr'><strong>die</strong></span> <span class='ocrx_word' id='word_1_173' title='bbox 1101 2822 1280 2881; x_wconf 82' lang='lat' dir='ltr'><strong>Immoeito&#39;t</strong></span> <span class='ocrx_word' id='word_1_174' title='bbox 1308 2822 1369 2894; x_wconf 83' lang='lat' dir='ltr'><strong>auf</strong></span> <span class='ocrx_word' id='word_1_175' title='bbox 1391 2822 1500 2882; x_wconf 57' lang='lat' dir='ltr'><strong>&amp;aad</strong></span> <span class='ocrx_word' id='word_1_176' title='bbox 1528 2823 1581 2880; x_wconf 86' lang='lat' dir='ltr'><strong>der</strong></span> <span class='ocrx_word' id='word_1_177' title='bbox 1600 2822 1775 2895; x_wconf 78' lang='lat' dir='ltr'><strong>Verleibunp</strong></span> <span class='ocrx_word' id='word_1_178' title='bbox 1796 2837 1861 2879; x_wconf 85' lang='lat' dir='ltr'><strong>eom</strong></span> <span class='ocrx_word' id='word_1_179' title='bbox 1885 2820 1919 2880; x_wconf 86' lang='lat' dir='ltr'><strong>J.</strong></span> <span class='ocrx_word' id='word_1_180' title='bbox 1946 2825 2016 2881; x_wconf 85' lang='grc'><strong>367</strong></span> <span class='ocrx_word' id='word_1_181' title='bbox 2040 2825 2075 2880; x_wconf 86' lang='lat' dir='ltr'><strong>is</strong></span> 
     </span>
     <span class='ocr_line' id='line_1_20' title="bbox 517 2925 1086 2997; baseline -0.004 -14"><span class='ocrx_word' id='word_1_182' title='bbox 517 2927 613 2984; x_wconf 78' lang='lat' dir='ltr'><strong>ciuem</strong></span> <span class='ocrx_word' id='word_1_183' title='bbox 634 2925 755 2984; x_wconf 79' lang='lat' dir='ltr'><strong>sweiten</strong></span> <span class='ocrx_word' id='word_1_184' title='bbox 777 2925 920 2997; x_wconf 79' lang='lat' dir='ltr'><strong>Prucepte</strong></span> <span class='ocrx_word' id='word_1_185' title='bbox 943 2925 1086 2997; x_wconf 78' lang='lat' dir='ltr'><strong>bestutipt.</strong></span> 
     </span>
    </p>
   </div>
   <div class='ocr_carea' id='block_1_11' title="bbox 409 3107 2123 5369">
    <p class='ocr_par' dir='ltr' id='par_1_11' title="bbox 409 3107 2123 5369">
     <span class='ocr_line' id='line_1_21' title="bbox 518 3107 2123 3193; baseline 0.002 -21"><span class='ocrx_word' id='word_1_186' title='bbox 518 3109 576 3189; x_wconf 83' lang='lat' dir='ltr'>(C.)</span> <span class='ocrx_word' id='word_1_187' title='bbox 601 3112 615 3193; x_wconf 66' lang='lat' dir='ltr'><strong>{i</strong></span> <span class='ocrx_word' id='word_1_188' title='bbox 637 3109 676 3172; x_wconf 95' lang='lat' dir='ltr'><strong>In</strong></span> <span class='ocrx_word' id='word_1_189' title='bbox 698 3111 828 3174; x_wconf 91' lang='lat' dir='ltr'><strong>nomine</strong></span> <span class='ocrx_word' id='word_1_190' title='bbox 859 3119 992 3174; x_wconf 89' lang='lat' dir='ltr'><strong>sanctae</strong></span> <span class='ocrx_word' id='word_1_191' title='bbox 1016 3119 1048 3174; x_wconf 90' lang='lat' dir='ltr'><strong>et</strong></span> <span class='ocrx_word' id='word_1_192' title='bbox 1070 3108 1259 3174; x_wconf 79' lang='lat' dir='ltr'><strong>individuae</strong></span> <span class='ocrx_word' id='word_1_193' title='bbox 1289 3111 1452 3175; x_wconf 86' lang='lat' dir='ltr'><strong>trinitatis.</strong></span> <span class='ocrx_word' id='word_1_194' title='bbox 1492 3107 1569 3175; x_wconf 91' lang='lat' dir='ltr'><strong>Otto</strong></span> <span class='ocrx_word' id='word_1_195' title='bbox 1593 3110 1706 3174; x_wconf 90' lang='lat' dir='ltr'><strong>divina</strong></span> <span class='ocrx_word' id='word_1_196' title='bbox 1732 3110 1863 3174; x_wconf 89' lang='lat' dir='ltr'><strong>favente</strong></span> <span class='ocrx_word' id='word_1_197' title='bbox 1886 3109 2123 3183; x_wconf 76' lang='lat' dir='ltr'><strong>clementiaco</strong></span> 
     </span>
     <span class='ocr_line' id='line_1_22' title="bbox 411 3212 2072 3298; baseline 0.002 -21"><span class='ocrx_word' id='word_1_198' title='bbox 411 3213 588 3297; x_wconf 87' lang='lat' dir='ltr'><strong>imperator</strong></span> <span class='ocrx_word' id='word_1_199' title='bbox 618 3223 786 3298; x_wconf 88' lang='lat' dir='ltr'><strong>augustus.</strong></span> <span class='ocrx_word' id='word_1_200' title='bbox 888 3212 922 3278; x_wconf 86' lang='lat' dir='ltr'><strong>Si</strong></span> <span class='ocrx_word' id='word_1_201' title='bbox 947 3215 1069 3278; x_wconf 88' lang='lat' dir='ltr'><strong>sanctis</strong></span> <span class='ocrx_word' id='word_1_202' title='bbox 1094 3237 1133 3278; x_wconf 88' lang='lat' dir='ltr'><strong>ac</strong></span> <span class='ocrx_word' id='word_1_203' title='bbox 1155 3212 1379 3279; x_wconf 67' lang='lat' dir='ltr'><strong>verabilibus*</strong></span> <span class='ocrx_word' id='word_1_204' title='bbox 1407 3212 1489 3278; x_wconf 89' lang='lat' dir='ltr'><strong>locis</strong></span> <span class='ocrx_word' id='word_1_205' title='bbox 1517 3236 1570 3278; x_wconf 91' lang='lat' dir='ltr'><strong>res</strong></span> <span class='ocrx_word' id='word_1_206' title='bbox 1593 3236 1614 3278; x_wconf 90' lang='lat' dir='ltr'><strong>a</strong></span> <span class='ocrx_word' id='word_1_207' title='bbox 1636 3212 1786 3278; x_wconf 88' lang='lat' dir='ltr'><strong>fidelibus</strong></span> <span class='ocrx_word' id='word_1_208' title='bbox 1816 3213 1959 3280; x_wconf 84' lang='lat' dir='ltr'><strong>collatas</strong></span> <span class='ocrx_word' id='word_1_209' title='bbox 1990 3238 2072 3280; x_wconf 93' lang='lat' dir='ltr'><strong>con·</strong></span> 
     </span>
     <span class='ocr_line' id='line_1_23' title="bbox 411 3315 2071 3404; baseline 0.003 -25"><span class='ocrx_word' id='word_1_210' title='bbox 411 3315 595 3399; x_wconf 86' lang='lat' dir='ltr'><strong>firmamus,</strong></span> <span class='ocrx_word' id='word_1_211' title='bbox 626 3327 779 3382; x_wconf 87' lang='lat' dir='ltr'><strong>aeternae</strong></span> <span class='ocrx_word' id='word_1_212' title='bbox 807 3320 1077 3382; x_wconf 86' lang='lat' dir='ltr'><strong>remunerationis</strong></span> <span class='ocrx_word' id='word_1_213' title='bbox 1107 3319 1266 3402; x_wconf 88' lang='lat' dir='ltr'><strong>premium</strong></span> <span class='ocrx_word' id='word_1_214' title='bbox 1296 3317 1415 3383; x_wconf 84' lang='lat' dir='ltr'><strong>exinde</strong></span> <span class='ocrx_word' id='word_1_215' title='bbox 1437 3315 1451 3396; x_wconf 65' lang='lat' dir='ltr'><strong>t</strong></span> <span class='ocrx_word' id='word_1_216' title='bbox 1472 3319 1616 3404; x_wconf 89' lang='lat' dir='ltr'><strong>recipere</strong></span> <span class='ocrx_word' id='word_1_217' title='bbox 1639 3340 1706 3382; x_wconf 92' lang='lat' dir='ltr'><strong>non</strong></span> <span class='ocrx_word' id='word_1_218' title='bbox 1729 3315 1936 3401; x_wconf 87' lang='lat' dir='ltr'><strong>ambigimus.</strong></span> <span class='ocrx_word' id='word_1_219' title='bbox 1978 3319 2071 3398; x_wconf 80' lang='lat' dir='ltr'><strong>Quc-</strong></span> 
     </span>
     <span class='ocr_line' id='line_1_24' title="bbox 411 3421 2070 3503; baseline 0.002 -19"><span class='ocrx_word' id='word_1_220' title='bbox 411 3421 499 3484; x_wconf 80' lang='lat' dir='ltr'><strong>circa</strong></span> <span class='ocrx_word' id='word_1_221' title='bbox 528 3437 646 3487; x_wconf 91' lang='lat' dir='ltr'><strong>omnium</strong></span> <span class='ocrx_word' id='word_1_222' title='bbox 672 3441 780 3487; x_wconf 87' lang='lat' dir='ltr'><strong>sanctae</strong></span> <span class='ocrx_word' id='word_1_223' title='bbox 803 3437 845 3487; x_wconf 88' lang='lat' dir='ltr'><strong>dei</strong></span> <span class='ocrx_word' id='word_1_224' title='bbox 868 3437 994 3488; x_wconf 87' lang='lat' dir='ltr'><strong>ecclesiae</strong></span> <span class='ocrx_word' id='word_1_225' title='bbox 1023 3437 1140 3488; x_wconf 83' lang='lat' dir='ltr'><strong>fidouum</strong></span> <span class='ocrx_word' id='word_1_226' title='bbox 1169 3443 1371 3503; x_wconf 89' lang='lat' dir='ltr'><strong>nostrorumque</strong></span> <span class='ocrx_word' id='word_1_227' title='bbox 1399 3437 1561 3501; x_wconf 89' lang='lat' dir='ltr'><strong>presentium</strong></span> <span class='ocrx_word' id='word_1_228' title='bbox 1584 3451 1616 3486; x_wconf 87' lang='lat' dir='ltr'><strong>ac</strong></span> <span class='ocrx_word' id='word_1_229' title='bbox 1639 3437 1788 3486; x_wconf 78' lang='lat' dir='ltr'><strong>futurorum</strong></span> <span class='ocrx_word' id='word_1_230' title='bbox 1816 3435 1928 3486; x_wconf 89' lang='lat' dir='ltr'><strong>devocio</strong></span> <span class='ocrx_word' id='word_1_231' title='bbox 1953 3439 2070 3495; x_wconf 78' lang='lat' dir='ltr'><strong>noverit,</strong></span> 
     </span>
     <span class='ocr_line' id='line_1_25' title="bbox 412 3523 2068 3612; baseline 0.001 -22"><span class='ocrx_word' id='word_1_232' title='bbox 412 3524 553 3609; x_wconf 80' lang='lat' dir='ltr'><strong>qualiter</strong></span> <span class='ocrx_word' id='word_1_233' title='bbox 574 3548 633 3590; x_wconf 82' lang='lat' dir='ltr'><strong>nos</strong></span> <span class='ocrx_word' id='word_1_234' title='bbox 656 3547 716 3611; x_wconf 84' lang='lat' dir='ltr'><strong>pro</strong></span> <span class='ocrx_word' id='word_1_235' title='bbox 740 3557 828 3592; x_wconf 87' lang='lat' dir='ltr'><strong>amore</strong></span> <span class='ocrx_word' id='word_1_236' title='bbox 851 3541 893 3592; x_wconf 88' lang='lat' dir='ltr'><strong>dei</strong></span> <span class='ocrx_word' id='word_1_237' title='bbox 915 3558 946 3592; x_wconf 85' lang='lat' dir='ltr'><strong>ac</strong></span> <span class='ocrx_word' id='word_1_238' title='bbox 969 3543 1084 3594; x_wconf 89' lang='lat' dir='ltr'><strong>remedio</strong></span> <span class='ocrx_word' id='word_1_239' title='bbox 1108 3543 1195 3608; x_wconf 72' lang='lat' dir='ltr'><strong>anime</strong></span> <span class='ocrx_word' id='word_1_240' title='bbox 1217 3549 1306 3608; x_wconf 71' lang='lat' dir='ltr'><strong>nostre</strong></span> <span class='ocrx_word' id='word_1_241' title='bbox 1328 3559 1345 3590; x_wconf 77' lang='lat' dir='ltr'><strong>s</strong></span> <span class='ocrx_word' id='word_1_242' title='bbox 1366 3557 1416 3592; x_wconf 91' lang='lat' dir='ltr'><strong>nec</strong></span> <span class='ocrx_word' id='word_1_243' title='bbox 1438 3557 1492 3591; x_wconf 91' lang='lat' dir='ltr'><strong>uon</strong></span> <span class='ocrx_word' id='word_1_244' title='bbox 1514 3540 1638 3590; x_wconf 91' lang='lat' dir='ltr'><strong>consultu</strong></span> <span class='ocrx_word' id='word_1_245' title='bbox 1661 3555 1693 3590; x_wconf 86' lang='lat' dir='ltr'><strong>ac</strong></span> <span class='ocrx_word' id='word_1_246' title='bbox 1714 3542 1863 3591; x_wconf 89' lang='lat' dir='ltr'><strong>interventu</strong></span> <span class='ocrx_word' id='word_1_247' title='bbox 1878 3523 2068 3612; x_wconf 67' lang='lat' dir='ltr'><strong>Adelhelth</strong></span> 
     </span>
     <span class='ocr_line' id='line_1_26' title="bbox 412 3633 2119 3716; baseline 0.003 -25"><span class='ocrx_word' id='word_1_248' title='bbox 412 3642 507 3709; x_wconf 74' lang='lat' dir='ltr'><strong>dilecte</strong></span> <span class='ocrx_word' id='word_1_249' title='bbox 529 3645 650 3710; x_wconf 87' lang='lat' dir='ltr'><strong>coniugis</strong></span> <span class='ocrx_word' id='word_1_250' title='bbox 673 3649 762 3710; x_wconf 74' lang='lat' dir='ltr'><strong>nostre</strong></span> <span class='ocrx_word' id='word_1_251' title='bbox 776 3661 793 3692; x_wconf 75' lang='lat' dir='ltr'><strong>s</strong></span> <span class='ocrx_word' id='word_1_252' title='bbox 807 3661 854 3710; x_wconf 90' lang='lat' dir='ltr'><strong>per</strong></span> <span class='ocrx_word' id='word_1_253' title='bbox 872 3645 951 3695; x_wconf 86' lang='lat' dir='ltr'><strong>huius</strong></span> <span class='ocrx_word' id='word_1_254' title='bbox 973 3640 1083 3716; x_wconf 68' lang='lat' dir='ltr'><strong>nostre</strong></span> <span class='ocrx_word' id='word_1_255' title='bbox 1106 3633 1310 3696; x_wconf 77' lang='lat' dir='ltr'><strong>auctoritatis</strong></span> <span class='ocrx_word' id='word_1_256' title='bbox 1333 3640 1532 3716; x_wconf 81' lang='lat' dir='ltr'><strong>preceptum,</strong></span> <span class='ocrx_word' id='word_1_257' title='bbox 1556 3650 1636 3709; x_wconf 90' lang='lat' dir='ltr'><strong>prout</strong></span> <span class='ocrx_word' id='word_1_258' title='bbox 1650 3646 1718 3696; x_wconf 87' lang='lat' dir='ltr'><strong>iuste</strong></span> <span class='ocrx_word' id='word_1_259' title='bbox 1737 3650 1763 3695; x_wconf 88' lang='lat' dir='ltr'><strong>et</strong></span> <span class='ocrx_word' id='word_1_260' title='bbox 1776 3645 1898 3710; x_wconf 80' lang='lat' dir='ltr'><strong>legaliter</strong></span> <span class='ocrx_word' id='word_1_261' title='bbox 1912 3661 2068 3710; x_wconf 84' lang='lat' dir='ltr'><strong>possumus,</strong></span> <span class='ocrx_word' id='word_1_262' title='bbox 2086 3655 2119 3703; x_wconf 76' lang='lat'><strong>25</strong></span> 
     </span>
     <span class='ocr_line' id='line_1_27' title="bbox 411 3733 2066 3820; baseline 0.002 -22"><span class='ocrx_word' id='word_1_263' title='bbox 411 3747 596 3798; x_wconf 73' lang='lat' dir='ltr'><strong>consonamus</strong></span> <span class='ocrx_word' id='word_1_264' title='bbox 625 3755 664 3796; x_wconf 86' lang='lat' dir='ltr'><strong>ac</strong></span> <span class='ocrx_word' id='word_1_265' title='bbox 694 3733 943 3799; x_wconf 86' lang='lat' dir='ltr'><strong>corroboramus</strong></span> <span class='ocrx_word' id='word_1_266' title='bbox 972 3733 1133 3800; x_wconf 88' lang='lat' dir='ltr'><strong>ecclesiae</strong></span> <span class='ocrx_word' id='word_1_267' title='bbox 1161 3744 1295 3800; x_wconf 86' lang='lat' dir='ltr'><strong>sanctae</strong></span> <span class='ocrx_word' id='word_1_268' title='bbox 1324 3733 1413 3800; x_wconf 88' lang='lat' dir='ltr'><strong>beati</strong></span> <span class='ocrx_word' id='word_1_269' title='bbox 1435 3734 1606 3799; x_wconf 85' lang='lat' dir='ltr'><strong>Benedicti</strong></span> <span class='ocrx_word' id='word_1_270' title='bbox 1637 3756 1699 3820; x_wconf 74' lang='lat' dir='ltr'><strong>que</strong></span> <span class='ocrx_word' id='word_1_271' title='bbox 1728 3737 1790 3798; x_wconf 83' lang='lat' dir='ltr'><strong>sita</strong></span> <span class='ocrx_word' id='word_1_272' title='bbox 1818 3743 1868 3798; x_wconf 89' lang='lat' dir='ltr'><strong>est</strong></span> <span class='ocrx_word' id='word_1_273' title='bbox 1893 3735 1929 3799; x_wconf 91' lang='lat' dir='ltr'><strong>in</strong></span> <span class='ocrx_word' id='word_1_274' title='bbox 1952 3744 2066 3802; x_wconf 89' lang='lat' dir='ltr'><strong>castro</strong></span> 
     </span>
     <span class='ocr_line' id='line_1_28' title="bbox 412 3832 2110 3924; baseline 0.004 -25"><span class='ocrx_word' id='word_1_275' title='bbox 412 3832 544 3918; x_wconf 83' lang='lat' dir='ltr'><strong>Casino,</strong></span> <span class='ocrx_word' id='word_1_276' title='bbox 569 3837 620 3900; x_wconf 88' lang='lat' dir='ltr'><strong>cui</strong></span> <span class='ocrx_word' id='word_1_277' title='bbox 637 3833 789 3902; x_wconf 85' lang='lat' dir='ltr'><strong>Aiiernus</strong></span> <span class='ocrx_word' id='word_1_278' title='bbox 813 3836 1008 3902; x_wconf 89' lang='lat' dir='ltr'><strong>venerabilis</strong></span> <span class='ocrx_word' id='word_1_279' title='bbox 1031 3835 1137 3902; x_wconf 87' lang='lat' dir='ltr'><strong>abbas</strong></span> <span class='ocrx_word' id='word_1_280' title='bbox 1160 3859 1290 3924; x_wconf 85' lang='lat' dir='ltr'><strong>preesse</strong></span> <span class='ocrx_word' id='word_1_281' title='bbox 1313 3839 1451 3920; x_wconf 88' lang='lat' dir='ltr'><strong>videtur,</strong></span> <span class='ocrx_word' id='word_1_282' title='bbox 1475 3869 1565 3903; x_wconf 81' lang='lat' dir='ltr'><strong>omnes</strong></span> <span class='ocrx_word' id='word_1_283' title='bbox 1584 3869 1626 3904; x_wconf 82' lang='lat' dir='ltr'><strong>res</strong></span> <span class='ocrx_word' id='word_1_284' title='bbox 1642 3859 1668 3904; x_wconf 86' lang='lat' dir='ltr'><strong>ct</strong></span> <span class='ocrx_word' id='word_1_285' title='bbox 1682 3855 1856 3918; x_wconf 74' lang='lat' dir='ltr'><strong>proprietates</strong></span> <span class='ocrx_word' id='word_1_286' title='bbox 1878 3869 1947 3918; x_wconf 80' lang='lat' dir='ltr'><strong>quas</strong></span> <span class='ocrx_word' id='word_1_287' title='bbox 1971 3854 2066 3905; x_wconf 79' lang='lat' dir='ltr'><strong>eadem</strong></span> <span class='ocrx_word' id='word_1_288' title='bbox 2098 3867 2110 3892; x_wconf 70' lang='grc' dir='ltr'>ν</span> 
     </span>
     <span class='ocr_line' id='line_1_29' title="bbox 413 3955 2068 4022; baseline 0.001 -16"><span class='ocrx_word' id='word_1_289' title='bbox 413 3955 523 4006; x_wconf 86' lang='lat' dir='ltr'><strong>ecclesia</strong></span> <span class='ocrx_word' id='word_1_290' title='bbox 552 3958 621 4006; x_wconf 87' lang='lat' dir='ltr'><strong>iuste</strong></span> <span class='ocrx_word' id='word_1_291' title='bbox 644 3961 670 4006; x_wconf 89' lang='lat' dir='ltr'><strong>et</strong></span> <span class='ocrx_word' id='word_1_292' title='bbox 694 3956 815 4021; x_wconf 79' lang='lat' dir='ltr'><strong>legaliter</strong></span> <span class='ocrx_word' id='word_1_293' title='bbox 844 3961 915 4007; x_wconf 90' lang='lat' dir='ltr'><strong>tenet</strong></span> <span class='ocrx_word' id='word_1_294' title='bbox 943 3957 985 4007; x_wconf 89' lang='lat' dir='ltr'><strong>vel</strong></span> <span class='ocrx_word' id='word_1_295' title='bbox 1007 3957 1105 4008; x_wconf 83' lang='lat' dir='ltr'><strong>habere</strong></span> <span class='ocrx_word' id='word_1_296' title='bbox 1128 3961 1216 4022; x_wconf 89' lang='lat' dir='ltr'><strong>potest</strong></span> <span class='ocrx_word' id='word_1_297' title='bbox 1237 3958 1265 4006; x_wconf 94' lang='lat' dir='ltr'><strong>in</strong></span> <span class='ocrx_word' id='word_1_298' title='bbox 1288 3955 1386 4006; x_wconf 86' lang='lat' dir='ltr'><strong>finibus</strong></span> <span class='ocrx_word' id='word_1_299' title='bbox 1407 3956 1541 4006; x_wconf 88' lang='lat' dir='ltr'><strong>Pennensi</strong></span> <span class='ocrx_word' id='word_1_300' title='bbox 1564 3961 1591 4006; x_wconf 88' lang='lat' dir='ltr'><strong>et</strong></span> <span class='ocrx_word' id='word_1_301' title='bbox 1612 3957 1639 4004; x_wconf 91' lang='lat' dir='ltr'><strong>in</strong></span> <span class='ocrx_word' id='word_1_302' title='bbox 1662 3955 1759 4006; x_wconf 84' lang='lat' dir='ltr'><strong>tinibus</strong></span> <span class='ocrx_word' id='word_1_303' title='bbox 1782 3955 1814 4005; x_wconf 91' lang='lat' dir='ltr'><strong>de</strong></span> <span class='ocrx_word' id='word_1_304' title='bbox 1836 3955 1955 4018; x_wconf 84' lang='lat' dir='ltr'><strong>Aprucio</strong></span> <span class='ocrx_word' id='word_1_305' title='bbox 1980 3971 2068 4022; x_wconf 92' lang='lat' dir='ltr'><strong>usque</strong></span> 
     </span>
     <span class='ocr_line' id='line_1_30' title="bbox 410 4043 2068 4126; baseline -0.001 -17"><span class='ocrx_word' id='word_1_306' title='bbox 410 4062 437 4110; x_wconf 91' lang='lat' dir='ltr'><strong>in</strong></span> <span class='ocrx_word' id='word_1_307' title='bbox 459 4061 549 4111; x_wconf 86' lang='lat' dir='ltr'><strong>Firmo</strong></span> <span class='ocrx_word' id='word_1_308' title='bbox 577 4067 603 4110; x_wconf 92' lang='lat' dir='ltr'><strong>et</strong></span> <span class='ocrx_word' id='word_1_309' title='bbox 628 4061 656 4110; x_wconf 88' lang='lat' dir='ltr'><strong>in</strong></span> <span class='ocrx_word' id='word_1_310' title='bbox 678 4059 777 4110; x_wconf 87' lang='lat' dir='ltr'><strong>finibus</strong></span> <span class='ocrx_word' id='word_1_311' title='bbox 799 4043 950 4111; x_wconf 67' lang='lat' dir='ltr'><strong>Reatensil&#39;</strong></span> <span class='ocrx_word' id='word_1_312' title='bbox 978 4076 1062 4126; x_wconf 87' lang='lat' dir='ltr'><strong>usque</strong></span> <span class='ocrx_word' id='word_1_313' title='bbox 1091 4062 1119 4110; x_wconf 90' lang='lat' dir='ltr'><strong>in</strong></span> <span class='ocrx_word' id='word_1_314' title='bbox 1141 4060 1239 4110; x_wconf 88' lang='lat' dir='ltr'><strong>flumen</strong></span> <span class='ocrx_word' id='word_1_315' title='bbox 1262 4061 1354 4110; x_wconf 85' lang='lat' dir='ltr'><strong>Trinio</strong></span> <span class='ocrx_word' id='word_1_316' title='bbox 1383 4064 1410 4110; x_wconf 90' lang='lat' dir='ltr'><strong>et</strong></span> <span class='ocrx_word' id='word_1_317' title='bbox 1431 4061 1459 4109; x_wconf 94' lang='lat' dir='ltr'><strong>in</strong></span> <span class='ocrx_word' id='word_1_318' title='bbox 1481 4058 1580 4109; x_wconf 90' lang='lat' dir='ltr'><strong>finibus</strong></span> <span class='ocrx_word' id='word_1_319' title='bbox 1602 4057 1688 4108; x_wconf 87' lang='lat' dir='ltr'><strong>Balue</strong></span> <span class='ocrx_word' id='word_1_320' title='bbox 1710 4063 1736 4108; x_wconf 92' lang='lat' dir='ltr'><strong>et</strong></span> <span class='ocrx_word' id='word_1_321' title='bbox 1757 4059 1786 4106; x_wconf 90' lang='lat' dir='ltr'><strong>in</strong></span> <span class='ocrx_word' id='word_1_322' title='bbox 1807 4056 1906 4107; x_wconf 89' lang='lat' dir='ltr'><strong>finibus</strong></span> <span class='ocrx_word' id='word_1_323' title='bbox 1929 4058 2017 4108; x_wconf 84' lang='lat' dir='ltr'><strong>Marsi</strong></span> <span class='ocrx_word' id='word_1_324' title='bbox 2041 4065 2068 4110; x_wconf 84' lang='lat' dir='ltr'><strong>et</strong></span> 
     </span>
     <span class='ocr_line' id='line_1_31' title="bbox 411 4155 2118 4230; baseline 0 -18"><span class='ocrx_word' id='word_1_325' title='bbox 411 4165 440 4213; x_wconf 94' lang='lat' dir='ltr'><strong>in</strong></span> <span class='ocrx_word' id='word_1_326' title='bbox 461 4164 559 4214; x_wconf 88' lang='lat' dir='ltr'><strong>finibus</strong></span> <span class='ocrx_word' id='word_1_327' title='bbox 580 4165 702 4230; x_wconf 77' lang='lat' dir='ltr'><strong>Furconp</strong></span> <span class='ocrx_word' id='word_1_328' title='bbox 725 4169 751 4214; x_wconf 90' lang='lat' dir='ltr'><strong>et</strong></span> <span class='ocrx_word' id='word_1_329' title='bbox 772 4165 800 4212; x_wconf 93' lang='lat' dir='ltr'><strong>in</strong></span> <span class='ocrx_word' id='word_1_330' title='bbox 822 4163 919 4214; x_wconf 86' lang='lat' dir='ltr'><strong>finibus</strong></span> <span class='ocrx_word' id='word_1_331' title='bbox 934 4161 1068 4230; x_wconf 68' lang='lat' dir='ltr'><strong>Amiterna</strong></span> <span class='ocrx_word' id='word_1_332' title='bbox 1091 4169 1118 4214; x_wconf 90' lang='lat' dir='ltr'><strong>et</strong></span> <span class='ocrx_word' id='word_1_333' title='bbox 1139 4165 1168 4213; x_wconf 92' lang='lat' dir='ltr'><strong>in</strong></span> <span class='ocrx_word' id='word_1_334' title='bbox 1189 4163 1287 4214; x_wconf 86' lang='lat' dir='ltr'><strong>finibus</strong></span> <span class='ocrx_word' id='word_1_335' title='bbox 1308 4155 1442 4228; x_wconf 74' lang='lat' dir='ltr'><strong>Pestine⁶</strong></span> <span class='ocrx_word' id='word_1_336' title='bbox 1465 4167 1491 4212; x_wconf 90' lang='lat' dir='ltr'><strong>st</strong></span> <span class='ocrx_word' id='word_1_337' title='bbox 1512 4163 1540 4210; x_wconf 90' lang='lat' dir='ltr'><strong>in</strong></span> <span class='ocrx_word' id='word_1_338' title='bbox 1562 4160 1660 4212; x_wconf 87' lang='lat' dir='ltr'><strong>finibus</strong></span> <span class='ocrx_word' id='word_1_339' title='bbox 1676 4161 1770 4224; x_wconf 81' lang='lat' dir='ltr'><strong>Cicnli,</strong></span> <span class='ocrx_word' id='word_1_340' title='bbox 1792 4175 1847 4211; x_wconf 89' lang='lat' dir='ltr'><strong>una</strong></span> <span class='ocrx_word' id='word_1_341' title='bbox 1868 4177 1930 4210; x_wconf 91' lang='lat' dir='ltr'><strong>cum</strong></span> <span class='ocrx_word' id='word_1_342' title='bbox 1952 4161 2066 4212; x_wconf 77' lang='lat' dir='ltr'><strong>familiis</strong></span> <span class='ocrx_word' id='word_1_343' title='bbox 2085 4170 2118 4218; x_wconf 80' lang='lat'><strong>3⁰</strong></span> 
     </span>
     <span class='ocr_line' id='line_1_32' title="bbox 412 4249 2065 4332; baseline 0 -17"><span class='ocrx_word' id='word_1_344' title='bbox 412 4267 495 4315; x_wconf 86' lang='lat' dir='ltr'><strong>servis</strong></span> <span class='ocrx_word' id='word_1_345' title='bbox 518 4271 544 4316; x_wconf 92' lang='lat' dir='ltr'><strong>et</strong></span> <span class='ocrx_word' id='word_1_346' title='bbox 566 4267 670 4316; x_wconf 81' lang='lat' dir='ltr'><strong>ancillis</strong></span> <span class='ocrx_word' id='word_1_347' title='bbox 692 4267 830 4316; x_wconf 85' lang='lat' dir='ltr'><strong>cartulatis</strong></span> <span class='ocrx_word' id='word_1_348' title='bbox 853 4267 1041 4332; x_wconf 83' lang='lat' dir='ltr'><strong>praetenderiis</strong></span> <span class='ocrx_word' id='word_1_349' title='bbox 1063 4266 1166 4316; x_wconf 88' lang='lat' dir='ltr'><strong>colonis</strong></span> <span class='ocrx_word' id='word_1_350' title='bbox 1188 4272 1215 4315; x_wconf 89' lang='lat' dir='ltr'><strong>et</strong></span> <span class='ocrx_word' id='word_1_351' title='bbox 1237 4266 1382 4316; x_wconf 89' lang='lat' dir='ltr'><strong>colonabus</strong></span> <span class='ocrx_word' id='word_1_352' title='bbox 1405 4265 1558 4326; x_wconf 83' lang='lat' dir='ltr'><strong>aldionibus</strong></span> <span class='ocrx_word' id='word_1_353' title='bbox 1581 4271 1608 4315; x_wconf 88' lang='lat' dir='ltr'><strong>et</strong></span> <span class='ocrx_word' id='word_1_354' title='bbox 1630 4265 1753 4317; x_wconf 83' lang='lat' dir='ltr'><strong>aldiabus</strong></span> <span class='ocrx_word' id='word_1_355' title='bbox 1776 4263 1891 4314; x_wconf 82' lang='lat' dir='ltr'><strong>castellis</strong></span> <span class='ocrx_word' id='word_1_356' title='bbox 1915 4249 2065 4315; x_wconf 67' lang='lat' dir='ltr'><strong>ecclesiis‘¹</strong></span> 
     </span>
     <span class='ocr_line' id='line_1_33' title="bbox 411 4363 2066 4436; baseline 0.003 -19"><span class='ocrx_word' id='word_1_357' title='bbox 411 4367 521 4432; x_wconf 88' lang='lat' dir='ltr'><strong>capellis</strong></span> <span class='ocrx_word' id='word_1_358' title='bbox 549 4368 623 4418; x_wconf 89' lang='lat' dir='ltr'><strong>cellis</strong></span> <span class='ocrx_word' id='word_1_359' title='bbox 645 4371 721 4419; x_wconf 90' lang='lat' dir='ltr'><strong>terris</strong></span> <span class='ocrx_word' id='word_1_360' title='bbox 744 4369 822 4420; x_wconf 89' lang='lat' dir='ltr'><strong>cultis</strong></span> <span class='ocrx_word' id='word_1_361' title='bbox 845 4375 872 4419; x_wconf 93' lang='lat' dir='ltr'><strong>et</strong></span> <span class='ocrx_word' id='word_1_362' title='bbox 893 4370 1001 4420; x_wconf 88' lang='lat' dir='ltr'><strong>incultis</strong></span> <span class='ocrx_word' id='word_1_363' title='bbox 1024 4371 1094 4436; x_wconf 87' lang='lat' dir='ltr'><strong>agris</strong></span> <span class='ocrx_word' id='word_1_364' title='bbox 1117 4371 1217 4433; x_wconf 87' lang='lat' dir='ltr'><strong>campis</strong></span> <span class='ocrx_word' id='word_1_365' title='bbox 1239 4370 1322 4435; x_wconf 86' lang='lat' dir='ltr'><strong>pratis</strong></span> <span class='ocrx_word' id='word_1_366' title='bbox 1345 4371 1451 4434; x_wconf 79' lang='lat' dir='ltr'><strong>pascuis</strong></span> <span class='ocrx_word' id='word_1_367' title='bbox 1474 4368 1549 4418; x_wconf 87' lang='lat' dir='ltr'><strong>silvis</strong></span> <span class='ocrx_word' id='word_1_368' title='bbox 1571 4371 1660 4421; x_wconf 89' lang='lat' dir='ltr'><strong>vineis</strong></span> <span class='ocrx_word' id='word_1_369' title='bbox 1681 4369 1786 4420; x_wconf 84' lang='lat' dir='ltr'><strong>salectis</strong></span> <span class='ocrx_word' id='word_1_370' title='bbox 1809 4363 1963 4418; x_wconf 78' lang='lat' dir='ltr'><strong>cacinetis⁰</strong></span> <span class='ocrx_word' id='word_1_371' title='bbox 1988 4374 2066 4436; x_wconf 83' lang='lat' dir='ltr'><strong>aquis</strong></span> 
     </span>
     <span class='ocr_line' id='line_1_34' title="bbox 411 4472 2066 4539; baseline 0.002 -17"><span class='ocrx_word' id='word_1_372' title='bbox 411 4487 592 4538; x_wconf 85' lang='lat' dir='ltr'><strong>aquarumque</strong></span> <span class='ocrx_word' id='word_1_373' title='bbox 615 4474 770 4525; x_wconf 88' lang='lat' dir='ltr'><strong>decursibus</strong></span> <span class='ocrx_word' id='word_1_374' title='bbox 793 4476 985 4539; x_wconf 85' lang='lat' dir='ltr'><strong>piscationibus</strong></span> <span class='ocrx_word' id='word_1_375' title='bbox 1008 4473 1165 4524; x_wconf 88' lang='lat' dir='ltr'><strong>molendinis</strong></span> <span class='ocrx_word' id='word_1_376' title='bbox 1188 4472 1421 4538; x_wconf 90' lang='lat' dir='ltr'><strong>molendinumque</strong></span> <span class='ocrx_word' id='word_1_377' title='bbox 1436 4474 1502 4524; x_wconf 91' lang='lat' dir='ltr'><strong>locis</strong></span> <span class='ocrx_word' id='word_1_378' title='bbox 1517 4475 1652 4526; x_wconf 87' lang='lat' dir='ltr'><strong>montibus</strong></span> <span class='ocrx_word' id='word_1_379' title='bbox 1674 4474 1780 4538; x_wconf 87' lang='lat' dir='ltr'><strong>alpibus</strong></span> <span class='ocrx_word' id='word_1_380' title='bbox 1801 4472 1971 4538; x_wconf 80' lang='lat' dir='ltr'><strong>planiciebus</strong></span> <span class='ocrx_word' id='word_1_381' title='bbox 1987 4475 2066 4526; x_wconf 84' lang='lat' dir='ltr'><strong>valli-</strong></span> 
     </span>
     <span class='ocr_line' id='line_1_35' title="bbox 410 4576 2066 4645; baseline -0.001 -18"><span class='ocrx_word' id='word_1_382' title='bbox 410 4578 461 4628; x_wconf 88' lang='lat' dir='ltr'><strong>bus</strong></span> <span class='ocrx_word' id='word_1_383' title='bbox 489 4579 632 4645; x_wconf 83' lang='lat' dir='ltr'><strong>palndibns</strong></span> <span class='ocrx_word' id='word_1_384' title='bbox 661 4582 771 4644; x_wconf 86' lang='lat' dir='ltr'><strong>quesitis</strong></span> <span class='ocrx_word' id='word_1_385' title='bbox 795 4586 821 4631; x_wconf 91' lang='lat' dir='ltr'><strong>et</strong></span> <span class='ocrx_word' id='word_1_386' title='bbox 843 4580 1007 4645; x_wconf 90' lang='lat' dir='ltr'><strong>inquirendis</strong></span> <span class='ocrx_word' id='word_1_387' title='bbox 1033 4578 1176 4630; x_wconf 88' lang='lat' dir='ltr'><strong>mobilibus</strong></span> <span class='ocrx_word' id='word_1_388' title='bbox 1199 4583 1225 4628; x_wconf 92' lang='lat' dir='ltr'><strong>et</strong></span> <span class='ocrx_word' id='word_1_389' title='bbox 1247 4577 1419 4628; x_wconf 88' lang='lat' dir='ltr'><strong>inmobilibus</strong></span> <span class='ocrx_word' id='word_1_390' title='bbox 1441 4579 1521 4629; x_wconf 87' lang='lat' dir='ltr'><strong>rebus</strong></span> <span class='ocrx_word' id='word_1_391' title='bbox 1544 4579 1719 4644; x_wconf 87' lang='lat' dir='ltr'><strong>omnibusque</strong></span> <span class='ocrx_word' id='word_1_392' title='bbox 1741 4576 1908 4642; x_wconf 87' lang='lat' dir='ltr'><strong>pertinentiis</strong></span> <span class='ocrx_word' id='word_1_393' title='bbox 1931 4593 1985 4644; x_wconf 73' lang='lat' dir='ltr'><strong>qne</strong></span> <span class='ocrx_word' id='word_1_394' title='bbox 2009 4577 2066 4629; x_wconf 90' lang='lat' dir='ltr'><strong>dici</strong></span> 
     </span>
     <span class='ocr_line' id='line_1_36' title="bbox 410 4666 2118 4750; baseline 0 -18"><span class='ocrx_word' id='word_1_395' title='bbox 410 4683 454 4732; x_wconf 91' lang='lat' dir='ltr'><strong>vel</strong></span> <span class='ocrx_word' id='word_1_396' title='bbox 475 4685 604 4733; x_wconf 88' lang='lat' dir='ltr'><strong>nominari</strong></span> <span class='ocrx_word' id='word_1_397' title='bbox 627 4691 747 4750; x_wconf 85' lang='lat' dir='ltr'><strong>possunt,</strong></span> <span class='ocrx_word' id='word_1_398' title='bbox 770 4690 906 4750; x_wconf 76' lang='lat' dir='ltr'><strong>pretaxate</strong></span> <span class='ocrx_word' id='word_1_399' title='bbox 930 4684 1057 4734; x_wconf 87' lang='lat' dir='ltr'><strong>ecelesiae</strong></span> <span class='ocrx_word' id='word_1_400' title='bbox 1079 4684 1151 4734; x_wconf 83' lang='lat' dir='ltr'><strong>beati</strong></span> <span class='ocrx_word' id='word_1_401' title='bbox 1174 4682 1311 4732; x_wconf 89' lang='lat' dir='ltr'><strong>Benedicti</strong></span> <span class='ocrx_word' id='word_1_402' title='bbox 1335 4690 1361 4733; x_wconf 89' lang='lat' dir='ltr'><strong>et</strong></span> <span class='ocrx_word' id='word_1_403' title='bbox 1382 4666 1516 4731; x_wconf 80' lang='lat' dir='ltr'><strong>Aliemo</strong></span> <span class='ocrx_word' id='word_1_404' title='bbox 1540 4681 1687 4731; x_wconf 83' lang='lat' dir='ltr'><strong>venerabili</strong></span> <span class='ocrx_word' id='word_1_405' title='bbox 1710 4681 1800 4730; x_wconf 89' lang='lat' dir='ltr'><strong>abbati</strong></span> <span class='ocrx_word' id='word_1_406' title='bbox 1823 4681 1934 4744; x_wconf 89' lang='lat' dir='ltr'><strong>eiusque</strong></span> <span class='ocrx_word' id='word_1_407' title='bbox 1957 4697 2065 4732; x_wconf 86' lang='lat' dir='ltr'><strong>succes-</strong></span> <span class='ocrx_word' id='word_1_408' title='bbox 2085 4691 2118 4738; x_wconf 82' lang='lat'><strong>35</strong></span> 
     </span>
     <span class='ocr_line' id='line_1_37' title="bbox 410 4781 2067 4853; baseline 0.001 -17"><span class='ocrx_word' id='word_1_409' title='bbox 410 4787 514 4837; x_wconf 90' lang='lat' dir='ltr'><strong>scribus</strong></span> <span class='ocrx_word' id='word_1_410' title='bbox 536 4789 582 4853; x_wconf 92' lang='lat' dir='ltr'><strong>qui</strong></span> <span class='ocrx_word' id='word_1_411' title='bbox 605 4805 653 4852; x_wconf 91' lang='lat' dir='ltr'><strong>pro</strong></span> <span class='ocrx_word' id='word_1_412' title='bbox 676 4794 792 4853; x_wconf 88' lang='lat' dir='ltr'><strong>tempore</strong></span> <span class='ocrx_word' id='word_1_413' title='bbox 815 4789 914 4839; x_wconf 84' lang='lat' dir='ltr'><strong>fuerint</strong></span> <span class='ocrx_word' id='word_1_414' title='bbox 936 4795 1055 4853; x_wconf 86' lang='lat' dir='ltr'><strong>pastores</strong></span> <span class='ocrx_word' id='word_1_415' title='bbox 1077 4793 1157 4852; x_wconf 85' lang='lat' dir='ltr'><strong>atque</strong></span> <span class='ocrx_word' id='word_1_416' title='bbox 1179 4793 1294 4837; x_wconf 88' lang='lat' dir='ltr'><strong>rectores</strong></span> <span class='ocrx_word' id='word_1_417' title='bbox 1317 4786 1434 4838; x_wconf 89' lang='lat' dir='ltr'><strong>eiusdem</strong></span> <span class='ocrx_word' id='word_1_418' title='bbox 1457 4786 1618 4849; x_wconf 84' lang='lat' dir='ltr'><strong>monasterii,</strong></span> <span class='ocrx_word' id='word_1_419' title='bbox 1641 4801 1673 4836; x_wconf 85' lang='lat' dir='ltr'><strong>ex</strong></span> <span class='ocrx_word' id='word_1_420' title='bbox 1696 4785 1798 4850; x_wconf 84' lang='lat' dir='ltr'><strong>integro</strong></span> <span class='ocrx_word' id='word_1_421' title='bbox 1821 4781 2011 4836; x_wconf 85' lang='lat' dir='ltr'><strong>confirmamus</strong></span> <span class='ocrx_word' id='word_1_422' title='bbox 2034 4801 2067 4837; x_wconf 86' lang='lat' dir='ltr'><strong>ae</strong></span> 
     </span>
     <span class='ocr_line' id='line_1_38' title="bbox 410 4884 2068 4959; baseline -0.001 -19"><span class='ocrx_word' id='word_1_423' title='bbox 410 4893 612 4942; x_wconf 88' lang='lat' dir='ltr'><strong>corroboramus</strong></span> <span class='ocrx_word' id='word_1_424' title='bbox 634 4900 661 4943; x_wconf 91' lang='lat' dir='ltr'><strong>et</strong></span> <span class='ocrx_word' id='word_1_425' title='bbox 683 4909 729 4958; x_wconf 89' lang='lat' dir='ltr'><strong>per</strong></span> <span class='ocrx_word' id='word_1_426' title='bbox 757 4898 847 4959; x_wconf 78' lang='lat' dir='ltr'><strong>nostre</strong></span> <span class='ocrx_word' id='word_1_427' title='bbox 875 4893 1040 4944; x_wconf 87' lang='lat' dir='ltr'><strong>auctoritatis</strong></span> <span class='ocrx_word' id='word_1_428' title='bbox 1069 4897 1223 4957; x_wconf 86' lang='lat' dir='ltr'><strong>preceptum</strong></span> <span class='ocrx_word' id='word_1_429' title='bbox 1251 4884 1447 4952; x_wconf 72' lang='lat' dir='ltr'><strong>stabiliemus⁸,</strong></span> <span class='ocrx_word' id='word_1_430' title='bbox 1478 4894 1509 4938; x_wconf 92' lang='lat' dir='ltr'><strong>ut</strong></span> <span class='ocrx_word' id='word_1_431' title='bbox 1529 4889 1588 4938; x_wconf 89' lang='lat' dir='ltr'><strong>iure</strong></span> <span class='ocrx_word' id='word_1_432' title='bbox 1611 4888 1791 4940; x_wconf 82' lang='lat' dir='ltr'><strong>ecclesiastico</strong></span> <span class='ocrx_word' id='word_1_433' title='bbox 1814 4886 1931 4936; x_wconf 83' lang='lat' dir='ltr'><strong>babeant</strong></span> <span class='ocrx_word' id='word_1_434' title='bbox 1953 4893 2068 4940; x_wconf 85' lang='lat' dir='ltr'><strong>teneant</strong></span> 
     </span>
     <span class='ocr_line' id='line_1_39' title="bbox 410 4989 2067 5060; baseline 0 -18"><span class='ocrx_word' id='word_1_435' title='bbox 410 4992 571 5059; x_wconf 87' lang='lat' dir='ltr'><strong>firmiterque</strong></span> <span class='ocrx_word' id='word_1_436' title='bbox 601 4995 768 5060; x_wconf 83' lang='lat' dir='ltr'><strong>possideant,</strong></span> <span class='ocrx_word' id='word_1_437' title='bbox 802 4997 919 5046; x_wconf 89' lang='lat' dir='ltr'><strong>omnium</strong></span> <span class='ocrx_word' id='word_1_438' title='bbox 948 4997 1085 5046; x_wconf 91' lang='lat' dir='ltr'><strong>hominum</strong></span> <span class='ocrx_word' id='word_1_439' title='bbox 1114 4995 1323 5045; x_wconf 89' lang='lat' dir='ltr'><strong>contradictione</strong></span> <span class='ocrx_word' id='word_1_440' title='bbox 1353 4999 1461 5044; x_wconf 89' lang='lat' dir='ltr'><strong>remota.</strong></span> <span class='ocrx_word' id='word_1_441' title='bbox 1499 4992 1646 5043; x_wconf 86' lang='lat' dir='ltr'><strong>Statuimus</strong></span> <span class='ocrx_word' id='word_1_442' title='bbox 1674 4990 1799 5042; x_wconf 88' lang='lat' dir='ltr'><strong>videlicet</strong></span> <span class='ocrx_word' id='word_1_443' title='bbox 1826 4993 1857 5038; x_wconf 89' lang='lat' dir='ltr'><strong>ut</strong></span> <span class='ocrx_word' id='word_1_444' title='bbox 1884 4989 1978 5040; x_wconf 89' lang='lat' dir='ltr'><strong>nullus</strong></span> <span class='ocrx_word' id='word_1_445' title='bbox 2010 4991 2067 5042; x_wconf 86' lang='lat' dir='ltr'><strong>dux</strong></span> 
     </span>
     <span class='ocr_line' id='line_1_40' title="bbox 411 5093 2068 5165; baseline 0.001 -20"><span class='ocrx_word' id='word_1_446' title='bbox 411 5097 527 5147; x_wconf 84' lang='lat' dir='ltr'><strong>marchio</strong></span> <span class='ocrx_word' id='word_1_447' title='bbox 556 5114 644 5148; x_wconf 88' lang='lat' dir='ltr'><strong>comes</strong></span> <span class='ocrx_word' id='word_1_448' title='bbox 666 5099 813 5149; x_wconf 85' lang='lat' dir='ltr'><strong>vicecomes</strong></span> <span class='ocrx_word' id='word_1_449' title='bbox 835 5115 883 5150; x_wconf 88' lang='lat' dir='ltr'><strong>seu</strong></span> <span class='ocrx_word' id='word_1_450' title='bbox 905 5100 1018 5165; x_wconf 89' lang='lat' dir='ltr'><strong>quilibet</strong></span> <span class='ocrx_word' id='word_1_451' title='bbox 1045 5101 1084 5149; x_wconf 89' lang='lat' dir='ltr'><strong>rei</strong></span> <span class='ocrx_word' id='word_1_452' title='bbox 1106 5099 1213 5165; x_wconf 76' lang='lat' dir='ltr'><strong>publice</strong></span> <span class='ocrx_word' id='word_1_453' title='bbox 1242 5103 1350 5149; x_wconf 87' lang='lat' dir='ltr'><strong>exactor</strong></span> <span class='ocrx_word' id='word_1_454' title='bbox 1377 5099 1497 5148; x_wconf 88' lang='lat' dir='ltr'><strong>homines</strong></span> <span class='ocrx_word' id='word_1_455' title='bbox 1520 5096 1637 5148; x_wconf 89' lang='lat' dir='ltr'><strong>eiusdem</strong></span> <span class='ocrx_word' id='word_1_456' title='bbox 1660 5093 1788 5145; x_wconf 84' lang='lat' dir='ltr'><strong>ecclesiae</strong></span> <span class='ocrx_word' id='word_1_457' title='bbox 1810 5093 1908 5142; x_wconf 89' lang='lat' dir='ltr'><strong>iniuste</strong></span> <span class='ocrx_word' id='word_1_458' title='bbox 1932 5107 2068 5161; x_wconf 82' lang='lat' dir='ltr'><strong>angarare</strong></span> 
     </span>
     <span class='ocr_line' id='line_1_41' title="bbox 409 5195 2121 5266; baseline 0.001 -18"><span class='ocrx_word' id='word_1_459' title='bbox 409 5200 453 5249; x_wconf 90' lang='lat' dir='ltr'><strong>vel</strong></span> <span class='ocrx_word' id='word_1_460' title='bbox 476 5201 610 5266; x_wconf 85' lang='lat' dir='ltr'><strong>flagellare</strong></span> <span class='ocrx_word' id='word_1_461' title='bbox 633 5217 679 5252; x_wconf 88' lang='lat' dir='ltr'><strong>seu</strong></span> <span class='ocrx_word' id='word_1_462' title='bbox 703 5218 745 5252; x_wconf 88' lang='lat' dir='ltr'><strong>res</strong></span> <span class='ocrx_word' id='word_1_463' title='bbox 767 5203 894 5254; x_wconf 89' lang='lat' dir='ltr'><strong>ecclesiae</strong></span> <span class='ocrx_word' id='word_1_464' title='bbox 916 5203 1009 5254; x_wconf 88' lang='lat' dir='ltr'><strong>tollere</strong></span> <span class='ocrx_word' id='word_1_465' title='bbox 1031 5209 1079 5252; x_wconf 86' lang='lat' dir='ltr'><strong>aut</strong></span> <span class='ocrx_word' id='word_1_466' title='bbox 1100 5201 1173 5251; x_wconf 81' lang='lat' dir='ltr'><strong>illam</strong></span> <span class='ocrx_word' id='word_1_467' title='bbox 1196 5201 1335 5253; x_wconf 86' lang='lat' dir='ltr'><strong>disvestire</strong></span> <span class='ocrx_word' id='word_1_468' title='bbox 1357 5200 1467 5264; x_wconf 79' lang='lat' dir='ltr'><strong>audeat3</strong></span> <span class='ocrx_word' id='word_1_469' title='bbox 1491 5205 1517 5251; x_wconf 91' lang='lat' dir='ltr'><strong>et</strong></span> <span class='ocrx_word' id='word_1_470' title='bbox 1540 5201 1562 5249; x_wconf 89' lang='lat' dir='ltr'><strong>si</strong></span> <span class='ocrx_word' id='word_1_471' title='bbox 1585 5198 1682 5264; x_wconf 85' lang='lat' dir='ltr'><strong>aliquis</strong></span> <span class='ocrx_word' id='word_1_472' title='bbox 1704 5213 1751 5263; x_wconf 90' lang='lat' dir='ltr'><strong>per</strong></span> <span class='ocrx_word' id='word_1_473' title='bbox 1773 5195 1855 5248; x_wconf 80' lang='lat' dir='ltr'><strong>falsas</strong></span> <span class='ocrx_word' id='word_1_474' title='bbox 1876 5197 1999 5248; x_wconf 78' lang='lat' dir='ltr'><strong>catullus</strong></span> <span class='ocrx_word' id='word_1_475' title='bbox 2024 5216 2068 5250; x_wconf 88' lang='lat' dir='ltr'><strong>res</strong></span> <span class='ocrx_word' id='word_1_476' title='bbox 2086 5211 2121 5259; x_wconf 75' lang='lat'><strong>40</strong></span> 
     </span>
     <span class='ocr_line' id='line_1_42' title="bbox 411 5286 2070 5369; baseline 0.002 -18"><span class='ocrx_word' id='word_1_477' title='bbox 411 5286 561 5354; x_wconf 68' lang='lat' dir='ltr'><strong>ecclesiates</strong></span> <span class='ocrx_word' id='word_1_478' title='bbox 582 5304 698 5357; x_wconf 88' lang='lat' dir='ltr'><strong>alienare</strong></span> <span class='ocrx_word' id='word_1_479' title='bbox 727 5305 859 5356; x_wconf 83' lang='lat' dir='ltr'><strong>desiderat</strong></span> <span class='ocrx_word' id='word_1_480' title='bbox 880 5307 923 5357; x_wconf 88' lang='lat' dir='ltr'><strong>vel</strong></span> <span class='ocrx_word' id='word_1_481' title='bbox 945 5306 1086 5368; x_wconf 83' lang='lat' dir='ltr'><strong>alienavit,</strong></span> <span class='ocrx_word' id='word_1_482' title='bbox 1120 5307 1200 5356; x_wconf 84' lang='lat' dir='ltr'><strong>liceat</strong></span> <span class='ocrx_word' id='word_1_483' title='bbox 1228 5305 1376 5356; x_wconf 86' lang='lat' dir='ltr'><strong>rectoribus</strong></span> <span class='ocrx_word' id='word_1_484' title='bbox 1404 5305 1458 5354; x_wconf 85' lang='lat' dir='ltr'><strong>iam</strong></span> <span class='ocrx_word' id='word_1_485' title='bbox 1486 5303 1557 5369; x_wconf 69' lang='lat' dir='ltr'><strong>dicte</strong></span> <span class='ocrx_word' id='word_1_486' title='bbox 1586 5302 1714 5354; x_wconf 87' lang='lat' dir='ltr'><strong>ecclesiae</strong></span> <span class='ocrx_word' id='word_1_487' title='bbox 1742 5316 1789 5368; x_wconf 91' lang='lat' dir='ltr'><strong>per</strong></span> <span class='ocrx_word' id='word_1_488' title='bbox 1815 5307 2016 5352; x_wconf 87' lang='lat' dir='ltr'><strong>sacramentum</strong></span> <span class='ocrx_word' id='word_1_489' title='bbox 2040 5309 2070 5354; x_wconf 88' lang='lat' dir='ltr'><strong>et</strong></span> 
     </span>
    </p>
   </div>
   <div class='ocr_carea' id='block_1_12' title="bbox 496 5472 2122 5748">
    <p class='ocr_par' dir='ltr' id='par_1_12' title="bbox 496 5472 2122 5748">
     <span class='ocr_line' id='line_1_43' title="bbox 496 5472 2070 5545; baseline -0.001 -17"><span class='ocrx_word' id='word_1_490' title='bbox 496 5473 554 5528; x_wconf 77' lang='lat'><strong>²02.</strong></span> <span class='ocrx_word' id='word_1_491' title='bbox 584 5476 691 5545; x_wconf 83' lang='lat' dir='ltr'><strong>[Sickei]</strong></span> <span class='ocrx_word' id='word_1_492' title='bbox 796 5479 823 5540; x_wconf 81' lang='lat' dir='ltr'><strong>a)</strong></span> <span class='ocrx_word' id='word_1_493' title='bbox 842 5478 864 5528; x_wconf 80' lang='lat' dir='ltr'><em>A</em></span> <span class='ocrx_word' id='word_1_494' title='bbox 963 5479 991 5544; x_wconf 85' lang='lat' dir='ltr'><strong>b)</strong></span> <span class='ocrx_word' id='word_1_495' title='bbox 1008 5476 1040 5540; x_wconf 76' lang='lat' dir='ltr'><strong>A,</strong></span> <span class='ocrx_word' id='word_1_496' title='bbox 1059 5479 1173 5529; x_wconf 82' lang='lat' dir='ltr'><strong>Tssensi</strong></span> <span class='ocrx_word' id='word_1_497' title='bbox 1188 5477 1242 5529; x_wconf 86' lang='lat' dir='ltr'><strong>VU.</strong></span> <span class='ocrx_word' id='word_1_498' title='bbox 1342 5479 1366 5538; x_wconf 86' lang='lat' dir='ltr'><strong>e)</strong></span> <span class='ocrx_word' id='word_1_499' title='bbox 1386 5475 1417 5538; x_wconf 79' lang='lat' dir='ltr'><strong>A,</strong></span> <span class='ocrx_word' id='word_1_500' title='bbox 1436 5478 1547 5528; x_wconf 83' lang='lat' dir='ltr'><strong>Reatino</strong></span> <span class='ocrx_word' id='word_1_501' title='bbox 1561 5475 1616 5527; x_wconf 86' lang='lat' dir='ltr'><strong>VU.</strong></span> <span class='ocrx_word' id='word_1_502' title='bbox 1716 5475 1744 5536; x_wconf 91' lang='lat' dir='ltr'><strong>d)</strong></span> <span class='ocrx_word' id='word_1_503' title='bbox 1762 5487 1838 5524; x_wconf 69' lang='lat' dir='ltr'><strong>mcor</strong></span> <span class='ocrx_word' id='word_1_504' title='bbox 1855 5473 1898 5522; x_wconf 81' lang='lat' dir='ltr'><strong>eiu</strong></span> <span class='ocrx_word' id='word_1_505' title='bbox 1913 5472 2070 5529; x_wconf 67' lang='lat' dir='ltr'><strong>Boouata</strong></span> 
     </span>
     <span class='ocr_line' id='line_1_44' title="bbox 582 5540 2069 5608; baseline 0.001 -14"><span class='ocrx_word' id='word_1_506' title='bbox 582 5547 716 5596; x_wconf 77' lang='lat' dir='ltr'><strong>cusrodirt</strong></span> <span class='ocrx_word' id='word_1_507' title='bbox 821 5547 894 5607; x_wconf 86' lang='lat' dir='ltr'><strong>e)1t.</strong></span> <span class='ocrx_word' id='word_1_508' title='bbox 912 5547 939 5600; x_wconf 84' lang='lat'><strong>0.</strong></span> <span class='ocrx_word' id='word_1_509' title='bbox 957 5547 1055 5598; x_wconf 69' lang='lat' dir='ltr'><strong>seuseu</strong></span> <span class='ocrx_word' id='word_1_510' title='bbox 1072 5547 1122 5598; x_wconf 80' lang='lat' dir='ltr'><strong>dna</strong></span> <span class='ocrx_word' id='word_1_511' title='bbox 1139 5547 1209 5597; x_wconf 79' lang='lat' dir='ltr'><strong>Wort</strong></span> <span class='ocrx_word' id='word_1_512' title='bbox 1227 5547 1274 5598; x_wconf 77' lang='lat' dir='ltr'><strong>ser</strong></span> <span class='ocrx_word' id='word_1_513' title='bbox 1291 5546 1345 5597; x_wconf 88' lang='lat' dir='ltr'><strong>VU.</strong></span> <span class='ocrx_word' id='word_1_514' title='bbox 1364 5549 1483 5596; x_wconf 84' lang='lat' dir='ltr'><strong>cannetis</strong></span> <span class='ocrx_word' id='word_1_515' title='bbox 1501 5544 1572 5595; x_wconf 76' lang='lat' dir='ltr'><strong>nicht</strong></span> <span class='ocrx_word' id='word_1_516' title='bbox 1585 5543 1699 5608; x_wconf 71' lang='lat' dir='ltr'><strong>peteme</strong></span> <span class='ocrx_word' id='word_1_517' title='bbox 1716 5559 1748 5593; x_wconf 77' lang='lat' dir='ltr'><strong>aa</strong></span> <span class='ocrx_word' id='word_1_518' title='bbox 1765 5542 1847 5592; x_wconf 72' lang='lat' dir='ltr'><strong>taem</strong></span> <span class='ocrx_word' id='word_1_519' title='bbox 1863 5540 1919 5591; x_wconf 74' lang='lat' dir='ltr'><strong>raud</strong></span> <span class='ocrx_word' id='word_1_520' title='bbox 1937 5541 1986 5594; x_wconf 82' lang='lat' dir='ltr'><strong>bot</strong></span> <span class='ocrx_word' id='word_1_521' title='bbox 2004 5551 2069 5598; x_wconf 71' lang='lat' dir='ltr'><strong>stote</strong></span> 
     </span>
     <span class='ocr_line' id='line_1_45' title="bbox 582 5611 2069 5682; baseline 0.001 -18"><span class='ocrx_word' id='word_1_522' title='bbox 582 5615 628 5664; x_wconf 76' lang='lat' dir='ltr'><strong>dee</strong></span> <span class='ocrx_word' id='word_1_523' title='bbox 645 5621 728 5664; x_wconf 80' lang='lat' dir='ltr'><strong>ersten</strong></span> <span class='ocrx_word' id='word_1_524' title='bbox 745 5632 764 5664; x_wconf 91' lang='lat' dir='ltr'><strong>n</strong></span> <span class='ocrx_word' id='word_1_525' title='bbox 781 5615 914 5666; x_wconf 67' lang='lat' dir='ltr'><strong>emesae</strong></span> <span class='ocrx_word' id='word_1_526' title='bbox 927 5615 1029 5667; x_wconf 69' lang='lat' dir='ltr'><strong>Stricta</strong></span> <span class='ocrx_word' id='word_1_527' title='bbox 1051 5615 1167 5682; x_wconf 69' lang='lat' dir='ltr'><strong>perimit</strong></span> <span class='ocrx_word' id='word_1_528' title='bbox 1189 5615 1283 5666; x_wconf 75' lang='lat' dir='ltr'><strong>welche</strong></span> <span class='ocrx_word' id='word_1_529' title='bbox 1300 5614 1425 5665; x_wconf 79' lang='lat' dir='ltr'><strong>swieeteo</strong></span> <span class='ocrx_word' id='word_1_530' title='bbox 1443 5617 1468 5665; x_wconf 90' lang='lat' dir='ltr'><strong>ci</strong></span> <span class='ocrx_word' id='word_1_531' title='bbox 1484 5613 1539 5664; x_wconf 79' lang='lat' dir='ltr'><strong>aad</strong></span> <span class='ocrx_word' id='word_1_532' title='bbox 1557 5631 1572 5664; x_wconf 93' lang='lat' dir='ltr'><strong>o</strong></span> <span class='ocrx_word' id='word_1_533' title='bbox 1590 5613 1634 5664; x_wconf 84' lang='lat' dir='ltr'><strong>die</strong></span> <span class='ocrx_word' id='word_1_534' title='bbox 1647 5612 1721 5662; x_wconf 76' lang='lat' dir='ltr'><strong>Muto</strong></span> <span class='ocrx_word' id='word_1_535' title='bbox 1737 5611 1824 5662; x_wconf 71' lang='lat' dir='ltr'><strong>tcum</strong></span> <span class='ocrx_word' id='word_1_536' title='bbox 1928 5611 1951 5672; x_wconf 84' lang='lat' dir='ltr'><strong>i)</strong></span> <span class='ocrx_word' id='word_1_537' title='bbox 1971 5615 2069 5666; x_wconf 81' lang='lat' dir='ltr'><strong>seclae</strong></span> 
     </span>
     <span class='ocr_line' id='line_1_46' title="bbox 585 5681 2122 5748; baseline 0.001 -16"><span class='ocrx_word' id='word_1_538' title='bbox 585 5681 651 5732; x_wconf 76' lang='lat' dir='ltr'><strong>obss</strong></span> <span class='ocrx_word' id='word_1_539' title='bbox 668 5683 943 5748; x_wconf 73' lang='lat' dir='ltr'><strong>Ableiimenpsscictm.</strong></span> <span class='ocrx_word' id='word_1_540' title='bbox 2088 5685 2122 5733; x_wconf 69' lang='lat' dir='ltr'><strong>db</strong></span> 
     </span>
    </p>
   </div>
   <div class='ocr_carea' id='block_1_13' title="bbox 0 0 2258 6421">
    <p class='ocr_par' dir='ltr' id='par_1_13' title="bbox 0 0 2258 6421">
     <span class='ocr_line' id='line_1_47' title="bbox 0 0 2258 6421; baseline 0 0"><span class='ocrx_word' id='word_1_541' title='bbox 0 0 2258 6421; x_wconf 95' lang='lat' dir='ltr'><strong> </strong></span> 
     </span>
    </p>
   </div>
  </div>
 </body>
</html>
