4554 6414
430 421 491 485 112
1020 422 1477 480 KAISERURKUNDEN.

531 612 601 668 Vom
625 610 655 669 S.
683 610 785 669 Gollcr
806 609 914 666 ilonea
935 608 1047 666 Nottcr
1075 565 1268 664 onrlritlilbar
1296 606 1372 663 noch
1399 604 1471 664 ΒΗ.
1496 609 1539 663 12
1563 605 1761 676 preclariebcn,
1796 620 1820 661 s.
1848 607 1959 664 Neues
1986 603 2110 661 Archia

530 719 559 785 1,
584 718 656 773 460.

531 901 590 982 (O.)
614 897 628 978 ξ
649 901 688 965 In
716 903 847 965 nomine
876 909 1009 964 sanctae
1038 907 1070 961 et
1097 895 1285 961 individuae
1314 895 1479 958 trinitatis,
1524 893 1602 959 Otto
1631 893 1741 958 divina
1773 894 1955 960 ordinante
1989 895 2109 980 provi·

427 1003 536 1067 dentia
564 1027 633 1069 rex.
732 1009 855 1069 Omnium
878 1019 996 1068 fidelium
1019 1022 1169 1066 nestrorum
1191 1017 1371 1081 praesentium
1390 998 1519 1063 'seilicet
1541 1007 1574 1062 ei
1595 998 1776 1063 futurorum
1805 1016 1943 1080 agnitioni
1976 1013 2109 1079 patefiat,

426 1123 498 1187 qued
526 1124 686 1173 venerabilis
713 1105 727 1187 ᾗ
755 1125 826 1173 abba
848 1122 1000 1172 monasterii
1024 1122 1109 1170 sancti
1132 1119 1203 1170 Galli
1226 1104 1341 1168 Thieio
1365 1135 1412 1183 per
1433 1120 1611 1168 interventum
1633 1102 1737 1167 fidelis
1760 1105 1864 1169 nostri
1891 1104 2145 1167 Herimanni5

426 1211 519 1275 ducis
535 1211 795 1277 Alamannorum
818 1228 977 1292 imploravit,
1000 1229 1132 1291 quatenus
1155 1225 1362 1288 conscriptiones
1385 1229 1411 1273 et
1433 1229 1574 1288 praecepta
1592 1224 1626 1273 ab
1648 1224 1860 1274 antecessoribus
1886 1226 2007 1286 uostris,
2034 1225 2108 1289 regi-

426 1330 477 1379 bus
498 1331 625 1381 videlicet
643 1337 668 1382 et
686 1333 899 1396 imperatoribus,
923 1330 1060 1380 monachis
1084 1334 1110 1378 et
1133 1329 1292 1378 monasterio
1308 1345 1324 1374 a
1340 1311 1427 1375 edita
1450 1333 1540 1376 nostra
1563 1328 1642 1377 etiem
1665 1327 1865 1378 confirmatione
1890 1330 2108 1379 roboraremus.

427 1434 510 1484 Cuius
532 1437 655 1500 petitioni
677 1453 694 1483 s
716 1452 853 1485 assensum
876 1436 1033 1499 praebentes
1056 1432 1187 1496 simulque
1209 1433 1327 1496 priorum
1350 1432 1496 1480 constituta
1522 1445 1601 1495 super
1623 1432 1815 1480 immunitatem
1839 1433 1931 1481 sancti
1956 1432 2018 1481 loci
2044 1447 2108 1497 per-

425 1538 570 1602 pendentes
593 1541 771 1604 praecipimus
794 1545 820 1589 et
842 1541 997 1600 statuimus,
1020 1544 1050 1587 ut
1071 1539 1264 1602 praescriptum
1287 1537 1444 1586 coenobium
1468 1551 1500 1586 ea
1522 1537 1687 1585 immunitate
1709 1537 1839 1586 subsistat
1861 1538 1938 1586 sicut
1958 1542 2108 1586 cartarum

426 1647 514 1692 textus
537 1643 623 1693 eidem
645 1643 704 1693 loco
728 1645 937 1707 conscriptarum
960 1643 1095 1704 enuntiat,
1119 1647 1149 1691 ut
1171 1641 1297 1691 videlicet
1319 1641 1443 1690 monachi
1464 1642 1492 1688 iu
1514 1641 1573 1704 ipso
1596 1642 1755 1690 monasterio
1778 1642 1980 1691 convenientes
2005 1658 2109 1692 secun·
2131 1635 2163 1680 ¹0

427 1746 490 1795 dum
512 1747 633 1812 regulam
655 1749 738 1797 sancti
762 1747 900 1796 Benedicti
925 1747 1049 1796 abbatem
1071 1747 1142 1794 inter
1164 1761 1192 1794 se
1215 1744 1331 1810 eligendi
1354 1745 1487 1794 licentiam
1510 1745 1634 1816 babeant,
1657 1750 1683 1794 et
1705 1751 1735 1794 ut
1756 1745 1827 1794 idem
1848 1731 2108 1794 monasterium

427 1866 487 1899 cum
509 1853 630 1915 personis
653 1852 813 1900 intrinsecus
836 1850 880 1900 vel
905 1850 1053 1899 forinsecus
1082 1849 1133 1898 sibi
1162 1849 1362 1910 coherentibus,
1396 1850 1473 1898 terris
1495 1863 1601 1913 quoque
1624 1848 1703 1897 cultis
1725 1853 1751 1897 et
1772 1848 1883 1897 incultis
1908 1848 1946 1898 ad
1971 1866 2004 1899 se
2031 1851 2107 1898 iuste

427 1954 551 2004 donativo
575 1969 606 2004 ac
628 1953 750 2020 legaliter
772 1955 966 2019 pertinentibus
989 1958 1079 2002 nostre
1102 1957 1305 2017 nostrorumque
1328 1967 1510 2001 successorum
1533 1957 1594 2017 pest
1616 1951 1695 2002 deum
1717 1957 1743 2001 et
1765 1957 1872 2002 sanctos
1897 1954 1961 2002 eius
1983 1954 2107 2002 munici-

427 2059 503 2122 patui
532 2059 682 2108 subiectum
710 2058 811 2108 nullius
839 2059 982 2122 superioris
1012 2062 1059 2106 aut
1087 2057 1220 2107 inferioris
1248 2072 1377 2121 personae
1400 2055 1557 2105 difficultate
1583 2056 1705 2105 turbetur
1726 2061 1773 2105 aut
1795 2056 1998 2122 cuiuscumque
2024 2073 2105 2122 prae-

428 2163 558 2225 ceptionis
581 2162 638 2211 sive
660 2162 833 2212 districtionis
856 2163 1003 2212 molestiam
1026 2163 1157 2226 patiatur,
1192 2161 1238 2210 sed
1267 2162 1346 2210 liceat
1375 2161 1426 2225 ipsi
1455 2161 1546 2210 abbati
1569 2161 1625 2209 sine
1648 2160 1730 2209 ullius
1752 2160 1981 2211 contradictionis
2008 2163 2104 2212 obsta-
2127 2152 2159 2198 ¹⁵

428 2265 489 2315 culo
511 2265 655 2314 monachos
678 2282 740 2315 suos
763 2265 920 2331 regulariter
942 2281 1049 2330 regere,
1080 2265 1198 2315 familiae
1227 2266 1393 2329 praecipere,
1427 2281 1470 2314 res
1498 2266 1652 2314 monasterii
1680 2264 1816 2328 ordinare,
1850 2267 1927 2315 intus
1951 2283 2006 2316 seu
2033 2269 2105 2317 soris

428 2371 518 2420 omnia
539 2371 615 2420 iuxta
637 2371 741 2420 consilii
764 2372 806 2420 sui
828 2372 1006 2435 provisionem
1031 2370 1153 2419 decenter
1176 2384 1292 2433 congrue
1317 2375 1343 2417 ct
1365 2369 1466 2417 utiliter
1492 2369 1655 2434 gubernare3
1690 2370 1796 2433 negotia
1824 2371 1907 2418 etiam
1937 2386 2103 2436 causaeque

428 2476 590 2537 monasterii,
613 2475 720 2539 quando
743 2477 887 2524 necessitas
909 2491 925 2522 a
948 2475 1071 2536 occurrit,
1094 2489 1141 2537 per
1163 2479 1285 2522 coactum
1309 2473 1449 2538 exigantur
1471 2474 1657 2534 iuramentum,
1681 2473 1764 2537 ipsius
1786 2475 1943 2524 monasterii
1968 2476 2102 2526 officiali-

428 2578 479 2627 bus
502 2585 529 2627 et
552 2577 689 2627 advocatis
711 2579 738 2627 in
762 2578 898 2643 exigendis
920 2579 1093 2648 circumcirca
1115 2577 1232 2627 eiusdem
1255 2577 1307 2626 loci
1330 2577 1410 2626 rebus
1433 2578 1475 2625 ius
1498 2576 1549 2625 sibi
1572 2591 1589 2624 a
1610 2576 1687 2624 nobis
1711 2571 1890 2628 eoneessum¹⁸
1914 2579 2101 2630 habentibus.

428 2682 515 2747 Igitur
537 2687 567 2730 ut
589 2681 753 2746 praedictum
776 2688 816 2732 est
839 2683 888 2731 sub
912 2687 1017 2731 nostrae
1040 2682 1161 2730 tuitionis
1184 2682 1349 2729 inununitate
1372 2681 1447 2730 locus
1470 2685 1643 2744 praenotatus
1666 2680 1811 2729 subsistens
1835 2680 1869 2729 ab
1889 2683 1965 2730 omni
1988 2683 2101 2734 alienae
2121 2671 2155 2716 ΞΟ

428 2786 610 2850 inquisitionis
633 2801 681 2835 seu
703 2787 850 2835 exactionis
873 2785 994 2835 molestia
1017 2801 1126 2835 securus
1150 2791 1317 2849 permaneat,
1351 2791 1381 2834 ut
1404 2784 1446 2835 dei
1469 2784 1642 2835 servitoribus
1665 2785 1730 2834 inibi
1754 2785 1913 2850 degentibus
1937 2803 1990 2851 pro
2016 2790 2101 2839 nobis

429 2895 455 2939 et
482 2891 557 2954 regni
585 2891 669 2940 nostri
697 2890 842 2941 stabilitate
873 2892 930 2940 sine
958 2890 1050 2955 aliqua
1071 2889 1203 2938 forinseca
1225 2889 1409 2955 inquietudine
1432 2890 1607 2954 omnipotenti
1630 2888 1679 2938 deo
1703 2890 1799 2955 iugiter
1821 2890 1902 2939 liceat
1926 2893 2099 2956 supplicare.

428 2993 465 3041 Et
486 2997 517 3041 ut
538 2993 589 3042 hoc
610 2999 717 3042 uestrae
740 2995 920 3044 concessionis
942 2998 1113 3056 praeceptum
1134 3010 1183 3058 per
1204 2994 1287 3042 futuri
1311 2995 1437 3057 temporis
1460 2993 1593 3042 curricula
1610 2998 1697 3042 ratum
1715 2999 1872 3058 perseveret,
1895 3010 1981 3044 manu
2002 3005 2100 3046 nostra

429 3096 496 3145 illud
519 3099 685 3162 assignantes
707 3096 869 3146 firmavimus
893 3102 919 3146 et
941 3096 1015 3146 anuli
1038 3099 1121 3147 nostri
1144 3099 1316 3162 impressione
1339 3084 1486 3165 insigniri
1509 3075 1701 3162 praecepimus.

533 3216 547 3297 ξ
569 3219 706 3302 Signum
729 3218 840 3283 domni
866 3218 931 3298 (M.)
957 3217 1088 3282 Ottonis
1112 3222 1310 3284 serenissimi
1333 3223 1428 3304 regis.
1451 3217 1464 3298 Ξ
2117 3241 2150 3288 ‘25

533 3320 696 3400 {Notker
723 3324 869 3387 notarius
898 3321 1048 3387 advicem
1075 3323 1242 3408 Popponis
1272 3323 1551 3388 archicancellarii
1581 3323 1752 3388 scribendo
1781 3325 1995 3408 recognofeei
2027 3325 2100 3408 et}

435 3429 505 3507 (SR-
528 3427 605 3507 NN.)
1962 3431 2025 3510 (sl.
2053 3433 2096 3510 1.)

533 3564 622 3627 Data
644 3582 706 3627 vn.
729 3563 772 3628 id.
795 3587 865 3650 apr.
888 3587 974 3628 anno
999 3563 1183 3628 dominicae
1210 3567 1445 3630 incarnationis
1474 3583 1648 3649 nccccxt,
1683 3566 1858 3631 indictione
1882 3584 1967 3649 xm,
2006 3591 2097 3632 anno

430 3689 507 3730 voro
532 3665 642 3730 domni
667 3666 799 3732 Ottonis
822 3669 959 3753 piissimi
982 3670 1067 3750 regis
1090 3686 1162 3748 11113
1196 3679 1306 3732 actum
1334 3671 1368 3732 in
1392 3669 1698 3754 Qhuitilingeburg3
1733 3673 1765 3735 in
1787 3670 1838 3734 dei
1863 3675 2000 3736 nomine
2026 3673 2098 3737 feli-

431 3775 512 3832 citer
537 3791 642 3834 amen.
2116 3791 2151 3840 30

1229 3965 1289 4036 26.

441 4111 520 4189 Otto
543 4117 683 4190 schenkt
704 4117 784 4190 dem
807 4118 962 4217 Biscltof
977 4118 1104 4192 Woldo
1127 4145 1199 4191 von
1229 4116 1330 4193 Cher
1353 4118 1428 4216 osef
1442 4118 1648 4190 Lebcrtszeit
1668 4116 1727 4189 dte
1748 4113 1908 4222 liis’ehea
1930 4141 1979 4188 za
2002 4115 2099 4190 Bla-

432 4235 523 4309 dssm
544 4238 624 4310 und
645 4236 802 4313 &ila'ms-
1587 4275 1789 4351 Quodliobmy
1812 4277 1875 4332 940
1900 4271 1996 4346 April
2021 4279 2052 4334 8.

537 4464 786 4539 Ονὶρίηαὶάιῗρῖοηι
809 4469 851 4524 im
874 4468 1076 4536 bisckollichen
1098 4465 1207 4524 Archiv
1228 4484 1269 4522 su
1292 4463 1376 4524 Char
1400 4464 1464 4543 (A).

534 4602 701 4664 Broscltios
723 4606 863 4678 Epiteme
884 4605 919 4662 cie
941 4623 984 4677 ep.
1006 4604 1105 4664 Germ.
1127 4600 1179 4662 24'
1195 4605 1243 4661 cit.
1273 4637 1314 4645 —
1343 4603 1494 4661 Eiclrhora
1515 4602 1616 4674 Episc.
1635 4600 1717 4670 Cor,
1736 4602 1821 4674 prob.
1844 4604 1889 4660 23
1911 4607 1948 4658 πθ
1972 4607 2017 4663 16
2043 4624 2104 4665 asts
2124 4607 2158 4654 35

536 4705 571 4762 Α.
596 4740 638 4748 -
660 4708 750 4765 Mohr
767 4708 828 4766 01).
846 4709 930 4766 Raet.
948 4712 977 4778 1,
996 4711 1037 4767 66
1051 4715 1085 4776 e,⁰
1101 4712 1141 4766 44
1158 4725 1215 4766 aas
1230 4707 1267 4764 Α.
1291 4741 1333 4749 -
1356 4707 1487 4765 Boltmcr
1501 4706 1573 4778 ch.
1591 4710 1641 4765 93.
1666 4739 1707 4747 -
1731 4702 1859 4776 Stumps
1873 4705 1950 4777 Ray.
1978 4711 2032 4767 84.
2059 4744 2105 4752 -

538 4808 653 4868 Hidber
674 4811 744 4884 ch.
769 4815 862 4870 1018.

536 4946 636 5005 Gleich
664 4949 731 5008 DO.
755 4953 796 5009 25
827 4968 883 5007 stoa
910 4950 1022 5008 Notior
1044 4952 1235 5022 yosclzrichca.
1282 4951 1340 5009 Dic
1368 4950 1540 5009 Iacocolioa
1562 4949 1626 5008 aad
1648 4949 1700 5007 der
1724 4947 1846 5006 essert
1874 4950 2023 5010 stinanea
2047 4959 2108 5014 orit

535 5051 588 5107 der
609 5051 640 5110 S.
661 5051 763 5110 Galles
784 5054 904 5112 For-mel
925 5055 1051 5112 Roeicae
1072 5061 1106 5110 a⁰
1129 5059 1191 5113 149
1215 5056 1343 5112 sabercto.
1543 5075 1557 5102 e

535 5237 593 5318 (Ο.)
617 5234 631 5316 ἓ
652 5237 691 5302 In
713 5241 844 5304 nomine
868 5239 920 5303 dei
943 5251 975 5304 et
998 5239 1120 5304 demini
1144 5243 1245 5305 nostri
1262 5241 1343 5307 Jesu
1359 5241 1490 5305 Christi.
1529 5238 1607 5304 Otto
1632 5239 1742 5304 divina
1763 5239 1895 5304 favente
1919 5240 2109 5313 clementia
2128 5268 2164 5315 40

433 5362 502 5403 rex.
592 5341 755 5429 Quicquid
778 5343 822 5407 ad
843 5342 919 5407 loca
943 5355 1129 5408 sanctorum
1153 5345 1337 5431 compendii
1361 5345 1509 5410 conferre
1533 5346 1764 5426 curaverimus
1789 5343 1887 5409 deum
1910 5347 2015 5413 nobis
2043 5374 2108 5438 pre

431 5442 493 5508 hec
516 5459 792 5513 remuneratorem
814 5472 888 5535 pro·
910 5445 924 5528 ξί
946 5451 1061 5514 mereri
1090 5449 1294 5514 confidimus.
1340 5450 1383 5513 Et
1411 5449 1485 5513 ideo
1515 5449 1627 5513 fideles
1655 5459 1784 5513 nestros
1815 5449 1900 5513 seire
1931 5452 2110 5542 volumus,

433 5545 522 5631 quod
550 5549 744 5614 venerabilis
772 5555 945 5637 episeopus
968 5551 1090 5630 Vualto
1114 5553 1272 5617 ecclesiae
1296 5551 1461 5616 Curiensis
1485 5556 1668 5617 interventu
1690 5553 1886 5617 Herimanni
1910 5555 2112 5628 honorandi

535 5719 577 5774 25.
607 5719 713 5792 [Sickel]
819 5725 846 5788 a)
864 5741 984 5777 ccessum
1002 5726 1067 5777 oliae
1084 5725 1361 5792 Ablnlmaqmiclaeen.
