4560 6436
846 418 971 476 erro
994 420 1017 475 1.
1042 415 1234 475 oss-973.
1354 379 1356 382 ⁵
1801 415 1866 480 595

320 602 495 662 errtstuadcu
516 604 590 673 seta,
613 603 658 662 als
682 603 730 662 dte
751 602 945 674 Erebisctrdfc
968 623 1023 662 oca
1047 606 1133 664 Tm'er
1155 606 1203 664 die
1226 603 1313 664 Atra
1335 607 1384 664 dcs
1407 606 1434 663 b.
1453 605 1606 666 Servatias
1628 625 1668 664 aa
1686 607 1866 668 Mccstricht

321 707 427 765 wtater
447 723 489 765 au
510 706 572 764 sict
593 725 634 765 zu
657 708 780 781 brimeu
802 708 866 766 aad
887 726 927 766 zu
949 708 1015 766 dem
1041 709 1157 768 berete
1178 709 1246 768 ΒΟ.
1263 713 1328 770 322
1348 727 1389 768 aa
1411 710 1579 781 cntkrdftea
1600 711 1728 770 stretton.

425 894 463 957 In
496 894 626 957 nomine
662 902 773 958 sancte
808 903 840 958 et
873 894 1038 960 individue
1072 897 1238 961 trinitatis.
1285 895 1364 961 Otto
1394 897 1506 962 divina
1535 898 1666 962 favente
1695 896 1866 964 clementia

219 1023 288 1065 rex.
381 999 562 1063 Pravorum
584 1007 722 1082 cogente
744 999 910 1062 iniusticia
933 1023 954 1064 a
976 998 1026 1063 dei
1051 1001 1212 1065 timoratis
1237 1009 1390 1085 operatur
1411 1002 1555 1083 iusticia,
1584 1010 1616 1065 et
1639 1002 1723 1066 sicut
1745 1023 1866 1087 pravus

185 1123 201 1170 5
219 1107 252 1169 in
275 1105 438 1170 iniusticia
456 1105 603 1191 nequior,
628 1104 675 1167 sie
689 1104 794 1168 iustus
811 1111 1010 1186 cooperante
1026 1101 1088 1166 sibi
1104 1104 1234 1167 iusticia
1249 1102 1286 1166 fit
1300 1104 1423 1168 iustior.
1460 1095 1669 1188 Quapropter
1687 1115 1867 1189 cognoscat

220 1209 416 1292 presentium
440 1217 472 1271 et
493 1203 675 1271 futurorum
699 1205 751 1270 dei
773 1205 916 1270 fidelium
940 1205 1109 1284 industria,
1135 1205 1222 1290 quod
1245 1206 1401 1290 petitione
1417 1204 1613 1270 Rothberti⁵
1635 1201 1867 1292 archipresulis

219 1311 429 1376 Treuerensis
452 1309 590 1375 ecclesie
613 1331 787 1393 germanus
805 1318 917 1373 noster
931 1307 1047 1372 Brunb
1071 1319 1103 1372 et
1119 1309 1327 1372 Hermannus
1344 1330 1454 1372 comes
1477 1307 1635 1374 adeuntes
1659 1313 1866 1375 serenitatem

219 1425 365 1480 nostram
387 1413 555 1500 deprecati
578 1422 663 1492 sunt,
686 1423 721 1478 ut
744 1413 912 1478 abbatiam
933 1421 1044 1476 sancte
1060 1411 1163 1475 Maria
1182 1434 1244 1497 que
1261 1414 1512 1495 cognominatur
1527 1410 1640 1496 Orrea‚
1664 1415 1760 1478 sitam
1783 1415 1867 1479 iufra

214 1519 456 1583 Treuerensem
484 1515 598 1582 urbem
626 1527 739 1580 nostra
767 1515 944 1600 largicione
975 1515 1227 1580 concederemus
1259 1515 1365 1580 eidem
1394 1514 1566 1600 principali
1596 1515 1733 1582 ecclesie
1763 1519 1867 1583 sancti

169 1638 201 1685 10
219 1623 306 1686 Petri
323 1621 517 1686 Treuerensi
534 1619 575 1686 ob
593 1643 737 1685 amorem
761 1622 864 1684 sancti
887 1619 973 1683 Petri
996 1629 1029 1684 et
1050 1618 1241 1684 fidelitatem
1265 1618 1410 1684 eiusdem
1433 1619 1671 1705 archiepiscopi
1686 1619 1834 1686 Rotberti
1847 1631 1867 1702 ⁰,

220 1725 457 1790 subinferentes
486 1723 573 1810 quod
601 1726 772 1788 retroactis
799 1723 1002 1809 temporibus
1025 1724 1199 1789 subiacens
1224 1733 1311 1788 esset
1333 1720 1438 1787 eidem
1461 1723 1653 1788 Treuerensi
1677 1723 1813 1789 ecclesie
1837 1736 1869 1789 et

218 1830 281 1894 hoc
312 1831 441 1914 scriptis
471 1837 504 1892 et
534 1827 834 1892 confirmationibus
867 1839 1112 1894 antecessorum
1143 1839 1326 1893 nostrorum
1356 1849 1469 1912 regum
1498 1827 1715 1912 comprobari.
1764 1830 1869 1914 Igitur

218 1936 312 1998 iustis
335 1930 551 2018 peticionibus
575 1953 686 1995 eorum
711 1933 957 2017 acquiescentes
980 1943 1094 1996 nostra
1119 1932 1330 1997 concedimus
1353 1931 1541 2016 largicione,
1566 1933 1644 2018 quin
1666 1933 1775 2017 potius
1797 1933 1869 1998 red·

219 2037 326 2102 dimus
349 2035 518 2101 abbatiam
547 2045 660 2100 sancte
686 2035 790 2100 Marie
818 2037 851 2100 iu
877 2035 980 2102 Orreo
1011 2046 1124 2102 sancto
1154 2037 1250 2100 Petro
1280 2035 1323 2100 ad
1352 2035 1666 2121 archiepiscopalem
1696 2036 1869 2103 ecclesiam

171 2153 202 2200 15
220 2143 355 2206 Treuire
378 2148 537 2226 perpetua
560 2139 708 2222 dacione,
732 2151 767 2205 ut
789 2163 864 2207 cum
887 2142 1037 2207 omnibus
1061 2142 1265 2228 appendiciis
1288 2144 1407 2227 iugiter
1426 2164 1465 2205 ac
1485 2141 1716 2227 perpetualiter
1731 2145 1777 2208 eis
1794 2143 1867 2208 sub-

220 2244 325 2310 datur.
370 2244 413 2307 Et
440 2253 477 2308 ut
503 2242 611 2308 nullus
641 2265 867 2310 successorum
896 2257 1082 2311 nostrorum
1109 2269 1222 2331 regum
1252 2245 1372 2310 audeat
1394 2245 1446 2310 vel
1475 2248 1581 2331 possit
1607 2248 1783 2332 infringere
1805 2247 1868 2312 hoc

219 2357 409 2435 preceptum
430 2346 612 2431 largitionis
635 2357 756 2429 nostre,
780 2347 878 2431 sigilli
901 2351 1004 2414 nostri
1029 2351 1243 2434 impressione
1266 2347 1415 2433 insigniri
1436 2351 1600 2432 iussimus,
1623 2359 1659 2414 ut
1681 2372 1739 2434 per
1758 2372 1868 2417 succe·

220 2452 330 2517 dentia
352 2461 501 2536 tempora
523 2451 752 2516 inconvulsum
775 2462 907 2517 maneat
928 2475 987 2538 per
1010 2453 1129 2518 secula.

323 2590 460 2674 Signum
483 2587 613 2654 Ottonis
637 2591 833 2654 serenissimi
856 2593 953 2675 regis.

168 2702 202 2751 20
323 2691 438 2758 Bumb
461 2691 676 2758 cancellarius
699 2692 850 2758 advicem
872 2693 1020 2758 Rotberti
1044 2692 1322 2777 archicappellani
1345 2692 1531 2776 recognovi.

999 2934 1086 3008 rm.

956 3090 1136 3169 (Uuectt.)

229 3229 309 3306 Otto
336 3229 477 3304 scherrlct
503 3230 573 3302 deu
599 3228 832 3305 Conouitern
859 3229 924 3301 der
950 3225 1167 3326 Salzburpcr
1188 3227 1321 3301 Kircbc
1348 3227 1418 3302 deu
1445 3227 1514 3304 Ort
1538 3227 1782 3304 Grabcastd'dt
1807 3231 1872 3302 mit

221 3353 325 3425 attam
353 3351 528 3424 labetur.
1500 3369 1584 3428 Rotr
1606 3371 1668 3430 959
1692 3369 1772 3428 Juut
1795 3374 1824 3429 8.

168 3593 202 3641 25
325 3579 466 3640 Urkuude
487 3595 543 3637 aus
566 3578 632 3636 dem
654 3577 741 3638 unde
758 3549 813 3636 xdes
837 3582 887 3637 11.
905 3576 958 3636 Ji.
982 3579 1016 3635 iu
1037 3575 1242 3649 Diptomsorm
1264 3578 1305 3633 tra
1327 3577 1355 3636 lc.
1371 3577 1399 3634 t.
1418 3577 1456 3634 H.
1474 3577 1514 3636 Η.
1534 3575 1597 3634 aad
1613 3575 1816 3636 Stuatsarclriv
1829 3593 1871 3638 aa

328 3684 415 3742 Wieu
437 3680 498 3759 (A).
1515 3680 1524 3692 '

322 3819 524 3898 (Kleimaym)
547 3772 688 3889 issara,
712 3819 788 3879 Anu.
813 3822 878 3879 182
898 3825 932 3876 a⁰
955 3821 996 3879 68
1019 3837 1075 3878 aus
1098 3819 1127 3877 B
1147 3843 1185 3872 z
1207 3818 1462 3893 Obertayerisctres
1485 3816 1595 3876 Archia
1616 3820 1669 3887 27,
1693 3820 1731 3877 61
1756 3817 1870 3877 unsuit-

321 3925 449 3998 stctndiq.
473 3959 516 3967 -
539 3924 669 3983 Bdlrmer
689 3925 761 3997 Rea.
785 3928 860 3986 228.
883 3956 927 3967 -
949 3924 1080 3997 Sturapf
1097 3926 1168 3998 aeq.
1191 3925 1264 3984 264.

322 4065 369 4120 Im
389 4063 513 4122 Gratata
535 4065 599 4120 eine
614 4063 819 4136 &luciterum
841 4080 896 4121 aon
918 4061 986 4122 Do.
1005 4066 1076 4133 202,
1101 4063 1217 4121 aoclclres
1232 4064 1311 4120 uicit
1327 4062 1417 4120 alteia
1432 4062 1477 4119 als
1493 4061 1719 4132 Dictutrortapc,
1743 4060 1871 4118 scudem

323 4165 398 4224 uacet
421 4165 465 4223 uls
489 4165 722 4224 Schrcibmuster
744 4165 799 4236 fiir
821 4167 875 4224 das
898 4165 1084 4225 Eschctotott
1109 4165 1226 4237 perticat
1255 4167 1315 4236 tuot,
1346 4166 1486 4224 rodtread
1513 4165 1561 4222 dic
1588 4163 1700 4234 schrift
1723 4165 1771 4223 stes
1796 4162 1870 4223 Gon·

325 4273 414 4328 testes
430 4269 609 4342 Barutsaup
632 4271 709 4326 eiacs
732 4268 771 4327 D.
796 4270 849 4327 der
864 4269 960 4328 Solia·
981 4270 1108 4327 verrrrtu.
1143 4266 1254 4326 Autuss
1270 4288 1310 4326 err
1325 4269 1378 4326 der
1392 4268 1564 4340 Priscae-up
1578 4269 1688 4326 salvetat
1703 4268 1750 4326 dte
1766 4268 1870 4328 Scaen-

323 4373 403 4445 lumy
426 4372 569 4430 Heinrich
588 4381 643 4430 111.
674 4389 715 4429 aa
743 4372 798 4429 cleu
827 4372 1007 4443 Erebischof
1031 4389 1087 4431 ron
1114 4371 1259 4444 Solebarp
1287 4374 1329 4428 im
1359 4371 1391 4430 J.
1408 4374 1493 4430 1048
1518 4370 1658 4448 (Stuarpf
1677 4371 1746 4446 Rep.
1770 4371 1868 4448 2347)

321 4480 447 4552 papaten
469 4496 508 4536 ru
531 4477 632 4536 trabea.

326 4683 385 4762 (C.)
408 4681 422 4764 ξ
444 4682 483 4745 In
506 4681 636 4746 nominc
660 4688 795 4746 sanctae
819 4687 851 4744 et
872 4677 1060 4744 individuae
1083 4679 1248 4743 trinitatis.
1294 4676 1372 4743 Otto
1401 4677 1511 4743 divina
1539 4679 1670 4745 favente
1698 4679 1872 4743 clementia

171 4805 203 4851 35
221 4811 290 4853 rex.
313 4791 326 4872 ξ
412 4786 619 4852 Profirturum
643 4785 737 4849 nobis
760 4782 985 4849 indubitanter
1007 4782 1180 4865 credimus,
1205 4785 1231 4846 si
1255 4781 1474 4847 sustentandis
1491 4781 1645 4848 fratribus
1662 4806 1735 4848 cum
1751 4783 1872 4849 nostris

222 4892 316 4956 bonis
346 4891 389 4955 ad
419 4891 627 4956 serviendum
657 4889 717 4954 deo
748 4890 975 4974 profuerimus.
1020 4885 1161 4951 Proinde
1185 4907 1275 4952 notum
1300 4903 1334 4950 sit
1357 4902 1479 4951 omnibus
1502 4884 1624 4951 Christi
1653 4901 1775 4953 fidelibus
1798 4919 1871 4968 prae-

222 5012 341 5060 sentibus
371 5013 470 5061 scilicet
500 5007 598 5082 atque
628 4995 760 5077 futuris,
791 5009 904 5074 qualiter
927 5025 975 5058 nos
998 5008 1032 5058 ob
1059 5021 1174 5056 arncrem
1204 5006 1245 5056 dei
1275 5004 1463 5068 omnipotentis
1492 4998 1524 5053 el
1555 4988 1596 5053 Ob
1627 5011 1717 5075 spem
1745 4991 1870 5074 interiit}

223 5097 337 5163 salutis
360 5129 407 5178 per
430 5116 607 5164 interventum
627 5114 757 5162 Fridarici
781 5113 939 5162 Ivuauensis
962 5111 1073 5178 ecclesie
1097 5111 1288 5175 archiepiscopi
1311 5115 1371 5157 11θο
1394 5115 1458 5158 non
1484 5093 1525 5158 ob
1550 5093 1738 5179 petitionem
1760 5094 1870 5157 fratris

223 5204 291 5266 eius
315 5204 444 5266 comitis
468 5202 641 5288 Sigahardi
665 5213 763 5289 atque
787 5203 925 5267 aliorum
949 5211 1135 5266 nostrorum
1156 5198 1318 5280 fidelium,
1349 5195 1476 5262 scilicet
1498 5199 1653 5262 comitum
1675 5195 1872 5261 Uuarmunti

171 5320 205 5368 40
224 5315 256 5370 ei
271 5304 455 5386 Harluuici,
479 5322 675 5371 luuauensibus
699 5324 833 5372 canonicis
857 5324 883 5371 in
907 5321 1042 5387 praedicta
1065 5321 1130 5370 urbe
1154 5317 1257 5368 Ivutlua
1280 5317 1329 5366 deo
1354 5321 1498 5382 sanctoque
1520 5301 1615 5366 Petro
1635 5301 1774 5386 principi
1793 5323 1871 5386 apo·

225 5409 382 5475 stolorum
405 5419 437 5473 et
459 5421 573 5475 sancto
597 5426 750 5477 Ruodberro
774 5411 826 5476 die
850 5421 1014 5496 noctuque
1037 5423 1214 5475 sernentibus
1244 5406 1407 5494 quendam
1435 5408 1539 5471 nostri
1568 5407 1645 5471 iuris
1673 5405 1783 5472 locum
1806 5423 1871 5474 Gra-

223 5532 346 5584 bsnastat
368 5515 548 5580 vocitatum
570 5517 603 5579 in
625 5517 791 5602 proprium
815 5517 865 5581 ius
887 5514 1048 5580 tradendo
1072 5513 1268 5579 donavimus
1290 5529 1318 5577 in
1333 5542 1403 5594 pago
1419 5527 1625 5578 Chiemiehouuc
1647 5527 1675 5576 in
1698 5527 1870 5578 consuebas

309 5703 367 5758 llll.
396 5703 605 5772 [Folia-Uhlirz]
710 5707 735 5768 a)
751 5705 924 5758 Rodbsrtil)
1027 5705 1054 5768 b)
1072 5699 1188 5753 Bri'mO
1288 5705 1311 5766 c)
1329 5703 1469 5754 Rothberti
1487 5702 1522 5753 D.

1606 5805 1666 5870 'lb'
