4560 6420
908 425 1033 483 ΟΤΤΟ
1056 427 1079 483 1.
1104 423 1176 483 953.
1800 417 1862 486 251

320 612 384 669 nise
403 627 574 684 ycaoouuea
596 611 656 680 tart,
679 611 833 670 semotius
856 612 950 684 eiu-im
972 610 1037 667 dein
1059 610 1098 670 D.
1115 611 1231 670 Latiar
1248 621 1289 671 11.
1313 611 1442 670 Bdbmer
1455 613 1528 685 Ray.
1545 613 1620 670 Kar.
1638 616 1698 673 771
1724 613 1867 672 mtkhntc

320 712 513 786 Ausdrr‘tcke5
542 715 699 788 meschec
719 733 776 773 voa
797 714 898 773 diesen
919 715 1078 787 conparat
1101 715 1172 774 alles
1195 715 1259 773 dm
1281 715 1340 775 Stil
1362 715 1412 774 des
1435 715 1502 774 LA.
1547 716 1637 775 Diese
1660 716 1867 775 Kamacicbea

320 819 373 876 der
390 816 582 890 Odyiaolitdt
603 818 687 876 etthlc
708 819 754 877 ich
775 817 891 876 deshulb
914 816 1104 888 uscsfsthrlteh
1124 817 1191 889 aas,
1216 819 1280 878 weil
1301 819 1460 880 Dummler
1481 820 1588 880 tauro.
1612 820 1645 880 0.
1666 830 1692 880 1.
1715 823 1780 881 220
1803 820 1867 878 aa

319 919 500 979 arescerent
526 919 627 978 earu.
652 920 680 980 d.
705 921 872 980 Kaiseraeit
896 921 937 1000 (5.
954 919 1049 1000 Aust.)
1076 925 1104 993 1,
1128 925 1192 984 828
1221 925 1283 982 sich
1311 942 1343 983 so
1372 927 1518 984 bestimmt
1545 943 1636 999 pepon
1662 924 1709 984 dic
1731 925 1867 984 Eshtheit

318 1023 414 1082 dieser
433 1024 575 1083 Urkuade
597 1024 828 1097 ausqcsprocheo
843 1025 945 1095 huben,
969 1025 1130 1084 waleheim
1152 1027 1364 1101 Wdersprach
1378 1032 1432 1088 mit
1447 1029 1525 1088 allen
1539 1030 1655 1087 andem
1668 1030 1867 1089 Nachrichtca

319 1128 376 1184 dea
397 1128 514 1200 Herzog
537 1127 662 1185 Koarod
689 1127 734 1187 als
764 1127 858 1187 fidelis
885 1127 941 1186 dux
969 1128 1034 1186 aad
1062 1130 1106 1188 als
1136 1131 1371 1189 Interoeaienteu
1398 1134 1440 1190 im
1467 1133 1500 1191 J.
1525 1135 1588 1192 953
1616 1131 1769 1204 auffslhrt.
1815 1133 1867 1192 Ich

319 1232 431 1290 kmnmc
452 1235 540 1288 anter
561 1230 629 1290 DO.
654 1235 717 1291 179
740 1231 803 1303 aas
821 1231 921 1292 diesen
942 1233 1043 1290 Punici
1065 1234 1188 1290 caritot.

324 1401 382 1481 (0.)
406 1399 420 1480 ᾖ
441 1399 480 1463 In
502 1401 633 1464 nomine
656 1408 789 1464 sanctae
812 1410 843 1464 et
864 1399 1053 1465 individuae
1074 1402 1237 1466 trinitatis.
1273 1401 1351 1467 Otto
1376 1402 1486 1467 divina
1508 1414 1670 1470 annuente
1693 1404 1866 1470 clementia

217 1525 286 1567 rex.
362 1503 495 1567 ·Notum
517 1502 758 1568 essevolumus
783 1504 927 1567 omnium
949 1513 1134 1568 nostrorum
1153 1507 1372 1589 praesentium
1389 1506 1514 1571 scilicet
1529 1518 1562 1574 ct
1576 1509 1758 1574 futurorum
1773 1507 1866 1572 indu-

168 1609 327 1689 lustriae,
351 1605 439 1692 quod
460 1627 522 1670 nos
544 1608 597 1691 pic
615 1615 648 1670 et
666 1604 839 1671 salubriter
856 1605 896 1670 de
911 1609 1014 1671 nostri
1030 1616 1117 1671 statu
1131 1611 1221 1692 regni
1238 1619 1322 1672 trac·
1343 1607 1357 1689 l
1379 1610 1479 1675 tando
1497 1622 1612 1676 sancta
1626 1611 1701 1676 loca
1719 1610 1761 1676 ab
1778 1621 1866 1676 ante·

217 1709 405 1784 censoribus
427 1712 557 1792 nostris,
581 1709 735 1775 videlicet
756 1709 898 1794 regibus,
921 1710 974 1774 vel
991 1710 1065 1774 aliis
1088 1710 1237 1776 fidelibus
1260 1713 1294 1776 in
1315 1712 1439 1778 honore
1459 1713 1510 1777 dei
1534 1724 1723 1779 constructa
1744 1716 1866 1780 nostris

217 1815 317 1879 etiam
339 1813 519 1899 privilegiis
547 1812 649 1896 regali
676 1835 767 1877 more
794 1812 950 1878 roborare
979 1813 1191 1879 decrevimus.
1238 1815 1303 1881 Sed
1330 1816 1526 1881 venerabilis
1556 1818 1750 1882 Treuericae
1780 1817 1866 1884 sedis

217 1917 484 2002 archiepiscopus
500 1915 677 1982 Rotbertus
693 1917 876 2002 aliquorum
894 1940 976 2003 quos
991 1919 1037 1982 rei
1053 1919 1172 1983 veritas
1188 1918 1321 2002 latebat,
1345 1919 1535 1985 adhortatus
1552 1923 1707 1987 instinctu
1721 1930 1867 1986 nostram

217 2043 314 2106 super
335 2021 433 2085 loca·
461 2020 514 2086 vel
537 2019 671 2085 abbatia
699 2021 803 2086 sancti
832 2023 1030 2086 confessoris
1059 2019 1179 2088 Christi
1202 2024 1375 2089 Maximini
1409 2024 1489 2089 adiit
1522 2025 1743 2109 regalitatem,
1779 2025 1865 2090 hanc

168 2137 199 2183 15
219 2126 336 2190 iniuste
359 2124 421 2190 sibi
437 2123 490 2188 vel
513 2124 650 2190 eclesiae
669 2147 747 2188 snae
762 2123 910 2189 ablatam
930 2126 1032 2191 fuisse
1056 2137 1263 2213 conquestus.
1296 2127 1365 2192 Nos
1381 2136 1501 2210 tamen,
1523 2127 1617 2193 lectis
1633 2130 1866 2214 inpraesentia

215 2239 327 2295 nostra
349 2227 558 2314 eiusdemque
581 2227 820 2314 archiepiscopi
835 2228 1006 2296 Ruotberti
1030 2230 1083 2294 vel
1104 2229 1244 2295 aliorum
1259 2230 1405 2294 fidelium
1422 2239 1608 2295 nostrorum
1632 2253 1729 2316 super
1751 2231 1866 2297 eodem

214 2333 289 2399 loco
312 2331 578 2418 praecedentium
599 2353 713 2416 regum
736 2331 915 2417 privilegiis
938 2342 970 2397 et
993 2332 1142 2416 decretis,
1177 2357 1252 2399 eum
1274 2333 1316 2399 ab
1340 2335 1575 2421 antiquissimis
1598 2327 1800 2419 temporibus
1823 2335 1867 2399 ad

215 2461 298 2524 opus
321 2435 556 2503 monachorum
579 2444 801 2500 constructum
831 2435 911 2500 nulli
941 2435 996 2500 alii
1020 2435 1157 2500 eclesiae
1179 2437 1233 2502 vel
1263 2436 1332 2500 sedi
1355 2437 1570 2523 appendicem
1593 2449 1650 2503 aut
1673 2437 1864 2520 subiectum,

216 2542 274 2607 sed
296 2564 423 2627 semper
445 2541 506 2607 sub
529 2540 617 2624 regie
640 2541 785 2604 tuitionis
809 2539 914 2625 clipeo
946 2550 978 2602 ct
1000 2550 1161 2624 potestate
1184 2542 1402 2626 permansisse
1435 2543 1618 2605 certissima
1646 2543 1772 2605 ratione
1794 2563 1865 2627 rep-

164 2656 198 2702 20
216 2646 368 2730 perimus.
391 2643 520 2708 Idcirco
543 2645 726 2707 interventu
749 2652 781 2706 et
802 2652 921 2726 rogatu
936 2645 1081 2727 germani
1097 2646 1199 2708 nostri
1218 2643 1456 2729 archiepiscopi
1472 2645 1636 2709 Brunonis
1653 2655 1685 2707 et
1699 2642 1865 2709 Ouonradi

217 2747 320 2830 ducis,
344 2746 457 2812 nevel
480 2746 595 2812 eadem
611 2746 781 2832 privilegia
803 2745 926 2812 talibus
948 2745 1106 2831 praedicti
1129 2746 1367 2831 archiepiscopi
1385 2746 1554 2813 Ruotberti
1577 2748 1865 2815 reclamationibus

216 2859 273 2914 ant
296 2849 435 2934 querelis
457 2849 697 2914 infirmarentur
725 2850 777 2914 vel
807 2848 912 2914 abbas
942 2859 999 2913 aut
1026 2849 1179 2914 monachi
1209 2849 1330 2914 ibidem
1358 2850 1419 2917 deo
1444 2852 1620 2916 servientes
1644 2851 1701 2916 tali
1731 2851 1866 2917 ulterius

215 2952 424 3017 infestatione
446 2954 745 3038 comprimerentur,
769 2954 856 3019 idem
879 2952 1075 3018 coenobium
1097 2975 1173 3018 cum
1194 2953 1332 3019 abbatia
1361 2954 1420 3021 sub
1444 2966 1558 3021 nostra
1581 2955 1813 3041 perpetualiter
1834 2965 1866 3020 et

219 3056 363 3120 omnium
379 3054 623 3120 succedentium
638 3078 752 3140 regum
768 3055 957 3121 defensione
980 3065 1011 3119 et
1026 3065 1188 3141 potestate
1206 3079 1454 3142 permansurum
1468 3057 1618 3123 volumus
1634 3068 1666 3123 et
1682 3059 1865 3143 praenotati

166 3167 199 3214 2⁵
218 3159 364 3243 episcopi
386 3157 439 3222 vel
463 3179 690 3224 successorum
713 3181 845 3224 suorum
879 3161 1107 3245 episcoporum
1142 3162 1325 3226 occasionis
1358 3163 1476 3245 iniuste
1511 3184 1609 3247 super
1642 3161 1757 3228 eodem
1790 3161 1864 3226 loco

216 3261 364 3347 querelas
380 3263 546 3347 praecepti
569 3263 673 3326 nostri
696 3265 892 3326 auctoritate
908 3262 1123 3328 excludimus.
1146 3262 1285 3348 Insuper
1299 3264 1494 3329 venerabilis
1511 3265 1656 3330 eiusdem
1678 3266 1744 3331 loci
1760 3266 1864 3332 abbas

215 3363 378 3430 Uuillerus
400 3367 434 3428 in
456 3366 641 3450 praesentia
664 3366 902 3449 praenominati
925 3364 1119 3429 Treuericae
1142 3366 1229 3431 sedis
1251 3366 1489 3452 archiepiscopi
1512 3377 1562 3432 est
1584 3379 1796 3455 conquestus,
1831 3373 1865 3434 in

215 3468 392 3533 Treuerica
405 3467 491 3532 valle
513 3467 633 3533 multas
657 3466 699 3531 ab
724 3490 762 3533 eo
787 3470 919 3554 suisque
943 3471 1057 3533 suiset
1080 3469 1142 3535 sibi
1166 3471 1451 3537 incommoditates
1474 3473 1577 3557 ingeri
1601 3475 1809 3559 maximeque
1830 3477 1864 3538 in

215 3574 397 3657 piscatione
420 3584 453 3637 et
474 3595 582 3638 venna
605 3571 747 3657 quadam
769 3575 804 3636 in
826 3574 956 3639 Ruuera
978 3572 1077 3639 fluvio
1102 3584 1305 3659 constructa,
1334 3575 1423 3640 fideli
1446 3585 1557 3642 nostro
1581 3576 1664 3641 duce
1688 3575 1863 3642 Ouonrado

164 3688 197 3736 30
215 3676 397 3742 affirmante
421 3679 657 3764 querimoniam
679 3676 810 3742 abbatis
832 3680 953 3744 iustam
975 3700 1058 3743 esse.
1102 3678 1206 3762 Igitur
1227 3681 1389 3764 praesenti
1412 3680 1660 3767 archiepiscopo
1682 3680 1863 3747 Ruotberto

213 3778 440 3844 interdiximus
463 3779 682 3868 deincepsque
706 3781 856 3847 volumus
880 3793 977 3869 atque
999 3785 1195 3848 auctoritate
1216 3783 1318 3867 regali
1340 3783 1505 3866 iubemus,
1527 3806 1569 3848 ne
1592 3784 1644 3848 vel
1667 3785 1737 3870 ipse
1761 3784 1864 3850 archi·

214 3884 386 3969 episcopus
419 3883 618 3949 Ruotbertus
652 3885 703 3950 vel
738 3908 943 3950 successores
977 3889 1046 3952 eius
1086 3888 1232 3973 episcopi
1267 3887 1391 3973 aliquid
1426 3886 1705 3952 incommoditatis
1741 3887 1793 3952 vel
1830 3889 1865 3953 in

214 3991 394 4073 piscatione
417 3989 563 4054 eiusdem
584 3991 675 4055 fluvii
698 3991 751 4056 vel
773 3993 807 4055 in
828 4013 936 4056 venna
958 3993 992 4056 in
1008 4015 1046 4058 eo
1070 4000 1259 4058 constructa
1280 3991 1334 4055 vel
1356 3993 1389 4056 in
1412 3992 1521 4079 aliquo
1544 3993 1676 4076 negotio
1695 3991 1862 4078 praedicto

216 4091 327 4157 abbati
350 4093 595 4181 coenobitisque
610 4095 802 4180 postfuturis
826 4097 984 4179 ingerant.
1008 4097 1052 4161 Et
1073 4106 1110 4161 ut
1124 4117 1280 4181 praesens
1302 4094 1480 4178 regalitatis
1503 4103 1635 4159 nostrae
1651 4103 1864 4179 praeceptum

164 4206 197 4255 36
214 4197 247 4261 in
270 4197 455 4281 postfutura
479 4197 610 4262 saecula
631 4198 736 4265 fixum
757 4209 790 4262 et
812 4198 930 4264 stabile
952 4209 1158 4285 permaneat,
1192 4220 1291 4264 manu
1314 4199 1447 4282 propria
1471 4196 1585 4263 subtus
1607 4197 1808 4262 firmavimus
1831 4205 1864 4260 et

214 4298 303 4364 anuli
325 4300 427 4364 nostri
449 4301 664 4384 impressione
687 4302 805 4365 muniri
826 4302 991 4367 iussimus.

315 4427 329 4510 l
352 4429 488 4513 Signum
511 4428 620 4495 domni
645 4429 775 4495 Ottonis
798 4431 1003 4494 invictissimi
1026 4430 1090 4511 (M.)
1113 4431 1209 4514 regis.
1232 4434 1246 4515 ᾖ

315 4531 329 4613 ξ
351 4531 525 4598 Liudolfus
541 4533 756 4598 cancellarius
773 4533 921 4598 advicem
939 4533 1104 4598 Brunonis
1120 4532 1374 4618 archicapellani
1396 4536 1582 4619 recognovi.
1598 4538 1613 4619 l
1628 4539 1684 4611 (SI.
1705 4538 1744 4610 l.)
1781 4534 1864 4614 (SR.)

316 4661 405 4728 Data
421 4679 496 4726 x111.
513 4662 579 4728 lcal.
597 4675 677 4749 sept.
701 4683 787 4727 anno
804 4664 1039 4727 incarnationis
1056 4662 1179 4727 domini
1197 4678 1381 4743 nccccum,
1404 4661 1581 4726 indictione
1597 4679 1658 4744 vn,
1682 4684 1768 4726 anno
1784 4683 1861 4726 vero

163 4780 198 4828 so
214 4766 305 4848 regni
329 4765 440 4831 domni
460 4765 592 4831 Ottonis
608 4767 695 4851 regis
718 4782 824 4848 xvm;
847 4774 957 4830 actum
978 4766 1188 4851 Mogontiae3
1211 4768 1244 4830 in
1268 4765 1319 4830 dei
1342 4766 1473 4830 nomine
1494 4763 1632 4829 feliciter
1654 4786 1760 4830 amen.

997 4970 1082 5046 170.

223 5105 303 5183 Ouo
333 5108 493 5205 bestdtipt
520 5108 600 5181 dam
629 5109 848 5208 Erebischof
869 5109 1010 5183 Herold
1037 5134 1109 5182 oon
1137 5107 1315 5208 Solzbury
1345 5109 1416 5182 dea
1436 5108 1555 5182 Bata
1581 5109 1646 5182 der
1669 5109 1864 5182 deaesclbcu

213 5253 294 5300 vom
312 5227 446 5324 Popstc
458 5229 598 5327 Apapit
611 5255 724 5330 pepon
739 5229 908 5327 Znhluoq
926 5231 1020 5302 eines
1037 5230 1161 5302 Zc'usas
1178 5255 1224 5302 zu
1240 5229 1362 5328 Eiqcu
1379 5230 1640 5330 ebertruqeueo
1659 5227 1744 5306 Orto
1762 5229 1862 5302 Wan-

214 5347 355 5447 bdrinq,
379 5347 672 5448 Audiescabofen
693 5348 774 5422 aad
797 5349 1033 5424 Woltenbaco.
1295 5385 1477 5460 Auamma
1499 5391 1563 5450 953
1584 5389 1747 5450 November
1766 5391 1819 5449 29,

163 5572 196 5620 sa
322 5555 570 5630 Oripiaoldsplom
591 5559 634 5615 im
655 5559 682 5616 Ic.
706 5560 733 5617 k.
758 5559 798 5619 Η.
822 5560 861 5619 Η.
885 5559 949 5620 arrd
971 5559 1176 5621 Stootaarcbiv
1195 5577 1237 5618 aa
1258 5559 1345 5620 Μαι
1369 5559 1380 5639 (
1408 5557 1429 5638 ).

304 5704 360 5759 100.
389 5703 499 5774 [sichel]
601 5711 628 5771 ι)
648 5706 679 5759 Δ.
