4560 6426
885 432 1078 490 KONRAD
1101 434 1125 488 Ι.
1150 429 1222 487 913.

1030 614 1091 689 15.

228 769 388 846 Koorcd
410 771 570 871 bestdtr'pt
591 771 670 845 dem
691 770 834 845 Klester
855 768 1026 868 Herp‘eld
1047 769 1105 842 die
1127 749 1350 842 Irnmoriitc'it.
1412 807 1606 866 messaara
1625 807 1768 866 prem„
1783 810 1833 867 13,

333 980 592 1056 Oricinnldiplom
614 982 658 1040 im
680 981 709 1043 lc.
732 979 944 1039 Staatsarebiv
965 997 1005 1038 aa
1029 978 1184 1052 Marburq
1208 977 1273 1057 (A).
1342 1035 1345 1040 ,

328 1118 505 1179 Schmiaclre
531 1118 759 1191 Bescbrer'taaq
785 1135 844 1176 vert
872 1115 993 1187 Caesel,
1032 1116 1120 1191 Beyl.
1148 1120 1167 1176 1
1194 1123 1230 1175 πθ
1253 1121 1271 1176 1
1302 1135 1361 1178 cus
1388 1117 1415 1176 A
1439 1139 1480 1170 =
1504 1117 1635 1176 Bo'hmcr
1657 1117 1696 1178 A.
1722 1119 1813 1180 Gerr.
1837 1122 1878 1179 18

191 1235 208 1283 ὁ
327 1229 362 1282 a⁰
377 1225 428 1282 14.
452 1257 494 1266 --
516 1222 648 1281 Bdhmer
671 1223 749 1296 Rey.
774 1223 852 1296 Imp.
877 1225 929 1296 13,
952 1224 1028 1300 Rep.
1052 1223 1130 1283 Kar.
1155 1223 1248 1280 1245.

335 1361 536 1422 Gescbrieben
558 1378 617 1420 von
639 1361 697 1422 SB.
721 1361 801 1420 acob
825 1360 955 1435 Concept
976 1378 1035 1420 voa
1056 1356 1119 1421 sn:

1006 1469 1021 1506 0

330 1548 389 1629 (C.)
412 1547 426 1632 ᾖ
447 1549 486 1613 In
508 1548 639 1613 nomine
662 1557 796 1613 sanctae
819 1558 851 1612 et
873 1547 1061 1613 individuae
1084 1547 1248 1612 trinitatis,
1272 1544 1512 1612 Choonradus⁸
1532 1547 1644 1612 divina
1665 1548 1796 1613 favente
1817 1547 1879 1613 cle·

224 1654 347 1717 mentia
369 1675 438 1717 rex.
525 1652 662 1717 Noverit
691 1653 835 1716 omnium
863 1650 1009 1716 fidelium
1036 1661 1223 1715 nostrorum
1252 1651 1472 1736 praesentium
1496 1650 1621 1716 scilicet
1644 1661 1676 1715 et
1698 1652 1879 1716 futurorum

225 1756 385 1842 industria
398 1754 426 1839 l,
458 1756 596 1841 qualiter
624 1758 741 1821 fratres
770 1755 920 1821 coenobii
950 1757 1054 1820 sancti
1077 1754 1257 1820 Uuicberdi
1280 1777 1355 1819 eum
1377 1755 1520 1819 assiduis
1542 1756 1715 1840 praecibus
1739 1757 1880 1841 patroci-

176 1873 209 1921 10
226 1863 316 1926 nium
330 1861 472 1926 inierunt
488 1859 618 1926 Ottouis
640 1857 654 1940 E
675 1859 852 1924 venerandi
877 1859 969 1923 ducis
992 1861 1043 1922 cui
1061 1856 1263 1943 temporibus
1280 1858 1390 1923 domni
1407 1858 1607 1923 Hludouuici
1622 1862 1709 1944 regis
1726 1859 1856 1924 subdidi
1867 1871 1881 1899 ⁸

226 1965 372 2047 fuenmt,
406 1986 467 2028 nee
500 1986 567 2028 non
597 1972 630 2028 et
658 1962 821 2027 Hathonis
856 1961 985 2026 sublimi
1020 1960 1259 2045 archiepiscopi
1293 1970 1391 2046 atque
1424 1969 1589 2044 nostrum,
1623 1972 1700 2027 tunc
1734 1973 1880 2048 tempore

225 2068 333 2151 ducis,
358 2068 618 2153 supplementum
647 2068 871 2152 quaesierunt,
894 2074 931 2128 ut
952 2066 1072 2130 nostris
1096 2064 1332 2129 interventibus
1354 2064 1443 2150 apud
1465 2088 1575 2151 regem
1598 2068 1810 2133 immunitas⁰
1832 2071 1879 2134 eis

162 2177 164 2182 ’
223 2172 344 2257 regalis
367 2171 615 2253 concederetur,
648 2181 808 2256 quatenus
831 2179 907 2256 post
934 2169 1058 2234 obitum
1087 2168 1228 2254 praefati
1257 2168 1350 2233 ducis
1379 2168 1534 2234 abbatem
1563 2170 1703 2256 eligendi
1734 2173 1817 2237 inter
1845 2197 1879 2238 se

225 2285 257 2342 et
285 2297 404 2340 causas
433 2274 477 2339 ad
504 2275 736 2338 monasterium
764 2275 825 2337 rite
854 2276 1052 2358 pertinentes
1079 2271 1213 2356 regendi
1243 2281 1439 2358 potestatem
1467 2273 1626 2357 habeant,
1655 2276 1742 2360 quod
1764 2276 1878 2342 libenti

176 2392 207 2440 15
225 2381 349 2463 animo,
381 2381 458 2466 quia
480 2379 608 2444 animae
631 2387 763 2442 nostrae
785 2378 968 2463 profectum
990 2377 1067 2440 inde
1090 2399 1237 2441 cresccre
1265 2399 1331 2443 non
1354 2376 1557 2460 dubitamus,
1580 2401 1607 2447 :a
1629 2402 1705 2463 rege
1728 2381 1879 2464 impetra-

224 2487 340 2549 vimus.
374 2484 469 2550 Nunc
497 2493 607 2548 autem
636 2483 712 2568 quia
740 2482 867 2547 fautore
892 2483 1034 2547 omnium
1057 2478 1187 2545 Christo
1211 2481 1353 2566 propitio
1376 2482 1467 2566 regni
1491 2481 1713 2564 gubernacula
1737 2486 1880 2569 suscepi·

224 2611 313 2671 mus,
343 2587 501 2652 admoniti
525 2610 647 2670 sumus,
675 2609 750 2651 cum
781 2583 1009 2651 immunitated
1036 2607 1195 2650 concessa
1226 2585 1307 2669 ipsis
1330 2585 1395 2648 iam
1419 2583 1514 2648 dictis
1537 2584 1693 2667 fratribus
1716 2587 1749 2650 id
1771 2588 1879 2672 ipsum

224 2694 327 2758 nostri
350 2692 476 2778 imperii
499 2693 694 2756 auctoritate
716 2691 884 2755 firmamus
907 2699 939 2755 ct
962 2713 1021 2776 pro
1045 2711 1157 2753 amore
1180 2689 1302 2752 aeterni
1325 2689 1411 2772 regis
1429 2690 1764 2774 sanctorumqueeius
1780 2701 1879 2776 atque

225 2807 397 2861 aucmento
426 2797 518 2881 regni
546 2796 649 2860 nostri
671 2795 734 2859 hoc
758 2796 805 2859 eis
828 2795 966 2880 pleniter
989 2804 1021 2859 ct
1043 2793 1234 2859 inconvulse
1257 2792 1473 2858 concedentes
1496 2791 1580 2857 hanc
1602 2795 1707 2857 nostri
1733 2797 1877 2879 precepti

173 2909 206 2956 2⁰
224 2903 299 2969 inde
322 2903 550 2966 auctoritatem
573 2898 736 2964 conscribi
759 2902 965 2985 precepimus
987 2907 1020 2963 et
1041 2920 1140 2962 manu
1168 2899 1302 2982 propria
1324 2904 1437 2960 nostra
1460 2917 1533 2960 eam
1556 2896 1757 2960 finnavimus
1780 2906 1878 2984 atque

225 3008 314 3073 anuli
335 3009 439 3073 nostri
462 3009 676 3093 impressione
699 3007 861 3090 assignari
884 3004 1048 3067 iussimus.

327 3142 341 3226 ξ
364 3143 499 3229 Signum
522 3142 632 3208 domni
656 3141 845 3207 Chuonradi
870 3141 960 3222 (MP.)
984 3140 1122 3225 piissimi
1144 3133 1279 3224 regis}
1370 3211 1373 3216 ,

327 3245 520 3330 {Salomon
553 3246 768 3312 cancellarius
802 3245 952 3309 advicem
981 3244 1140 3330 Piligrimi
1175 3242 1429 3328 archicapellani
1463 3244 1656 3326 recognovit
1689 3252 1722 3307 et
1749 3247 1764 3329 ξ
1793 3245 1877 3324 (SR.)

1745 3349 1802 3428 (sr.
1825 3348 1877 3428 n.)

172 3509 205 3557 25
327 3489 418 3553 Data
441 3506 502 3553 ΧΗ.
525 3488 592 3552 kal.
615 3510 696 3552 mar.
719 3509 805 3552 anno
829 3486 1064 3551 incarnationis
1087 3483 1210 3549 domini
1229 3498 1423 3567 mccccxm,
1446 3483 1623 3549 indictione
1638 3501 1668 3566 1,
1691 3507 1777 3550 anno
1799 3507 1878 3549 vero

223 3593 315 3676 regni
338 3593 448 3657 domni
472 3591 661 3656 Chuonradi
684 3591 881 3656 serenissimi
904 3590 991 3673 regis
1014 3606 1058 3669 113
1088 3597 1198 3652 actum
1222 3585 1413 3670 Chassalla3
1442 3587 1579 3652 feliciter
1607 3589 1639 3652 in
1668 3587 1721 3653 dei
1747 3589 1879 3655 nominc

225 3718 331 3761 amen.

1019 3848 1080 3924 16.

222 4005 382 4080 Kcarcd
405 4006 552 4080 verlcibt
573 4006 685 4105 pleiclr
710 4007 832 4080 scinco
858 4005 1094 4103 Vorqo‘opera
1121 4002 1191 4076 den
1219 4005 1382 4076 Nemcen
1408 4027 1480 4074 voa
1507 4001 1689 4076 Mescbede
1716 4003 1775 4075 die
1801 4002 1878 4075 Im-

172 4147 206 4196 se
222 4128 379 4201 mrraitdt
403 4127 484 4200 uod
508 4127 574 4201 das
603 4126 812 4201 Waltlrcclrt.
1396 4161 1510 4222 Kassa
1533 4164 1596 4222 913
1619 4162 1759 4222 pem„
1783 4161 1834 4223 13·

328 4335 588 4411 Oriyincldr'plom
610 4339 653 4396 im
675 4337 703 4396 lc.
728 4334 940 4396 Staatsorclrio
961 4352 1003 4393 au
1025 4335 1171 4394 Mitnster
1195 4335 1260 4414 (A).

326 4475 485 4549 Staaqesol
507 4475 590 4538 Ana.
611 4475 743 4548 Wcstpb.
769 4478 798 4545 2,
823 4477 886 4534 172
908 4490 967 4532 aus
983 4472 1020 4546 A,
1044 4475 1098 4532 mit
1120 4483 1179 4532 xlx.
1204 4475 1242 4537 id.
1266 4477 1350 4534 mart.
1371 4498 1410 4527 =
1433 4472 1877 4534 sarracenatorum.

325 4584 349 4647 l,
373 4584 402 4650 1,
426 4582 499 4650 244,
523 4603 564 4633 =
587 4577 819 4639 Kucheobeclcer
833 4576 926 4637 Auel.
942 4577 1036 4636 Rasa.
1053 4579 1083 4648 4,
1100 4580 1171 4648 258,
1196 4601 1236 4630 =
1259 4577 1391 4638 Schatcrr
1413 4576 1459 4638 ed.
1478 4584 1519 4649 ΙΙ,
1543 4581 1571 4648 1,
1598 4580 1669 4639 165.
1688 4611 1729 4620 -
1745 4575 1877 4636 Sribcrta

328 4682 433 4754 Wests.
449 4682 522 4742 ΠΒ.
546 4687 575 4754 1,
599 4687 618 4743 6
642 4689 676 4740 πθ
698 4685 718 4742 5
746 4699 805 4742 aas
827 4681 856 4739 A
879 4704 919 4732 =
942 4679 1075 4739 Bdkmer
1097 4681 1137 4743 A.
1162 4679 1253 4742 Gerr.
1278 4683 1318 4743 19
1342 4689 1376 4741 n⁰
1399 4683 1450 4741 15.
1473 4716 1516 4726 —
1538 4682 1670 4740 Bdhmer
1693 4682 1767 4754 Rea.
1796 4681 1875 4755 Imp.

175 4799 208 4850 35
329 4789 380 4857 14,
403 4787 478 4861 Ray.
501 4788 578 4847 Kar.
603 4789 707 4846 1246„

333 4925 532 4986 Geschriebrrt
554 4942 613 4984 oon
635 4925 696 4986 ΕΒ.
718 4925 798 4984 nacla
822 4921 1032 4998 conceptura
1055 4925 1117 4985 SD.

329 5096 387 5175 (C.)
411 5098 425 5180 ᾖ
446 5096 485 5160 ln
507 5097 638 5161 nomine
662 5103 796 5160 sanctae
819 5103 852 5159 et
874 5093 1063 5180 individuae
1086 5096 1251 5160 trinitatis.
1284 5093 1504 5159 Chunradus‘
1527 5095 1638 5160 divina
1660 5094 1792 5159 favente
1815 5093 1878 5158 cle·

224 5200 346 5263 mentia
368 5222 438 5265 rex.
525 5200 662 5264 Noverit
692 5201 834 5264 omnium
857 5196 1002 5262 fidelium
1031 5199 1217 5264 nostrorum
1240 5199 1460 5284 praesentium
1490 5199 1615 5264 seilicet
1638 5208 1670 5263 et
1696 5199 1878 5266 futurorum

225 5302 395 5386 industria,
418 5303 558 5389 qualiter
579 5301 593 5383 Ξ
613 5326 674 5368 nos
698 5303 808 5368 divino
832 5303 1049 5368 admoniniti‘*
1074 5305 1229 5368 instinctu
1252 5326 1312 5389 pro
1335 5311 1488 5366 aeternae
1503 5305 1776 5368 remunerationis
1792 5325 1878 5368 com-

174 5423 208 5470 40
225 5408 346 5471 mercio
370 5409 563 5492 cogitantes,
587 5408 730 5472 maxime
754 5407 794 5472 de
814 5409 1020 5472 monasteriis
1036 5406 1078 5471 ab
1095 5406 1358 5472 antecessoribus
1373 5407 1493 5470 nostris
1509 5408 1705 5490 constitutis,
1728 5416 1764 5470 ut
1780 5408 1878 5471 etiam

332 5579 368 5634 1⁵.
398 5578 491 5647 [Foltz]
573 5581 600 5640 a)
618 5579 642 5630 A
719 5581 748 5644 b)
766 5581 896 5632 industris
912 5582 946 5631 iat
963 5583 992 5630 tn
1009 5579 1255 5646 stemmwaqerteu
1277 5577 1441 5630 Baclataben
1463 5578 1525 5628 liter
1541 5577 1590 5629 der
1606 5579 1676 5632 Zeila
1692 5579 1879 5646 molaque-apen

397 5651 423 5712 c)
441 5665 508 5700 corr.
525 5665 573 5700 aaa
591 5651 740 5701 immunitas
827 5651 854 5714 d)
873 5667 938 5702 corr.
957 5667 1004 5700 aru
1021 5651 1194 5701 immonitate.

330 5740 370 5796 ιο.
398 5742 492 5812 [rora]
579 5746 606 5813 a)
625 5743 656 5794 r.
