4560 6436
444 395 508 462 638
1046 399 1453 460 KAISERURKUNDE
1489 440 1496 455 .

547 583 684 667 Signum
706 578 817 646 domni
841 579 972 646 Ottonis
997 581 1062 661 (Μ.)
1086 581 1292 666 imperatoris
1319 579 1517 646 serenissimi
1539 579 1680 664 augusti.

546 686 660 751 Penus
682 684 898 750 cancellarius
921 684 1070 750 advicem
1085 682 1225 749 Huberti
1248 685 1394 770 episcopi
1418 692 1451 748 et
1472 681 1750 748 archicancellarii
1772 681 1963 767 recognovi
1985 690 2022 744 et
2039 677 2121 742 sub·

444 790 594 873 scripsi.⁰

544 925 634 988 Data
657 940 745 986 vnn.
775 922 842 987 kal.
872 923 1002 1008 augusti
1030 945 1116 988 anno
1146 922 1308 988 dominice
1336 923 1570 1004 incarnationis
1600 937 1825 1004 pecccatum,
1857 919 1998 1006 imperii
2030 940 2115 983 vero

443 1026 554 1091 domni
577 1025 708 1091 Ottonis
724 1043 772 1108 ιιι,
795 1024 973 1090 indictione
989 1043 1053 1107 xv3
1076 1033 1186 1091 actum
1207 1024 1386 1091 Mediolani
1409 1027 1443 1090 in
1465 1025 1664 1091 monasterio
1688 1025 1792 1090 sancti
1815 1022 2008 1089 Ambrosii.
2131 1039 2147 1084 s

1222 1263 1311 1338 too.

1041 1421 1142 1500 (Echi,
1163 1422 1265 1496 echert
1286 1437 1339 1480 eor
1358 1417 1490 1498 D0.1.)

450 1553 530 1630 Otto
546 1555 624 1654 piot
640 1555 711 1629 den
728 1556 891 1630 Necnon
908 1581 981 1629 con
998 1554 1253 1654 Aldac-Idycls
1279 1555 1338 1629 dic
1364 1554 1550 1629 desselben
1571 1554 1846 1629 widcrrccbtlicb
1873 1567 2105 1653 eatzopenen

441 1673 497 1772 clf
514 1674 644 1774 Hasce
669 1676 711 1748 in
738 1675 873 1750 Villina
898 1675 1041 1751 aarum.
1646 1695 2001 1768 sucessoresque
2024 1697 2057 1755 8.

546 1881 774 1959 Quadraptiquc
784 1899 867 1957 pour
880 1883 943 1942 Mn
960 1883 995 1942 de
1010 1882 1087 1942 Bors
1103 1887 1131 1942 ct
1146 1882 1182 1942 de
1197 1881 1349 1944 Stockhcm
1366 1887 1465 1943 contre
1478 1884 1542 1942 ltln
1558 1883 1599 1943 les
1614 1885 1863 1958 bourgeanoitrcs
1881 1887 1911 1942 et
1931 1885 2100 1958 mwsstret
2120 1897 2150 1946 ιο

542 1985 578 2044 de
600 1985 631 2045 lo
652 1985 719 2045 ville
742 1986 777 2046 dc
799 1986 956 2062 Maescycle
980 1986 1077 2065 (1754
1092 2003 1116 2046 s.
1134 1983 1166 2062 l.)
1191 1988 1232 2045 56
1253 1990 1324 2046 91⁰3
1347 2003 1403 2046 oses
1425 1986 1593 2046 vidimister
1607 1985 1761 2058 Absctrist
1781 2002 1847 2046 uem
1869 1985 2011 2046 J.1754
2034 1984 2099 2064 (Α).

541 2121 654 2181 Dictirt
675 2140 732 2182 von
752 2123 864 2184 Simon.

646 2308 684 2372 In
706 2309 838 2374 nomine
854 2317 1014 2373 sanctae*
1036 2317 1069 2373 ct
1090 2307 1277 2376 individuae
1300 2310 1462 2374 trinitatis.
1502 2307 1606 2374 Otto*
1629 2309 1741 2376 divina
1762 2310 1893 2376 favente
1913 2310 2097 2376 clementia

438 2435 508 2476 rex.
594 2412 753 2477 Noverint
781 2434 895 2477 omnes
923 2411 1037 2476 fideles
1065 2415 1167 2478 nostri
1196 2423 1385 2498 praesentes
1414 2413 1540 2478 scilicet
1567 2423 1600 2479 et
1626 2413 1742 2495 futirri,
1771 2415 1848 2499 qnia
1876 2435 1940 2478 nos
1973 2425 2095 2499 rogatu

440 2512 615 2580 Giselberti
641 2514 751 2579 dilecti
772 2513 866 2578 ducis
889 2515 992 2580 nostri
1015 2514 1059 2578 ad
1081 2515 1313 2580 monasterium
1336 2516 1425 2602 quod
1448 2518 1553 2581 estin
1575 2515 1649 2581 loeo
1674 2518 1729 2603 qni
1752 2515 1871 2582 dicitur
1894 2517 2029 2602 Eycka,
2059 2521 2093 2583 in
2114 2537 2143 2584 se

438 2616 595 2684 honorem
619 2627 752 2683 sanctae
781 2616 833 2681 dei
862 2619 1028 2701 genitricis
1052 2639 1244 2705 semperque
1265 2620 1401 2703 virginis
1424 2618 1548 2684 Mariae
1579 2629 1611 2683 et
1634 2619 1804 2684 beaterum
1825 2620 1995 2703 virginum
2018 2621 2093 2685 Rei·

437 2719 524 2785 nilae
558 2730 591 2786 et
623 2719 791 2786 Herlindis
824 2729 1071 2786 constructumc
1106 2741 1144 2784 ac
1176 2720 1361 2786 dedicatum
1391 2726 1513 2788 sanetis
1544 2721 1739 2788 monialibus
1767 2722 1802 2785 in
1828 2721 1886 2786 illo
1922 2721 2024 2807 digne
2052 2746 2092 2788 ac

438 2821 556 2888 devote
579 2824 711 2889 domino
734 2822 970 2889 famulantibus
993 2823 1037 2887 ad
1059 2845 1172 2890 earum
1195 2825 1317 2890 victum
1339 2833 1372 2889 et
1386 2826 1542 2890 vestitum
1565 2824 1607 2890 ob
1631 2824 1683 2889 dei
1705 2846 1849 2890 amorem
1873 2835 2093 2912 nostramque

436 2935 603 2992 aeternam
633 2928 926 2992 remunerationem
955 2928 989 2990 in
1011 2926 1091 2991 villa
1113 2926 1238 2994 Villina
1266 2927 1356 2993 dicta
1385 2926 1491 2992 hobas
1515 2945 1553 2991 n
1576 2949 1660 3013 quae
1688 2929 1754 2993 iam
1776 2937 1874 2993 antea
1895 2929 2021 2994 iniuste
2043 2929 2093 2993 eis

436 3029 566 3094 fuerant
588 3028 718 3111 ablata,
753 3051 829 3094 cum
852 3049 1014 3094 consensu
1036 3038 1068 3093 et
1090 3031 1299 3116 praecatione
1320 3028 1400 3095 ...ἀ
1429 3029 1575 3095 eiusdem
1601 3030 1694 3095 ducis
1716 3029 1832 3096 vasalli
1857 3033 1914 3115 qui
1937 3033 1973 3096 in
1996 3054 2092 3117 prae
2111 3051 2142 3098 so

437 3134 520 3198 senti
543 3142 690 3219 tempore
712 3132 794 3199 illud
816 3135 1050 3198 monasterium
1071 3136 1106 3200 in
1127 3133 1286 3198 beneficio
1310 3133 1440 3200 videtur
1460 3133 1599 3218 habere,
1630 3155 1706 3199 cum
1728 3130 1899 3199 curtilibus
1928 3133 2093 3199 aediliciis

437 3235 569 3301 familiis
599 3245 632 3301 et
661 3237 833 3321 mancipiis
864 3235 938 3301 aliis
966 3238 1061 3301 terris
1089 3236 1185 3302 cultis
1214 3245 1247 3301 et
1274 3237 1406 3304 incultis
1435 3239 1522 3322 agris
1552 3239 1655 3322 pratis
1684 3237 1808 3321 campis
1835 3238 1972 3321 pascuis
1997 3237 2093 3302 silvis

434 3342 528 3426 aquis
551 3360 775 3425 aquarumque
798 3338 991 3404 decursibus
1006 3340 1070 3404 viis
1092 3349 1124 3404 et
1146 3340 1242 3404 inviis
1261 3340 1403 3406 exitibus
1426 3350 1459 3405 et
1479 3339 1638 3405 reditibus
1654 3340 1810 3425 quaesitis
1826 3347 1860 3403 et
1882 3340 2092 3426 inquirendis

435 3440 651 3527 omnibusque
673 3440 772 3505 rebus
794 3443 922 3525 magnis
945 3451 978 3506 ct
1001 3443 1111 3526 parvis
1135 3441 1179 3506 ad
1201 3442 1368 3526 praefatas
1392 3460 1430 3507 xl
1452 3441 1559 3508 bobas
1580 3444 1641 3506 rite
1667 3440 1921 3527 pertinentibus,
1953 3443 1989 3506 in
2019 3465 2092 3527 per

434 3553 568 3629 petuam
601 3545 835 3628 proprietatem
869 3542 1073 3609 donavimus.
1117 3544 1276 3610 Iussimns
1310 3568 1440 3632 quoque
1472 3545 1536 3610 boo
1567 3553 1778 3631 praeceptum
1807 3543 1884 3608 inde
1907 3545 2091 3628 conscribi,
2110 3565 2143 3612 ss

434 3645 569 3712 firmiter
602 3647 839 3731 praecipientes
869 3655 1029 3731 qnatenus
1057 3656 1257 3713 memoratae
1286 3648 1419 3714 sanctoe
1452 3647 1610 3713 moniales
1643 3645 1743 3711 talem
1770 3645 1906 3711 ulterius
1941 3647 2094 3713 babeant

434 3759 631 3834 potestatem
661 3749 726 3814 de⁰
754 3749 930 3835 praedictis
958 3750 1073 3832 rebus,
1107 3752 1140 3815 in
1168 3761 1255 3816 terra
1283 3751 1408 3816 scilicet
1437 3750 1540 3816 salica
1569 3759 1602 3816 et
1631 3749 1780 3815 omnibus
1809 3770 1894 3834 quae
1930 3748 2000 3815 dici
2034 3761 2094 3816 ant

433 3851 597 3918 nominari
618 3861 757 3936 possunt
780 3851 992 3937 appenditiis,
1017 3852 1171 3938 qualem‘
1196 3863 1229 3920 et
1256 3853 1297 3918 de
1323 3853 1397 3919 eliis
1424 3853 1506 3918 locis
1536 3874 1621 3939 quae
1649 3850 1691 3916 ab
1715 3851 1856 3937 antiquis
1879 3855 2093 3938 temporibus

434 3954 478 4019 ad
499 3953 627 4019 illarum
655 3951 821 4040 peculiare
850 3953 1047 4021 videbantur
1075 3959 1245 4041 pertinere.
1290 3957 1334 4021 Et
1363 3966 1398 4023 ut
1425 3956 1488 4021 hoc
1511 3964 1723 4043 praeceptum
1744 3955 1874 4020 firmum
1898 3955 2094 4044 stabileque

433 4067 632 4138 permaneat,
655 4078 754 4121 manu
769 4066 883 4122 nostra
900 4057 1014 4124 subtus
1037 4057 1118 4123 illud
1133 4059 1334 4125 firmavimus
1351 4059 1537 4144 annuloque
1552 4067 1665 4124 nostro
1680 4058 1827 4142 insigniri
1843 4063 2091 4146 praecepimus.
2111 4079 2144 4127 eo

537 4190 673 4274 Signum
696 4190 806 4257 domni
831 4191 987 4258 Ottonisb
1011 4194 1076 4276 (M.)
1105 4195 1302 4261 serenissimi
1324 4197 1421 4280 regis.

538 4293 652 4360 Simon
674 4297 822 4361 notarius
846 4295 996 4363 advicem
1018 4297 1225 4364 Ruodbertiss
1248 4296 1526 4363 archicancellarii
1548 4300 1735 4383 recognovi.
2021 4303 2094 4380 (SI.)

534 4433 624 4497 Data
646 4450 693 4498 v1.
716 4432 760 4498 id.
783 4455 858 4521 aug.
881 4456 967 4500 anno
991 4437 1227 4502 incarnationis
1251 4435 1374 4501 domini
1398 4450 1653 4517 nccccxxxvn,
1676 4433 1852 4500 indictione
1875 4451 1974 4518 vnn,
1999 4459 2092 4504 anno

432 4543 541 4598 autem
571 4532 729 4599 Ottonisl'
756 4534 892 4621 gloriosi
921 4540 1007 4624 regis
1035 4556 1064 4620 13
1094 4547 1205 4603 ectum
1233 4536 1433 4623 Aquisgrani
1462 4537 1603 4624 palati0;
1636 4540 1671 4604 in
1698 4537 1819 4603 Christi
1850 4539 1989 4606 nomine
2019 4542 2092 4608 feli·

432 4638 513 4701 citer
536 4658 641 4702 amen.
2111 4679 2145 4726 35

519 4805 578 4860 4⁸5.
605 4808 630 4874 e)
648 4811 791 4876 recognovi
809 4810 852 4878 Eg
870 4811 904 4863 B.

518 4907 578 4963 m·
605 4907 715 4979 [Ublirn]
821 4914 846 4977 a)
864 4914 1089 4966 sanctissimaed
1193 4917 1220 4978 b)
1238 4915 1328 4976 ottho,
1353 4915 1476 4967 Ottbonis
1496 4914 1518 4966 A
1622 4917 1647 4979 c)
1664 4921 1828 4966 contractum
1845 4915 1869 4965 A
1981 4917 2011 4980 d)
2032 4917 2093 4969 dier

602 4996 671 5030 miser
689 4983 725 5030 tm
745 4981 879 5048 originale
895 4983 943 5033 der
962 4983 1044 5034 Neine
1061 4983 1107 5034 dea
1124 4983 1244 5035 Vasaces
1259 4985 1399 5049 putandae
1417 4984 1506 5048 beben,
1529 4985 1558 5033 in
1576 4981 1599 5033 A
1611 4984 1695 5046 findet
1712 4983 1767 5034 sicli
1784 4999 1819 5032 aa
1836 4982 1923 5034 ἀίσσει·
1942 4983 2028 5037 Saue
2047 4989 2094 5040 die

602 5048 669 5098 Zalil
687 5051 737 5099 212
841 5053 866 5108 e)
885 5051 959 5102 exA
1064 5052 1084 5110 i)
1104 5053 1210 5118 quidem
1229 5052 1259 5116 A,
1277 5069 1331 5102 was
1348 5054 1420 5118 abige
1439 5053 1611 5104 Errmddion
1628 5051 1696 5102 nabe
1714 5053 1770 5118 lapi,
1795 5051 1909 5116 obqlaicb
1928 5055 1960 5102 in
1978 5054 2030 5105 der
2049 5057 2093 5106 be-

602 5116 866 5237 ενοζῖαιὲὶεηΒΕοηιιΣί
884 5125 914 5183 (ε.
932 5137 953 5168 a
973 5120 1006 5171 B.
1025 5120 1089 5170 ΒΗ.
1106 5124 1155 5184 30)
1178 5120 1288 5172 niemola
1312 5123 1429 5188 qualem,
1455 5121 1567 5172 εωιᾶοηι
1584 5120 1747 5185 regelmdsriq
1770 5123 1838 5171 sicut
1855 5119 2001 5185 gabraacbt
2020 5125 2093 5177 Μ
2111 5131 2145 5178 40

603 5189 631 5252 g)
676 5203 690 5236 o
712 5203 726 5235 e
769 5189 817 5238 esti
859 5222 867 5239 .

1092 5375 1425 5391 -*-
