4560 6436
849 407 973 468 OT'I'O
996 411 1020 467 1.
1045 407 1234 468 ste-973.
1798 403 1862 470 635
1887 440 1889 444 ’

219 594 380 681 exemplis
391 593 409 678 ¹,
444 617 519 660 cum
542 595 629 658 omni
652 592 775 658 honore
798 600 830 656 et
851 590 1074 657 iurisdictione
1096 601 1128 657 ct
1150 591 1300 658 districtu
1322 593 1500 660 secundum
1521 594 1609 681 quod
1630 595 1862 688 adlimperium

220 706 356 784 spectat.
403 698 446 762 Et
475 707 556 763 ιαμ
586 712 675 762 omnia
702 697 788 761 enim
818 717 917 780 supra
944 705 1124 760 memorata
1153 695 1272 761 dilecto
1301 695 1389 762 fideli
1410 707 1523 763 nostro
1546 697 1716 765 Thebaldo
1740 711 1773 766 et
1795 705 1862 769 suis

218 801 392 867 heredibus
415 810 447 865 et
469 798 685 866 coheredibus
707 798 771 864 illis
794 800 828 863 in
851 817 893 864 ius
915 819 941 865 et
961 816 1150 880 proprietatem
1179 801 1334 867 iussimus
1357 799 1525 886 devenire,
1555 824 1686 883 quatenus
1714 835 1746 871 ea
1774 825 1863 873 omnia

218 921 354 986 perpetuis
376 919 538 983 temporibus
566 923 656 968 teneat
684 922 763 982 atque
793 917 929 982 possideat
950 933 980 980 s,
1008 913 1089 968 ullo¹¹
1117 933 1235 984 unquam
1263 926 1354 970 nostro
1383 937 1534 972 successore
1558 923 1719 987 irrumpente
1741 925 1784 975 vel
1805 942 1862 976 mu·

185 1029 300 1077 sune.
344 1007 484 1092 Insuper
512 1007 706 1091 quicumque
735 1007 790 1091 qui
819 1026 906 1070 nunc
937 1006 979 1070 sit
1005 1005 1058 1070 vel
1086 1005 1252 1072 ἷιιιιιπιιιιο
1280 1031 1352 1073 essa
1375 1009 1553 1091 credimus,
1583 1008 1647 1074 hoc
1672 1022 1862 1098 preceptum

217 1113 369 1195 frangere
390 1111 607 1197 temptaverit,
631 1108 719 1175 mille
741 1108 892 1173 marchas
915 1130 1032 1173 aureas
1055 1119 1240 1195 componat,
1263 1111 1472 1177 medietatem
1493 1133 1622 1178 camere
1643 1116 1739 1198 regis,
1763 1116 1862 1182 eliam

218 1212 387 1279 Thebaldo
411 1221 468 1277 eut
490 1212 558 1276 suis
579 1210 772 1294 heredibus,
802 1220 835 1275 et
856 1210 945 1296 quod
972 1209 1123 1300 deterius,
1143 1223 1193 1278 est
1214 1235 1333 1298 penam
1355 1235 1430 1280 cum
1451 1214 1535 1280 Iuda
1558 1216 1764 1281 sustineant?
1790 1239 1861 1302 per-

218 1315 390 1403 petualiter
416 1318 452 1380 in
473 1316 823 1381 excomunicationem.
867 1329 926 1380 Hec
955 1323 1064 1380 nubem
1092 1335 1181 1382 nostre
1210 1334 1375 1384 auctoritatis
1401 1334 1536 1399 perpetuis
1564 1335 1726 1399 temporibus
1754 1335 1860 1402 largitio

217 1435 292 1486 firma
314 1441 341 1486 et
362 1434 521 1485 inconvulsa
542 1439 696 1499 permaneat
725 1427 823 1504 atque
845 1419 1001 1505 persistat
1022 1439 1075 1485 tam
1098 1436 1149 1500 ipsi
1171 1419 1342 1486 Thebaldo
1373 1452 1452 1502 quam
1474 1439 1502 1487 in
1525 1443 1659 1502 posterum
1681 1441 1783 1488 cunctis
1806 1441 1860 1490 suis

168 1544 200 1590 10
217 1524 400 1591 heredibus.
431 1539 467 1589 Et
488 1544 519 1589 ut
539 1539 589 1590 hec
611 1533 803 1590 tauctoritatis¹¹
826 1543 915 1588 nostre
937 1538 1086 1604 largitionis
1109 1540 1142 1589 ab
1166 1541 1297 1590 universis
1319 1539 1443 1591 fidelibus
1460 1557 1508 1606 per
1526 1547 1623 1592 cuncta
1637 1541 1728 1592 futura
1751 1528 1860 1592 secula

216 1644 315 1695 firmior
337 1644 467 1694 habeatur
494 1649 521 1694 et
542 1645 631 1692 verius
654 1641 776 1692 credatur
804 1657 836 1691 ac
858 1641 1011 1708 diligentius
1034 1648 1217 1707 conservetur,
1246 1659 1325 1694 manu
1354 1645 1461 1710 propria
1490 1629 1625 1695 subter¹
1647 1644 1860 1696 confirmavimus

217 1752 244 1799 et
265 1747 353 1814 sigillo
374 1753 465 1798 nostro
488 1745 600 1813 siffl'llari
620 1747 754 1796 iussimus.

320 1867 457 1955 Signum
481 1869 546 1950 (Μ.)
571 1865 702 1934 Ottonis
725 1867 929 1933 invictissimi
952 1867 1168 1954 imperatoris.

319 1972 523 2038 Adellolmus
547 1973 694 2037 notarius
716 1969 866 2037 advicem
889 1969 1067 2037 Iillisuusi⁸
1093 1969 1281 2037 cancellarii
1306 1972 1507 2057 recognovit.

166 2127 198 2175 ts
317 2110 437 2176 Actum
453 2111 486 2176 in
502 2111 633 2175 civitate
645 2108 791 2193 Verone;
806 2110 840 2173 in
855 2108 908 2174 dei
923 2111 1053 2173 nomine
1069 2107 1207 2173 feliciter
1220 2131 1333 2192 amen;
1349 2108 1429 2175 data
1443 2108 1587 2176 secundo
1603 2112 1698 2176 nonis
1715 2110 1859 2176 octobris

215 2235 302 2278 anno
326 2215 464 2299 septimo
492 2213 619 2299 imperii
648 2213 844 2278 serenissimi
872 2213 1078 2296 imperatoris
1101 2211 1233 2277 Ottonis
1255 2213 1289 2277 in
1312 2211 1423 2296 Italia,
1453 2213 1630 2279 indictione
1654 2212 1857 2280 duodecima.

317 2351 362 2430 (†)
385 2351 458 2438 Ego
481 2350 657 2416 Eustacius
680 2349 880 2416 Albancnsis
908 2371 1009 2415 manu
1030 2371 1105 2416 mea
1129 2349 1317 2434 subscripsi.
1417 2349 1463 2433 (†)
1486 2350 1560 2434 Ego
1583 2349 1759 2415 Belenatus
1788 2374 1858 2416 car-

215 2453 333 2520 dinalis
356 2454 399 2519 ad
421 2453 563 2520 Vincula
585 2477 684 2520 manu
706 2476 780 2520 mea
803 2453 992 2538 subscripsi.
1080 2453 1125 2535 (ι)
1149 2454 1222 2540 Ego
1245 2452 1442 2519 Dondctust
1470 2454 1657 2518 Hostieneis
1684 2455 1858 2539 episcopus

215 2579 313 2622 manu
327 2579 401 2622 mea
417 2556 604 2642 subscripsi.
618 2565 632 2594 ¹¹
707 2556 752 2638 (†)
766 2557 839 2641 Ego
856 2558 1035 2622 Faustinus
1051 2556 1212 2641 presbiter
1229 2559 1333 2621 sancti
1348 2557 1435 2621 Patri
1454 2555 1631 2622 cardinalis
1647 2578 1744 2622 manu
1760 2579 1833 2622 mea
1844 2568 1858 2596 l

165 2675 198 2722 ao
216 2659 405 2747 subscripsi.
485 2661 558 2746 Ego
582 2659 805 2744 Anaet[as]ius
829 2662 1004 2746 episcopus
1027 2681 1126 2724 manu
1149 2682 1221 2724 mea
1244 2660 1370 2744 scripsi.

992 2845 1079 2920 tot.

947 2975 1124 3056 (Uaccht.)

221 3089 301 3165 Otto
321 3087 455 3162 erktcrt
471 3088 529 3162 dic
547 3088 771 3161 Bh‘cccohner
787 3113 859 3160 voc
877 3087 1058 3161 Moderato
1069 3086 1146 3185 sits·
1168 3085 1401 3160 volllccmmec
1411 3086 1495 3185 frci
1518 3086 1599 3160 cred
1622 3087 1858 3187 cnahhtthiq

212 3209 292 3282 crud
314 3209 461 3283 cordidit
486 3209 595 3282 enea
620 3209 793 3282 mutabere
819 3207 899 3281 cad
923 3207 1060 3280 andare
1086 3207 1223 3281 Rechts.
1410 3227 1610 3287 Vereuso&
1636 3227 1761 3288 Oktoter
1782 3231 1810 3288 6.

161 3419 193 3468 ss
313 3387 647 3461 Notarictsisetrscnent
662 3417 727 3459 vom
743 3399 775 3460 J.
792 3402 879 3460 1322
900 3400 934 3457 ia
956 3398 1022 3457 dara
1036 3398 1142 3471 jodoci
1157 3399 1252 3472 dame
1267 3396 1376 3456 Stellas
1391 3397 1580 3472 ouspelaesen
1594 3397 1673 3469 eiad,
1697 3401 1739 3457 im
1754 3400 1855 3459 Studi-

313 3505 414 3563 crchio
434 3522 490 3563 oon
509 3503 656 3563 Mcdcrno
678 3501 739 3582 (A).
762 3536 805 3546 -
827 3501 916 3576 Copia
930 3505 963 3561 ia
977 3501 1165 3561 Bartolcmco
1186 3501 1277 3562 Vitcii
1298 3500 1345 3559 De
1360 3517 1461 3560 rerum
1476 3498 1722 3561 Moderaehsima
1737 3507 1764 3560 ct
1774 3505 1854 3576 priv.

312 3607 488 3682 fropmcatis
510 3608 585 3666 iiber
600 3609 697 3680 prior,
723 3605 791 3667 θοι).
811 3605 878 3666 MS.
903 3604 954 3665 dcc
976 3607 1027 3666 16.
1045 3605 1097 3664 Ji.
1121 3603 1146 3675 f.
1164 3607 1183 3664 6
1206 3604 1316 3663 euersa
1333 3602 1394 3682 (B).
1417 3637 1459 3648 -
1483 3602 1572 3678 Copia
1595 3606 1645 3664 des
1668 3607 1718 3664 16.
1736 3605 1789 3665 Ji.
1812 3608 1855 3664 im

314 3708 382 3771 coc.
399 3710 438 3773 Β.
455 3719 488 3770 Χ.
510 3715 572 3770 414
595 3709 619 3781 f.
637 3699 687 3770 95¹
704 3710 754 3770 des
770 3709 973 3770 Stadtorchivs
987 3726 1028 3767 sc
1043 3708 1167 3768 Brcscic
1183 3706 1246 3787 (G).
1270 3739 1312 3751 -
1336 3705 1424 3781 Copic
1446 3707 1497 3767 des
1519 3713 1569 3768 17.
1587 3708 1640 3767 Ji.
1664 3710 1698 3767 ia
1710 3707 1854 3779 Processi,

312 3848 397 3922 caeo
419 3848 452 3906 a·
470 3848 575 3908 saraa
594 3809 697 3947 3ξόῑέ
721 3849 805 3908 1465
827 3848 861 3905 a
883 3845 936 3905 ce
957 3844 1203 3906 securiora
1224 3865 1265 3906 ee
1284 3847 1398 3906 remia
1419 3845 1482 3926 (n).

315 4002 433 4064 Odor-ici
449 4001 545 4062 Siccis
560 4003 721 4062 Braeciano
743 4006 772 4073 4,
797 4005 837 4062 95
859 4008 895 4060 a⁰
910 4005 952 4062 36
974 4021 1031 4062 aus
1047 4001 1102 4080 Β(
1120 4002 1141 4082 ).
1164 4035 1206 4046 -
1229 4003 1350 4064 Botioni
1372 4003 1474 4064 Siccis
1495 4005 1574 4064 della
1596 4007 1708 4065 eiciam
1728 4005 1761 4064 di
1784 4006 1855 4067 Scld

312 4111 341 4178 3,
366 4109 385 4168 5
409 4113 443 4165 πθ
465 4110 486 4166 3
508 4125 565 4165 aas
589 4105 631 4166 ca
653 4107 717 4166 aad
739 4110 769 4177 3,
794 4110 834 4166 79
856 4111 891 4162 πθ
912 4109 953 4166 21
978 4124 1035 4166 cus
1058 4107 1095 4166 A.
1118 4139 1160 4150 -
1183 4106 1312 4181 Stumpf
1329 4108 1402 4180 Res.
1426 4110 1499 4168 456.

313 4245 374 4318 Vqr.
398 4245 466 4306 DO.
485 4247 557 4305 463.

413 4414 451 4478 In
480 4415 610 4478 nomine
640 4421 751 4477 sancte
780 4423 812 4478 et
840 4411 1008 4480 individue
1033 4414 1198 4478 trinitatis.
1244 4412 1321 4478 Otto
1346 4412 1397 4478 dei
1420 4416 1527 4498 gretia
1548 4415 1771 4481 Romanorum
1792 4437 1852 4480 rex

209 4529 242 4581 et
274 4519 452 4603 imperitior
479 4526 646 4600 augustus.
745 4530 772 4579 Si
802 4531 833 4581 de
863 4532 943 4583 rebus
971 4533 1132 4583 hansitoriis
1161 4525 1337 4596 petentibusa
1365 4516 1483 4602 quibus
1511 4532 1634 4582 fidelibus
1664 4516 1732 4583 vell
1761 4533 1853 4582 amicis

158 4639 306 4688 abnostris
328 4653 396 4703 quae
417 4635 599 4688 consolamine
620 4634 808 4700 praebeamus,
830 4635 892 4686 inde
913 4635 991 4686 nobis
1013 4641 1104 4686 eterna
1125 4635 1225 4700 gaudia
1247 4636 1385 4698 provenire
1407 4634 1508 4700 liquido
1532 4635 1670 4685 credimus.
1715 4635 1853 4700 Quaprop-

209 4746 248 4791 ter
275 4741 336 4791 vole
366 4747 396 4791 ut
423 4740 555 4790 industria
583 4745 733 4790 nostrorum
761 4737 878 4788 fidelium
901 4756 917 4787 ι
939 4739 1100 4790 mamutium
1123 4738 1165 4788 vel
1189 4739 1288 4804 ubique
1311 4740 1542 4802 commorantium,
1571 4739 1685 4804 qualiter
1707 4739 1853 4789 charissimi

207 4843 299 4896 fideles
328 4846 411 4894 nostri
440 4827 480 4893 de
502 4829 652 4893 Materno
676 4829 709 4891 in
732 4828 893 4892 territorio
917 4826 1074 4892 Brixiano
1097 4827 1190 4890 iuxta
1210 4825 1319 4890 lacum
1341 4826 1509 4891 Benacum
1539 4841 1661 4892 adierunt
1688 4841 1854 4892 clementiam

207 4953 324 4999 nostram
337 4943 356 5011 ⁰,
379 4954 472 4998 noscat
494 4948 592 4998 obnixe
614 4951 733 5012 petentes
756 4951 835 5011 atque
858 4945 1011 4996 nullatenus
1034 4945 1208 5010 suffragantes
1230 4949 1261 4993 ut
1281 4943 1335 4994 illis
1355 4945 1384 4994 in
1406 4946 1448 4994 ius
1463 4951 1490 4996 et
1511 4947 1698 5011 proprietatem
1714 4961 1746 4996 ex
1761 4951 1853 4996 nostro

207 5051 337 5117 imperiali
360 5053 417 5102 iure
439 5050 605 5101 donmemus.
650 5050 706 5100 Nos
728 5053 817 5099 autem
839 5051 957 5113 ipsorum
979 5033 1161 5097 vicinorum
1181 5031 1389 5116 Adhelberii,
1413 5033 1510 5116 Petii,
1534 5031 1714 5098 Manidocii
1737 5053 1853 5120 procu-

156 5148 351 5205 serstorum
369 5135 535 5203 Materni‘¹
557 5153 731 5217 petitionibus
753 5168 890 5204 assensum
912 5151 1069 5217 praebentes
1091 5166 1140 5201 nec
1163 5167 1217 5202 uon
1238 5137 1337 5201 etiam
1359 5154 1532 5202 sanctissimis
1554 5152 1767 5218 preceptionibus
1782 5151 1852 5202 Ana-

207 5261 282 5310 stasii
302 5273 388 5324 papae
411 5257 564 5308 obedientes
587 5257 629 5308 vel
652 5260 730 5308 etiarn
753 5256 918 5322 patriarchae
940 5253 1122 5322 Aquilegiensi
1144 5249 1375 5321 cunctorumque⁸
1398 5257 1583 5321 episcoporum
1605 5256 1702 5306 ducum
1723 5255 1852 5306 marchio-

291 5395 350 5450 401.
377 5397 395 5458 l)
415 5397 544 5463 exemplis
561 5395 592 5456 A,
612 5395 682 5459 fehlt
699 5395 765 5448 ino
867 5397 903 5459 ιιι)
920 5412 969 5448 nec
987 5413 1040 5446 non
1059 5393 1083 5446 0
1185 5397 1214 5457 π)
1232 5393 1289 5457 AO,
1306 5401 1367 5447 steti
1390 5395 1463 5447 nullo
1481 5395 1528 5446 dar
1545 5393 1599 5447 VU.
1703 5397 1729 5458 o)
1745 5393 1777 5456 0,
1794 5398 1853 5462 qui·

376 5481 489 5532 cumque
506 5464 577 5532 quod
594 5468 700 5516 minime
718 5467 865 5517 futurorum
882 5464 906 5516 A
1009 5466 1036 5531 p)
1053 5463 1084 5528 A,
1102 5464 1232 5515 sustineat
1251 5462 1275 5515 0
1377 5467 1404 5531 ql
1424 5463 1473 5516 AO
1488 5471 1549 5516 aare
1573 5465 1716 5516 auctoritas
1733 5463 1780 5516 de
1796 5463 1852 5516 VU.

376 5539 397 5596 ι)
417 5535 610 5600 subscriptione
629 5532 653 5585 0
754 5537 778 5596 s)
796 5532 957 5586 IlllsunsiO
1059 5532 1080 5600 t)
1096 5535 1217 5584 Donatus
1237 5531 1261 5584 0
1364 5533 1393 5600 u)
1411 5537 1504 5602 scripsi
1523 5532 1547 5586 0
1648 5533 1676 5600 r)
1694 5535 1802 5602 propria
1820 5532 1851 5586 0.

154 5627 187 5676 46
290 5620 349 5674 itt.
380 5618 488 5688 [sichel]
592 5621 618 5684 a)
634 5623 786 5686 petentibus
804 5622 981 5673 -comitum
999 5617 1072 5684 sedit
1094 5621 1123 5670 ιἰι
1146 5620 1169 5671 A
1273 5621 1301 5686 b)
1318 5617 1389 5673 eto
1489 5623 1513 5684 c)
1530 5619 1602 5685 fehlt
1624 5621 1653 5670 in
1678 5618 1714 5683 0,-
1740 5636 1771 5669 su
1793 5619 1852 5670 deas

369 5689 511 5754 seipsadsn
534 5697 626 5740 noscat
648 5707 670 5740 ι.
684 5688 745 5739 DO.
761 5692 817 5740 463
925 5691 952 5752 d)
972 5687 1000 5752 0,
1024 5691 1170 5741 vicinorum
1239 5690 1354 5742 Materni
1373 5688 1429 5740 BD
1536 5691 1561 5756 e)
1579 5691 1803 5741 sanctissimorum
1824 5687 1853 5742 0.

1578 5790 1644 5858 80*
