4560 6436
827 435 998 495 orror.
1023 433 1215 494 sao-973.
1778 429 1842 518 609

196 633 329 697 pertinent
352 632 386 681 ad
409 633 549 682 orientales
572 634 659 693 urbes,
683 638 708 682 et
731 635 769 681 sic
792 649 895 682 surenm
919 639 945 682 et
967 633 1037 682 ultra
1059 634 1222 698 pror-inciam
1241 633 1325 682 Nizizi
1344 631 1378 682 ad
1396 633 1508 684 eundem
1526 635 1666 683 terminum
1684 635 1741 686 sine
1759 636 1840 687 dnbio

197 753 245 786 nec
267 752 321 785 non
344 737 371 785 in
394 735 477 786 altera
498 743 572 800 parte
596 737 685 786 Lneizi
708 743 734 786 et
757 735 858 800 Salpoli
881 743 907 786 et
929 738 968 786 sic
990 753 1074 803 usque
1097 737 1130 786 ad
1153 739 1287 787 civitatem
1306 735 1423 800 Zulpiza,
1445 736 1519 786 illam
1541 737 1665 788 videlicet
1686 739 1756 787 infra
1778 756 1840 789 eun-

197 839 255 888 ‹lem
279 841 427 902 terminum,
451 845 476 889 et
499 840 559 890 inde
582 841 610 890 in
633 855 728 904 aquam
750 856 802 905 que
825 839 922 890 dicitur
937 839 1025 890 Oders
1048 846 1074 890 et
1097 841 1134 890 sic
1150 840 1238 892 Odere
1260 856 1364 890 sursum
1386 857 1470 906 usque
1493 839 1527 890 ad
1550 847 1630 906 caput
1652 843 1716 892 eius.
1743 843 1841 892 Omnes

197 959 259 991 vero
282 944 327 1006 qui
351 943 419 991 infra
442 944 581 992 terminum
605 944 683 992 istum
707 943 828 992 habitant
850 943 878 991 in
900 943 971 991 omni
990 943 1126 994 fertilitate
1149 949 1217 994 terre
1240 943 1346 1008 frugum
1369 949 1395 993 et
1417 943 1556 1009 pecudum,
1580 945 1607 993 in
1631 951 1740 1011 argento
1763 948 1840 996 vesti·

164 1051 178 1094 5
198 1051 285 1094 mento
309 1059 357 1093 nec
381 1061 433 1093 non
455 1045 527 1108 quod
549 1045 688 1094 Teutonici
714 1061 920 1111 overconpunga
942 1045 1034 1096 dicunt
1056 1052 1083 1096 et
1105 1047 1216 1112 talunga
1237 1046 1404 1108 familiarum,
1428 1049 1536 1112 insuper
1558 1053 1615 1098 tota
1637 1047 1751 1098 utilitate
1770 1055 1796 1099 et
1814 1051 1841 1098 in

197 1150 319 1198 omnibus
343 1149 421 1198 rebus
444 1151 541 1214 quibus
563 1151 685 1199 mortales
708 1155 821 1199 utuntur
842 1150 953 1200 diversis
976 1151 1068 1213 modis,
1092 1151 1280 1200 decimationes
1303 1165 1370 1215 quae
1385 1150 1434 1200 deo
1451 1155 1547 1200 cuncta
1561 1151 1720 1216 gubernanti
1736 1153 1840 1212 debent,

197 1253 230 1302 ad
252 1254 412 1302 Misnensem
442 1253 580 1303 ecclesiam
608 1255 693 1318 primo
722 1253 785 1317 deo,
817 1253 911 1304 deinde
934 1259 1025 1304 sancto
1049 1253 1162 1302 Iohanni
1185 1253 1353 1318 ewangeliste
1376 1253 1507 1318 beatoque
1529 1255 1635 1304 Donato
1659 1256 1767 1318 martyri
1791 1255 1840 1317 dei,

197 1359 321 1406 universa
344 1357 479 1406 dubietate
501 1358 595 1422 procul
618 1365 725 1420 remota,
748 1358 901 1422 persolvant
922 1359 1038 1408 referant
1060 1363 1086 1408 et
1108 1357 1227 1407 reddant.
1271 1357 1306 1404 Et
1328 1359 1350 1406 si
1374 1359 1433 1422 quis
1455 1357 1505 1407 hoc
1531 1365 1683 1422 preceptum
1706 1359 1734 1407 in
1757 1375 1840 1409 remu·

196 1462 357 1510 nerationem
381 1460 430 1509 ‹leo
453 1463 626 1528 constitutum
650 1447 850 1511 disveriere⁵
872 1461 915 1511 vel
938 1461 1100 1524 disrumpere
1122 1461 1297 1524 temptaverit,
1321 1460 1409 1510 odium
1433 1461 1475 1510 dei
1498 1467 1701 1526 sanctorumque
1724 1463 1840 1512 omnium

148 1565 178 1609 10
198 1565 360 1614 incessanter
389 1565 493 1613 lrabeat.
538 1565 573 1613 Et
600 1570 631 1614 ut
658 1566 705 1614 hec
734 1571 822 1614 nostre
846 1566 917 1629 regie
939 1567 1079 1628 potestatis
1102 1564 1210 1614 donatio
1233 1569 1260 1613 et
1282 1566 1439 1615 constitucio
1462 1580 1533 1614 nunc
1556 1569 1583 1614 et
1604 1565 1632 1614 in
1654 1565 1745 1615 futuro
1767 1565 1842 1615 firma

197 1673 222 1717 et
245 1668 402 1717 inconvulsa
423 1668 601 1732 permanendo
625 1670 766 1731 consistat,
797 1669 845 1718 hoc
874 1673 1026 1732 preceptum
1055 1667 1117 1717 inde
1140 1669 1318 1732 conscriptum
1341 1668 1420 1732 sigilli
1444 1671 1526 1718 nostri
1551 1670 1715 1733 inpressione
1737 1671 1842 1734 signare

196 1773 321 1821 iussimus
344 1788 476 1837 manuque
499 1774 606 1837 propria
628 1779 658 1820 ut
680 1773 749 1821 infra
771 1753 922 1822 teneturb
944 1772 1182 1822 corroboravimus.

298 1891 435 1975 Signum
458 1892 568 1958 domni
593 1891 724 1959 Ottonis
747 1894 856 1976 magni
880 1901 912 1958 et
933 1894 1137 1958 invictissimi
1161 1895 1367 1978 imperatoris
1391 1895 1520 1977 augarsti
1542 1896 1630 1976 (M.)c

297 1995 481 2060 Radbertus
505 1995 719 2061 cancellarius
742 1997 893 2063 advicem
916 1995 1089 2060 vaoionisd
1113 1997 1367 2083 archicapellani
1389 2002 1578 2082 recognovi.
1647 2027 1656 2032 ··

146 2156 176 2201 15
297 2137 387 2200 Data
411 2155 498 2200 x1111.
521 2135 652 2200 kalend.
675 2135 825 2200 novemb.
849 2158 934 2200 anno
958 2135 1122 2200 dominice
1148 2138 1381 2200 incarnationis
1411 2153 1650 2218 nccccnxvlu,
1680 2137 1783 2201 Rome
1807 2138 1840 2200 in

195 2238 334 2303 ecclesia
363 2241 466 2302 sancti
496 2240 599 2320 Petri,
633 2239 810 2304 indictione
834 2257 885 2322 xr,
919 2239 1057 2303 feliciter
1078 2261 1188 2322 amen,
1221 2261 1307 2304 anno
1330 2249 1430 2304 vero⁰
1453 2240 1583 2305 Ottonis
1606 2242 1716 2324 magni
1741 2242 1841 2323 impe·

195 2343 312 2406 ratoris
336 2343 466 2425 augusti
489 2344 580 2425 regni
603 2358 721 2424 xxxn,
745 2342 870 2426 imperii
895 2359 941 2405 vr.

975 2581 1062 2658 650.

931 2739 1105 2820 (aneon.)

145 2902 177 2948 eo
206 2875 285 2952 Otto
312 2878 399 2950 stelit
421 2877 486 2950 dos
509 2877 654 2950 Kloster·
676 2877 874 2976 Borylrorst
895 2891 1000 2951 anter·
1021 2879 1143 2950 seinse
1166 2878 1246 2950 aad
1267 2879 1326 2952 des
1345 2879 1573 2976 Erebiscliofs
1594 2905 1666 2951 voa
1689 2879 1839 2977 Μαράθ-

196 2999 286 3096 bary
312 2996 440 3073 Setini
466 2997 545 3070 stad
569 2998 715 3071 verlet‘lzt
740 2999 813 3071 illan
839 2998 993 3096 zieqleieb
1022 2999 1236 3071 Iazmaot'tiit
1260 2999 1341 3071 aad
1364 2999 1571 3072 Wailrecla.

1272 3137 1456 3210 Maqdeburp
1479 3139 1542 3196 968
1563 3137 1725 3197 November
1745 3140 1797 3196 23.

300 3329 355 3386 blo
377 3327 431 3385 das
454 3328 486 3386 J.
503 3329 588 3386 1540
611 3325 808 3400 eufqesetrtes
824 3324 949 3398 Ooaeept
966 3345 1006 3384 eu
1021 3328 1115 3384 daem
1134 3327 1326 3384 Transsemte
1342 3327 1383 3384 im
1398 3325 1425 3382 lc.
1444 3323 1647 3386 &macrobio
1660 3343 1700 3383 sa
1716 3323 1838 3398 Μαράθ-

297 3432 371 3504 bury
393 3428 452 3508 (A).

143 3588 176 3634 se
297 3567 439 3642 Ιηιάειυὶρ
462 3569 524 3626 llel.
548 3573 600 3638 12,
623 3572 687 3628 380
708 3575 743 3626 a⁰
764 3573 802 3628 71
827 3585 883 3627 aas
905 3565 1059 3638 Absclrrift
1081 3585 1137 3626 voa
1159 3567 1188 3626 A
1210 3565 1260 3645 (a).
1285 3599 1326 3610 —
1347 3567 1466 3626 Nieseri
1488 3568 1636 3626 Mdaster.
1664 3565 1840 3626 Urlamdea·

294 3672 409 3728 sarrsml.
433 3675 463 3741 2,
487 3676 528 3730 14
551 3679 585 3729 rt⁰
608 3674 628 3730 6
650 3689 706 3730 aas
730 3689 749 3730 a
771 3671 835 3729 aad
857 3669 1009 3741 Absolaist
1037 3688 1092 3728 eoa
1115 3671 1151 3727 A.
1175 3704 1217 3713 —
1240 3672 1385 3731 Wilntans
1408 3671 1511 3742 Weets.
1534 3671 1605 3732 ΚΠ.
1628 3675 1660 3741 2,
1679 3673 1721 3730 86
1742 3677 1776 3728 a⁰
1798 3673 1839 3730 89

296 3792 351 3834 otis
375 3775 411 3833 Α.
435 3809 477 3818 -
501 3775 629 3848 Stomps
648 3777 719 3848 Req.
745 3778 816 3834 458.

301 3913 376 3970 Weil
398 3913 453 3970 dns
470 3913 543 3983 Stift
566 3915 645 3970 aiclrt
668 3916 701 3970 in
723 3913 777 3971 der
791 3913 875 3986 lupe
896 3931 959 3972 war
981 3913 1027 3971 (lie
1042 3919 1162 3972 iussere
1178 3913 1403 3987 Beyloubipunp
1418 3915 1472 3972 der
1486 3913 1680 3986 betreffenden
1700 3913 1842 3972 Urleende

296 4017 512 4088 beisabriapen,
537 4017 698 4075 renterblieb
722 4018 768 4074 die
789 4036 845 4076 voa
867 4018 928 4074 ihm
951 4019 993 4074 im
1015 4021 1065 4076 16.
1083 4018 1111 4075 J
1111 4019 1137 4075 li.
1162 4018 1370 4091 aoehpesuclrtc
1389 4019 1617 4076 Transsomtioa
1631 4017 1695 4075 aad
1716 4017 1840 4076 oerblieb

296 4137 325 4175 es
348 4121 394 4177 boi
416 4120 481 4177 dem
505 4119 644 4191 Concepit
666 4119 704 4189 A,
728 4120 790 4190 aas
809 4121 926 4178 welches
948 4121 1005 4178 olle
1026 4123 1175 4192 sanstiyca
1197 4119 1389 4191 Abscliristen
1411 4121 1476 4179 aad
1497 4121 1554 4179 alle
1571 4119 1692 4178 Macte
1713 4119 1840 4177 surdelt-

293 4223 392 4294 9clren.
428 4221 498 4292 Aof
517 4225 617 4280 itinere
637 4223 909 4294 Glnubwrirdipkcit
932 4225 1013 4281 kann
1036 4224 1158 4283 dieselbe
1181 4227 1282 4283 eberrso
1299 4226 1391 4297 toenio
1407 4224 1565 4297 Aaspreclr
1581 4225 1710 4283 mactes
1746 4223 1840 4280 Aller-

297 4325 383 4397 dinps
399 4343 480 4382 niues
496 4325 657 4397 Borpborst
680 4329 754 4384 aoclr
776 4327 841 4383 dem
861 4327 1004 4399 Zeupaiss
1019 4327 1068 4384 des
1084 4326 1151 4386 Do.
1171 4333 1210 4386 11,
1236 4326 1364 4399 Stempf
1375 4328 1448 4400 Rey.
1467 4330 1526 4386 631
1551 4327 1615 4386 end
1630 4329 1680 4384 des
1696 4325 1764 4385 ΒΟ.
1783 4334 1839 4385 111.

297 4427 424 4499 Stemps
436 4429 505 4500 Rey.
522 4431 587 4487 922
608 4431 684 4485 ciaet
707 4447 762 4486 eoa
787 4427 852 4486 Otto
871 4438 894 4486 l.
919 4431 967 4485 ein
991 4431 1023 4486 ia
1046 4429 1098 4486 der
1121 4430 1311 4501 Hauptsoelrc
1332 4428 1401 4489 DO.
1419 4433 1482 4489 450
1501 4431 1625 4503 pleiclees
1648 4429 1773 4502 Prdeept
1796 4446 1840 4485 er·

296 4531 393 4588 holten
415 4532 518 4600 baben,
549 4549 580 4589 so
604 4531 672 4588 does
696 4532 743 4588 die
765 4532 865 4602 Frope
886 4532 1024 4601 mineat,
1055 4533 1089 4589 ob
1112 4533 1166 4590 dos
1189 4530 1250 4600 aas
1274 4549 1331 4590 aas
1351 4533 1537 4604 yelommene
1560 4531 1651 4590 Staclc
1673 4533 1737 4589 εἰπε
1759 4531 1841 4588 storlr

295 4635 507 4692 riberarlreitete
528 4633 592 4691 aad
614 4633 761 4693 earlmbtc
785 4632 875 4704 Copia
897 4635 936 4691 ist
958 4633 1028 4691 oder
1049 4636 1083 4692 ob
1107 4651 1136 4692 es
1158 4634 1248 4691 olleia
1271 4633 1335 4690 (lem
1357 4635 1499 4692 Versaelte
1528 4637 1591 4692 eine
1619 4635 1765 4692 oerlorene
1785 4635 1840 4694 Ur·

294 4738 392 4796 lende
414 4755 453 4794 eu
476 4741 604 4796 ersmers
626 4739 706 4794 seiae
728 4737 913 4809 misichone
936 4737 1085 4797 seranna.
1125 4739 1216 4796 Hatte
1231 4737 1293 4794 sicli
1309 4738 1412 4794 bereits
1428 4737 1550 4795 Errare
1564 4737 1633 4810 neq.
1658 4737 1760 4808 Westf.
1779 4739 1840 4796 610

297 4839 352 4910 far
374 4841 490 4899 letrtcre
505 4841 659 4898 Ariaolrme
681 4842 920 4914 nospesproclrca
944 4858 976 4899 so
999 4843 1099 4898 coclite
1121 4842 1197 4899 oaelr
1220 4845 1252 4900 ia
1275 4842 1381 4899 diesem
1398 4841 1482 4899 Folle
1496 4842 1605 4900 Ficler
1619 4842 1713 4900 Beitr.
1732 4846 1761 4912 1,
1778 4843 1841 4902 196

294 4943 342 5002 die
362 4944 641 5017 L'neertrcipliclrlceit
660 4947 799 5016 caasser
814 4945 979 5002 Merkmole
1000 4945 1063 5001 end
1081 4945 1279 5018 Zdtanqnben
1302 4949 1391 5002 anter
1412 4945 1555 5003 einander
1576 4945 1622 5004 als
1635 4945 1726 5018 Foloe
1748 4945 1841 5003 siclt·
1922 4999 1931 5008 .

296 5049 495 5106 eialeitliclrer
516 5049 670 5122 Datiranp
695 5049 902 5118 sarzanensis,
934 5051 1024 5108 wobei
1046 5067 1079 5107 er
1099 5051 1175 5107 auch
1204 5049 1252 5107 die
1280 5048 1435 5133 tlrcilweise
1461 5047 1764 5122 Uebereiaetimmmsp
1786 5065 1840 5106 een

295 5149 364 5210 Do,
381 5157 443 5212 450
459 5153 523 5211 arrd
539 5154 603 5210 dein
617 5153 684 5215 DO.
703 5163 742 5213 11.
766 5171 806 5212 re
825 5154 959 5213 Genetes
982 5154 1032 5212 des
1055 5158 1183 5212 ersteren
1198 5153 1314 5226 peltend
1329 5153 1449 5211 meslete.
1486 5153 1567 5212 Aber
1581 5154 1660 5212 disse
1673 5154 1841 5212 stilistisclre

300 5253 552 5327 Verwandtsclraft
574 5258 662 5316 bildet
685 5260 770 5315 eines
791 5257 1047 5330 Vardaclrtsprund
1070 5258 1160 5326 mehr,
1191 5257 1230 5316 do
1249 5257 1324 5316 WB.
1348 5256 1415 5314 dem
1437 5257 1491 5316 des
1515 5257 1618 5316 Dictat
1640 5257 1690 5316 dee
1712 5257 1781 5317 DO.
1801 5267 1838 5326 Π,

295 5360 525 5418 euzosclrreiben
553 5362 600 5429 ist,
633 5363 665 5418 ia
693 5361 759 5420 dem
786 5360 842 5432 fiir
863 5361 912 5418 die
934 5360 1163 5434 Beorlamdony
1186 5377 1432 5433 onqenommeaen
1456 5359 1488 5419 J.
1506 5362 1570 5420 968
1592 5361 1664 5420 aoclr
1686 5362 1766 5420 nicht
1789 5361 1841 5419 der

295 5461 422 5519 Konelci
444 5463 618 5536 onychina·
639 5466 683 5522 sie
705 5465 849 5524 bekmrdet
872 5465 935 5524 also
959 5465 1092 5538 ledipliclr
1114 5464 1183 5523 does
1207 5462 1263 5535 ἴαν
1284 5465 1331 5522 die
1346 5463 1522 5538 Absassanp
1543 5483 1599 5524 een
1615 5464 1682 5525 ΒΟ.
1700 5467 1762 5526 450
1786 5467 1840 5525 dos

279 5645 476 5715 tls.[sick01]
580 5651 606 5712 a)
622 5655 684 5700 dati
703 5651 841 5701 disvestire
858 5651 906 5700 der·
923 5651 1030 5715 Vorlape
1132 5652 1160 5714 b)
1176 5657 1237 5700 riott
1254 5650 1359 5701 videtur
1376 5649 1424 5702 der
1441 5649 1549 5716 Ver-aqi
1643 5655 1667 5716 c)
1690 5651 1840 5704 wemno-

362 5733 464 5780 9msrm
567 5717 637 5782 d)0
738 5721 762 5783 e)
779 5735 797 5768 u
816 5719 882 5770 oliae
899 5717 1177 5784 Ahmrqneielrm.

245 5823 437 5868 mammam
452 5826 470 5868 ι
1578 5831 1616 5890 77
