4554 6414
431 420 473 484 70
1032 426 1485 485 KAISERURKUNDEN.

429 607 563 673 nobium
593 609 626 672 in
655 630 741 693 pago
764 608 1013 692 Vuestergouue
1042 609 1075 672 in
1105 609 1263 672 comitatu
1286 607 1533 692 Meginvuarcbi
1558 607 1622 672 duo
1645 607 1720 671 loca
1741 606 1929 670 Barcuelda
1953 615 1988 669 et
2012 606 2099 669 Bre-

429 713 521 796 tinga
543 713 711 775 nominata
734 733 809 775 eum
832 709 1003 774 curtilibus
1026 710 1185 775 aedificiis
1208 712 1381 795 mancipiis
1405 711 1499 774 terris
1522 709 1618 774 cultis
1641 719 1674 774 et
1699 710 1831 774 incultis
1861 711 1969 797 pratis
1999 711 2098 794 agris

429 817 555 899 eampis
584 816 716 900 pascuis
746 814 836 878 silvis
866 816 960 899 aquis
990 837 1214 899 aquarumque
1244 813 1436 878 decursibus
1459 813 1654 878 molendinis
1677 815 1740 878 viis
1763 822 1795 878 et
1818 815 1915 878 inviis
1941 813 2096 878 exitibus

429 929 461 982 et
482 918 641 983 reditibus
665 919 821 1005 quaesitis
845 927 877 982 et
899 918 1099 1003 inquirendis
1124 917 1338 1003 omnibusque
1361 917 1565 1003 appendiciis
1581 927 1614 982 et
1629 917 1822 982 adiacentiis
1839 919 1917 982 suis.
1945 918 2096 1002 Insuper

429 1031 462 1085 et
483 1022 599 1088 eodem
621 1021 801 1086 venerabili
824 1021 945 1085 abbate
968 1031 1105 1105 rogante
1128 1022 1282 1086 iussimus
1305 1031 1409 1086 totam
1431 1021 1599 1086 marcham
1629 1020 1719 1086 illam
1747 1021 1791 1086 ad
1816 1023 1989 1086 matricem
2013 1041 2130 1086 aec-o

429 1126 563 1190 clesiam
586 1128 621 1190 in
641 1126 811 1211 Breitinga
835 1135 1054 1211 spectantem,
1090 1126 1174 1190 sicut
1202 1146 1261 1209 per
1286 1124 1400 1189 fideles
1423 1127 1512 1189 viros
1535 1147 1609 1190 cum
1631 1123 1839 1190 iurisiurandi
1863 1125 2094 1189 affirmatione

429 1230 653 1295 circumducta
669 1239 727 1313 est,
751 1253 810 1316 per
826 1229 955 1316 singula
970 1230 1044 1294 loca
1062 1231 1254 1295 nominatim
1277 1228 1394 1293 litteris
1418 1229 1530 1313 signiri
1554 1239 1587 1292 et
1608 1227 1684 1292 huic
1707 1237 1796 1293 carto
1812 1227 1967 1294 inscribi:
1992 1229 2093 1292 cuius

430 1336 624 1420 principium
652 1344 702 1400 est
730 1335 786 1400 ubi
810 1334 975 1400 Sueinaha
1006 1334 1096 1399 cadit
1124 1335 1158 1397 in
1179 1331 1366 1398 Vuisaraba
1394 1341 1427 1395 et
1456 1333 1503 1396 sic
1534 1354 1661 1396 sursum
1690 1353 1748 1416 per
1771 1331 1916 1396 eiusdem
1939 1331 2092 1396 fluminis

430 1438 559 1502 alveum
582 1439 686 1504 tendit
708 1440 752 1504 ad
775 1439 949 1504 orientales
973 1439 1042 1502 eius
1065 1439 1172 1502 fontes
1195 1436 1251 1501 ubi
1276 1438 1391 1518 oritur,
1427 1445 1526 1522 atque
1549 1436 1624 1501 inde
1647 1438 1815 1521 perveniet
1837 1437 1871 1499 in
1893 1434 2006 1500 locum
2032 1436 2092 1520 qui

430 1539 549 1604 dicitur
564 1539 832 1623 Gervuenestein,
856 1543 967 1626 sicque
991 1540 1153 1626 pertendit
1175 1542 1208 1604 in
1231 1540 1400 1604 fluviolum
1415 1539 1627 1604 Drusandam
1644 1563 1706 1625 que
1725 1541 1911 1605 nominatur
1928 1537 2091 1620 candida,
2112 1560 2144 1606 10

430 1653 528 1708 etex
551 1647 646 1710 eain
667 1645 766 1711 aliam
789 1645 1000 1710 Drusandam
1028 1667 1112 1731 quae
1142 1645 1260 1710 dicitur
1287 1646 1398 1729 nigra,
1432 1644 1508 1709 inde
1529 1645 1564 1708 in
1586 1641 1718 1708 Aldaha
1741 1652 1838 1707 etex
1861 1643 1959 1706 cain
1983 1642 2093 1706 direc-

430 1756 499 1813 tum
527 1748 612 1814 ultra
641 1750 860 1814 Vuisarabam
891 1760 923 1814 et
950 1771 1010 1834 per
1037 1751 1142 1835 ripam
1171 1749 1303 1814 Rosaha
1333 1771 1462 1813 sursum
1492 1746 1700 1834 progreditur
1728 1768 1830 1832 usque
1860 1747 1893 1809 in
1926 1744 2092 1826 Fisbacb,

431 1850 548 1916 deinde
576 1855 611 1917 in
638 1852 817 1917 Marcbach
847 1855 958 1939 sieque
985 1853 1189 1937 pertenditur
1216 1855 1250 1917 in
1278 1852 1347 1916 thia
1376 1851 1645 1936 Hugesbovchun
1673 1853 1778 1922 et,sic
1801 1851 1920 1914 transit
1941 1851 1977 1912 in
2000 1849 2092 1913 Ruo-

431 1953 714 2021 delahesbrrmnen
737 1966 769 2021 et
791 1979 850 2042 per
870 1965 1013 2021 montem
1037 1958 1091 2042 qui
1115 1957 1234 2020 dicitur
1251 1955 1366 2022 Blesse
1388 1957 1423 2019 in
1438 1953 1657 2019 Arabenbaeb
1679 1963 1713 2019 et
1734 1976 1793 2039 per
1815 1953 1905 2018 illam
1929 1953 2090 2017 deorsum

430 2058 463 2120 in
486 2057 674 2124 Vuisaraba
698 2083 891 2146 sursumque
914 2060 1083 2145 perillam
1106 2083 1209 2146 usque
1232 2059 1288 2123 ubi
1312 2058 1477 2124 Sueinaha
1498 2057 1571 2121 fluit
1592 2059 1626 2121 in
1649 2079 1732 2121 eam.
1770 2057 1928 2121 Iussimus
1952 2077 2143 2142 quoquere

429 2160 492 2225 hoc
515 2173 704 2247 preceptum
728 2164 804 2229 inde
827 2163 990 2229 conscribi
1012 2164 1148 2228 firmiter
1170 2165 1398 2249 precipientes,
1423 2171 1583 2248 quatenus
1606 2163 1774 2246 proesatus
1798 2160 1885 2225 abba
1906 2160 2090 2245 Megingoz

432 2266 545 2350 suique
574 2289 781 2332 successores
809 2268 909 2331 talem
932 2267 1007 2332 inde
1029 2266 1174 2332 babeant
1196 2267 1331 2331 ulterius
1355 2275 1553 2351 potestatem
1577 2267 1661 2328 sicut
1683 2274 1715 2328 et
1738 2263 1778 2328 de
1802 2264 1875 2328 aliis
1898 2263 1999 2328 rebus
2023 2286 2091 2349 que

431 2367 473 2432 ab
503 2372 646 2456 antiquis
674 2373 876 2457 temporibus
905 2371 950 2436 ad
977 2380 1193 2437 memoratum
1222 2370 1417 2435 coenobium
1447 2372 1608 2454 pertinere
1636 2368 1841 2433 videbantur.
1883 2368 1927 2432 Et
1956 2377 1995 2431 ut
2022 2367 2090 2432 hoe

430 2481 540 2538 nostre
563 2479 827 2542 commutationis
849 2486 1040 2562 preceptum
1062 2475 1191 2540 firmum
1221 2475 1403 2560 stabileque
1431 2483 1639 2559 permaneat,
1673 2496 1773 2538 manu
1801 2482 1913 2538 nostra
1941 2472 2090 2536 firmavi·

430 2598 502 2640 mus
526 2578 679 2664 anulique
702 2563 806 2644 nostri
826 2582 1029 2667 inpressione
1051 2581 1201 2664 insigniri
1223 2581 1387 2644 iussimus.
1762 2662 1765 2668 Ι
2107 2597 2140 2644 ao

531 2730 546 2814 l
568 2733 704 2821 Signum
727 2735 849 2801 domini
872 2735 1006 2801 Henrici
1032 2736 1096 2816 (M.)
1121 2736 1317 2800 serenissimi
1340 2737 1437 2820 regis.
1460 2736 1474 2818 ᾖ

531 2853 659 2939 {Papo
682 2857 829 2921 notarius
852 2856 1002 2921 adviccm
1025 2855 1201 2921 Hildiberti
1225 2856 1480 2942 archicapellani
1503 2858 1679 2941 recognovi
1701 2855 1716 2938 Ξ
1739 2857 1809 2938 (SR.
1824 2853 1929 2936 NN.)b
1954 2857 2055 2936 (SI.)c

531 3006 657 3088 {Data
687 3011 754 3076 kal.
784 3013 862 3076 iunii
890 3009 904 3090 Ξξ
932 3035 1018 3077 anno
1052 3013 1286 3076 incarnationis
1321 3013 1482 3077 dominice
1516 3028 1759 3096 Dccccxxmn,
1798 3011 1977 3076 indictione
2008 3029 2048 3076 111
2063 3010 2088 3094 d,

428 3123 587 3198 regnante
610 3116 757 3200 piissimo
780 3115 936 3181 Heinrioo
960 3139 1046 3181 anno
1070 3113 1164 3198 xu‘¹;
1198 3125 1308 3180 aetum
1330 3117 1599 3199 Franconovu1t3
1633 3117 1666 3180 in
1698 3115 1749 3179 dei
1781 3117 1910 3179 nomine
1943 3114 2089 3179 feliciter

429 3238 535 3282 amen.
2108 3237 2141 3283 aa

1228 3409 1291 3486 36.

431 3559 606 3636 Heiatficlt
631 3562 772 3637 retenta
798 3564 877 3638 dem
904 3565 1046 3664 Grqfea
1073 3563 1235 3664 Siplsrid
1246 3563 1482 3661 ,Greninpera
1509 3563 1777 3661 Kroppeastedt
1801 3563 1881 3636 aad
1905 3564 2090 3638 Erramu-

431 3684 535 3780 dm'P·
1576 3723 1775 3783 Nordlmusca
1797 3725 1859 3781 934
1884 3723 1967 3781 Jum
1989 3729 2045 3784 25.

533 3910 686 3982 Alscloril't
707 3911 901 3986 Kiadliayas
924 3931 980 3970 arta
1003 3913 1068 3970 clera
1090 3913 1177 3972 Eadc
1199 3913 1249 3972 des
1272 3917 1324 3972 18.
1344 3911 1398 3972 Jlr.
1423 3911 1470 3990 (es
1492 3916 1577 3986 eopia
1599 3933 1674 3976 saer.
1699 3924 1727 3974 X
1733 3915 1770 3993 V.)
1795 3917 1826 3972 ia
1848 3915 1954 3973 ‹lassen-
1970 3917 2092 3976 Sam-ru-

533 4016 604 4088 Iuap
627 4015 684 4078 Bu.
707 4021 768 4074 101
788 4035 822 4089 p.
847 4021 889 4076 97
910 4019 953 4074 iar
975 4017 1003 4077 lt.
1027 4018 1229 4076 Stootsarelrir
1250 4037 1288 4074 ru
1313 4017 1455 4074 irrorare-r
1479 4015 1540 4094 (A)
2113 4032 2148 4078 30

533 4170 713 4244 Kiaclliaper
727 4172 946 4231 Materterisrhe
961 4173 1056 4232 Beitr.
1072 4169 1115 4244 3⁶,
1135 4177 1152 4231 1
1173 4179 1207 4230 η’)
1221 4178 1238 4232 1
1264 4191 1320 4232 aas
1336 4173 1363 4230 Α
1380 4198 1420 4228 =
1437 4175 1624 4235 Heiaemuna
1641 4175 1704 4236 OD.
1721 4174 1841 4235 Aalralt.
1859 4179 1888 4244 1,
1909 4180 1925 4233 1
1948 4183 1983 4232 πθ
1999 4181 2030 4235 1.
2050 4212 2094 4220 -

535 4275 664 4332 Balanea·
685 4276 759 4348 Ray.
776 4280 827 4336 66.
850 4311 892 4320 -
916 4276 1043 4350 Stamps
1060 4277 1133 4350 Ray.
1157 4281 1208 4336 43.

534 4430 619 4489 Neela
644 4431 697 4489 der
719 4432 888 4506 Abbildanq
910 4433 960 4490 des
983 4433 1044 4492 SR.
1068 4436 1099 4490 r'n
1123 4434 1150 4491 A
1173 4453 1227 4492 roa
1250 4435 1314 4495 ΡΑ.
1340 4435 1541 4510 απίε-νῙεήίρί,
1575 4435 1811 4495 wulrrselreialirh
1832 4435 1908 4492 arira
1928 4454 2013 4507 year
2036 4456 2095 4495 ron

536 4535 596 4591 ilem
616 4536 811 4607 pesrlrriebeu.
848 4537 908 4595 Die
929 4537 1069 4611 Fassaap
1092 4537 1219 4612 dapeyca
1243 4541 1374 4598 erinacrt
1396 4557 1437 4597 (aa
1459 4540 1519 4599 SE.

637 4721 676 4785 ln
697 4724 828 4787 nomine
852 4731 986 4788 sanctae
1009 4732 1042 4789 et
1063 4724 1251 4789 individuae
1274 4727 1438 4791 trinitatis.
1470 4726 1645 4791 Heinricus
1664 4726 1775 4792 divina
1793 4726 1925 4791 favente
1942 4726 2094 4793 clemen·
2114 4743 2149 4789 35

432 4823 478 4888 tia
500 4845 569 4888 rex.
658 4825 693 4890 Si
715 4825 860 4891 fidelium
883 4837 1068 4894 nostrorum
1091 4829 1304 4914 petitionibus
1328 4830 1504 4896 clementer
1526 4831 1751 4914 annuerimus,
1773 4852 1839 4895 non
1863 4830 1969 4894 solum
1995 4835 2096 4916 regni

432 4949 555 4992 morem
584 4926 737 4993 docenter
766 4931 953 5015 implemus,
987 4954 1100 4997 verum
1130 4934 1229 4997 etiam
1258 4934 1390 4998 cosdem
1419 4934 1462 4999 ad
1492 4935 1659 5000 servitium
1687 4944 1834 4998 nostrum
1864 4936 2096 5018 promptiores

434 5029 603 5095 efficimus.
640 5031 719 5097 Ideo
743 5036 894 5098 noverint
918 5058 1030 5100 omnes
1052 5035 1166 5101 fideles
1190 5041 1484 5122 nostri⁸presentes
1509 5038 1633 5102 scilicet
1655 5046 1688 5101 et
1710 5037 1825 5118 futuri,
1860 5036 2005 5122 qualiter
2028 5061 2096 5103 nos

434 5130 588 5215 Sigifrido
613 5134 731 5200 dilecto
756 5159 795 5201 ac
818 5138 906 5202 fideli
931 5141 1041 5204 comiti
1065 5151 1177 5204 nostro
1201 5150 1319 5225 rogatu
1342 5140 1476 5206 Henrici
1498 5141 1605 5206 fidelis
1635 5142 1763 5206 comitis
1791 5141 1896 5204 nostri
1923 5142 2097 5226 quasdam

433 5257 486 5298 res
508 5248 637 5302 nostras
660 5240 693 5303 in
715 5243 948 5326 proprietatem
971 5244 1177 5328 donavimus,
1200 5245 1263 5309 hoc
1286 5248 1392 5311 estin
1415 5268 1501 5332 pago
1518 5245 1639 5309 Sueuia
1662 5245 1854 5309 nominato¹‘
1876 5245 1909 5307 in
1925 5247 2096 5313 comitatu
2119 5259 2156 5308 40

536 5425 577 5480 35.
605 5430 634 5492 b)
645 5429 717 5494 sdes
727 5429 836 5482 Zcichcn
852 5431 894 5483 die
911 5433 961 5483 den
981 5433 1065 5483 Notca
1080 5449 1130 5482 oon
1148 5433 1208 5484 PB.
1226 5451 1269 5484 am
1286 5435 1407 5486 adcluten
1427 5436 1526 5498 stelen,
1553 5436 1615 5486 uber
1632 5436 1698 5486 auch
1721 5436 1803 5486 (lmen
1824 5451 1874 5485 oon
1897 5433 1955 5486 PA.
1978 5438 2101 5505 mcaye-

605 5497 874 5551 hildesemenses
966 5506 992 5565 c)
1009 5502 1059 5552 dar
1077 5501 1162 5566 Siepel
1178 5505 1215 5552 ira
1227 5504 1279 5555 Stil
1296 5505 1341 5554 dcv
1358 5509 1397 5555 12.
1411 5505 1457 5556 Jl.
1477 5506 1521 5555 hot
1538 5507 1581 5556 die
1596 5506 1714 5572 Legerda
1730 5504 1925 5555 HEINRICVS
1944 5507 2022 5557 REX
2040 5511 2103 5562 md

604 5567 672 5618 stell!
689 5569 742 5619 dea
758 5569 845 5635 Koniq
862 5573 910 5621 mit
926 5572 985 5621 deas
1003 5571 1118 5622 Schwert
1136 5573 1165 5620 in
1187 5572 1234 5623 der
1251 5573 1354 5623 Lialrm
1376 5574 1440 5637 dar,
1463 5591 1517 5625 aaa
1534 5576 1587 5638 ares
1598 5577 1640 5625 eia
1660 5573 1855 5636 Gaiobuac'gqel
1871 5572 2016 5625 multem
2033 5578 2103 5631 lma

606 5636 634 5702 il)
653 5637 721 5688 wohl
738 5639 888 5690 metatam
905 5657 952 5690 aaa
971 5641 1023 5692 ind.
1042 5653 1074 5691 vl
1089 5685 1092 5690 .
1106 5681 1111 5691 .
1127 5657 1196 5692 anno
1215 5655 1263 5694 xv.

536 5737 578 5796 fill.
605 5739 699 5808 [Folta]
803 5745 830 5806 a)
848 5747 1010 5794 nominatum
1028 5744 1060 5796 A.
2119 5761 2157 5806 45
