4560 6420
907 389 1032 448 ΟΤΤΟ
1053 390 1078 446 Ι.
1102 385 1174 447 953.
1799 380 1863 446 249

217 573 278 639 deo
301 571 518 637 militantibus
547 571 740 637 electionem
762 569 945 654 regularem
968 592 1008 634 ac
1031 571 1298 637 confirmaremus
1327 579 1438 656 nostre
1461 573 1701 658 praeceptionis
1723 575 1863 639 auctori·

216 685 293 741 tate.
339 673 440 740 Ouius
463 676 617 760 peticioni
639 676 724 758 iuste
746 684 899 761 recteque
922 676 975 760 pie
999 683 1178 738 annuentes
1200 672 1314 738 libenti
1337 675 1447 739 animo
1470 696 1641 740 assensum
1663 675 1862 762 prebuimus,

216 788 249 843 et
270 789 307 845 ut
328 780 392 842 ista
414 779 584 842 concessio
608 786 641 842 et
661 779 749 841 insta
771 777 976 842 confirmatio
1000 777 1197 862 perhennem
1226 779 1373 862 optinere
1401 776 1511 842 valeat
1543 779 1577 841 in
1606 778 1737 844 domino
1766 779 1863 844 firmi·

217 891 327 964 tatem,
360 880 424 947 hoc
446 888 579 946 nostrae
601 879 859 945 mansuetudinis
882 878 1025 944 edictum
1046 879 1117 943 fieri
1140 880 1326 946 censuimus
1355 903 1413 966 per
1441 880 1529 967 quod
1551 890 1730 958 statuentes
1753 881 1864 948 decer-

182 987 348 1053 onimus⁰
370 983 540 1070 modisque
563 983 714 1049 omnibus
737 984 931 1066 sanccimus,
955 993 990 1048 ut
1012 982 1165 1048 monachi
1187 984 1243 1068 qui
1266 986 1300 1048 in
1322 984 1496 1071 praedictis
1526 985 1694 1053 coenobiis
1716 1010 1803 1051 nunc
1832 997 1865 1051 et

219 1088 373 1174 deinceps
396 1087 517 1153 divinis
539 1087 770 1154 famularerint
792 1086 920 1170 officiis,
942 1085 1086 1151 habeant
1102 1109 1145 1150 ex
1160 1096 1263 1152 semet
1275 1089 1357 1173 ipsis
1374 1089 1554 1155 secundum
1574 1091 1678 1156 sancti
1693 1089 1863 1155 Benedicti

215 1194 452 1258 institutionem
485 1191 615 1258 abbatis
647 1188 864 1257 electionem‘
884 1192 939 1276 qui
973 1188 1152 1256 secundum
1187 1202 1298 1276 sancte
1331 1191 1497 1278 religionis
1532 1194 1671 1259 formam
1701 1192 1863 1259 ambobus

217 1297 340 1382 praesit
362 1297 578 1378 monasteriis,
598 1296 676 1382 quia
692 1294 779 1378 olim,
803 1303 980 1380 antequam
994 1294 1161 1378 praefatus
1177 1291 1265 1358 abba
1281 1293 1325 1358 ibi
1343 1294 1512 1360 ordinatus
1530 1296 1654 1378 fuisset,
1679 1295 1863 1362 audivimus

216 1421 255 1463 ea
278 1421 337 1485 per
358 1399 496 1485 pecunie
514 1420 658 1464 amorem
674 1397 734 1465 sub
752 1419 833 1463 cura
847 1398 1108 1484 praepositorum
1129 1396 1171 1460 ab
1187 1399 1328 1463 invicem
1344 1399 1445 1465 fuisse
1462 1410 1623 1486 separata,
1647 1399 1736 1488 quod
1750 1409 1863 1466 nostro

166 1521 199 1568 10
217 1524 350 1588 prorsus
372 1503 509 1589 imperio
531 1501 601 1567 fieri
623 1500 843 1589 probibemus,
867 1511 903 1566 ut
918 1499 1026 1566 nullus
1042 1523 1101 1586 per
1115 1502 1251 1586 pecunie
1268 1511 1283 1550 ⁸
1305 1501 1482 1568 falsitatem
1497 1504 1642 1591 aliquam
1659 1504 1865 1570 introducere

216 1607 250 1670 in
271 1606 395 1672 eisdem
417 1605 538 1671 audeat
559 1627 750 1692 personam,
779 1605 838 1671 sed
859 1607 953 1670 iuxta
975 1605 1183 1690 antiquorum
1205 1615 1335 1690 patrum
1357 1607 1506 1672 instituta
1528 1607 1720 1693 regulariter
1741 1608 1866 1694 eligant

217 1708 280 1774 sibi
301 1708 472 1793 abbatem,
512 1719 671 1797 quatenus
699 1710 734 1773 in
757 1708 877 1774 divinis
900 1707 1043 1773 cultibus
1065 1705 1285 1774 indesinenter
1313 1719 1542 1795 permanentes
1560 1733 1620 1795 pro
1646 1710 1750 1776 salute
1771 1713 1864 1797 regni

216 1813 319 1876 nostri
341 1811 596 1878 misericordiam
609 1809 697 1877 'deil
718 1809 893 1877 attentiusi
914 1812 1088 1898 implorare
1110 1811 1252 1878 valeant.
1297 1813 1341 1877 Et
1361 1823 1398 1878 ut
1418 1814 1501 1879 baec
1523 1816 1711 1900 praeceptio
1734 1823 1866 1879 maneat

216 1915 375 1981 inviolata
396 1924 429 1980 et
450 1917 485 1979 in
506 1926 698 2003 perpetuum
724 1914 952 2000 corroborata,
986 1937 1102 1980 manus
1124 1926 1258 1982 nostrae
1281 1915 1500 2003 descriptione
1530 1917 1641 1983 subter
1662 1939 1736 1982 eam
1759 1919 1865 2002 signa-

167 2018 333 2085 lavimus.
365 2016 458 2100 (Μ.)Ῑῐ

1001 2207 1087 2282 158.

226 2361 305 2438 Otto
329 2363 490 2460 bestdtipt
507 2361 576 2434 den
594 2362 757 2435 Noucec
779 2361 839 2435 des
856 2313 1014 2436 Klosters
1036 2359 1154 2438 Ocrea
1172 2388 1217 2434 za
1239 2361 1343 2436 ilice
1365 2362 1423 2436 die
1445 2363 1555 2437 elenen
1576 2391 1657 2437 zum
1683 2364 1869 2438 Ueterlrult

216 2483 478 2582 chewiesecec
499 2479 612 2557 Gitter
630 2481 695 2554 der
707 2482 821 2572 Atrei,
845 2481 992 2555 verledtt
1007 2481 1117 2554 denec
1135 2481 1202 2554 dns
1224 2482 1424 2557 Walter-ectr
1438 2482 1519 2556 und
1533 2484 1622 2557 stelit
1637 2483 1704 2558 dus
1721 2485 1867 2558 Ktosnr

209 2602 284 2702 fill*
306 2602 374 2675 adid
393 2601 475 2674 Zeii
493 2613 599 2674 thille?
619 2600 816 2699 dilulfflllcdle
841 2599 988 2677 Gewadl.
1412 2641 1521 2700 Mam
1543 2643 1607 2702 953
1628 2640 1748 2716 August
1768 2646 1820 2704 20·

168 2845 202 2892 20
324 2827 571 2902 Orieimldeplcm
593 2829 636 2885 im
657 2827 686 2886 lt.
710 2825 912 2886 Stuatsurebie
931 2845 973 2886 eu
994 2825 1101 2885 Berlin
1122 2825 1182 2906 (A).

322 2981 421 3054 Hcser
444 2982 583 3042 Zeitscltr.
609 2985 637 3052 1,
660 2984 725 3042 363
752 2983 828 3040 ‚1⁰5
856 2997 913 3040 arse
934 2979 974 3041 A.
1008 3016 1050 3025 -
1081 2981 1180 3056 Beyer
1206 2981 1399 3042 Mittelrlteia.
1427 2981 1492 3043 ΠΒ.
1516 2988 1546 3054 1,
1568 2984 1634 3044 255
1661 2987 1695 3042 2⁸⁰
1716 2984 1780 3044 195
1809 3001 1866 3044 uus

321 3087 359 3144 A.
388 3120 430 3129 -
459 3084 543 3158 aare
563 3084 635 3146 DD.
658 3083 861 3158 quadrupiata
882 3089 904 3144 7
923 3087 1001 3143 2⁸⁰6
1028 3101 1085 3144 aas
1107 3084 1144 3143 A.
1179 3119 1221 3128 —
1254 3086 1341 3144 Face.
1370 3087 1404 3144 ia
1430 3085 1570 3145 Berliner
1591 3084 1763 3157 Attilae,
1796 3085 1865 3157 Tus.

321 3192 373 3250 22.
403 3223 445 3233 -—
472 3188 601 3262 &ineps
617 3189 690 3262 aa.
713 3189 787 3248 228.
817 3219 860 3232 -
889 3186 1185 3247 accumulasse.
1208 3190 1281 3261 Rea.
1305 3191 1377 3249 955.

325 3345 458 3417 Versusst
480 3345 545 3404 med
562 3345 747 3418 quaeum
768 3359 825 3402 coa
845 3341 913 3401 LA.
956 3341 1050 3403 Ueber
1070 3343 1268 3416 preveniente,
1303 3341 1421 3402 cretes
1445 3343 1522 3402 aucit
1543 3344 1577 3402 in
1599 3342 1648 3403 die
1670 3343 1866 3418 Bestetiqm

325 3449 392 3509 Otto
408 3458 449 3509 11.
475 3447 603 3523 &scapi
620 3449 691 3522 Rea.
716 3449 780 3507 603
801 3446 1022 3520 cammaron
1044 3447 1093 3516 ist,
1116 3463 1140 3505 a.
1163 3446 1231 3506 DO.
1256 3450 1328 3506 167.
1355 3480 1393 3490 -
1417 3448 1469 3506 Ich
1490 3447 1563 3506 hate
1584 3449 1639 3506 mit
1662 3447 1743 3508 Gerr
1764 3448 1867 3508 Insula

321 3553 365 3612 als
387 3554 592 3627 mmmmm
614 3551 775 3622 tehundelt,
799 3567 918 3622 cumae
939 3549 1011 3607 ater
1031 3551 1112 3609 nictu
1134 3553 1188 3609 wie
1209 3551 1305 3610 dieser
1325 3553 1360 3609 ie
1381 3550 1448 3609 dem
1469 3549 1728 3625 anteferenda
1751 3551 1797 3611 uel
1819 3551 1867 3611 die

323 3655 474 3728 Ortsotm
489 3657 556 3715 Feli
576 3674 617 3714 aa
638 3654 791 3724 erbliekem
814 3653 917 3712 welche
938 3651 1054 3712 ummo
1071 3653 1166 3714 Vallis
1189 3655 1318 3714 camur
1340 3654 1417 3714 wird
1439 3653 1503 3714 arrd
1524 3653 1556 3715 S.
1571 3654 1726 3714 Maeimr'a
1739 3655 1865 3728 emme.

323 3758 480 3834 Uebripena
501 3760 601 3817 muthe
622 3759 669 3817 ich
690 3757 785 3816 aeder
798 3755 866 3816 LA
889 3756 963 3815 noch
985 3755 1051 3814 den
1066 3756 1218 3818 Sctrctter
1239 3759 1293 3817 der
1312 3776 1404 3818 eaeor
1426 3758 1594 3817 mebeten
1608 3758 1805 3832 Bestutipuap
1827 3777 1868 3817 ru

321 3863 370 3921 die
392 3862 585 3934 betreffendee
603 3860 791 3932 Onochaften
809 3861 939 3934 omnm
960 3860 1025 3919 ard
1042 3860 1132 3920 dem
1145 3860 1265 3920 Numen
1278 3863 1312 3919 ia
1326 3861 1575 3935 mweidaetiyer
1593 3863 1688 3922 Weise
1704 3864 1868 3937 mpeqeben
1980 3937 1982 3946 y

320 3984 361 4025 aa
382 3968 486 4038 tuem,
509 3984 541 4026 so
563 3966 632 4026 dass
655 3965 708 4024 der
726 3964 980 4039 Locatforselrunq
1002 3965 1094 4037 freier
1116 3963 1288 4039 Spielraum
1309 3983 1350 4024 ea
1372 3967 1507 4024 weiterea
1521 3963 1868 4038 Frkldrunpeeersuehcs

321 4070 417 4130 bleibt.
436 4103 474 4114 —
491 4069 530 4128 Ia
544 4069 597 4128 der
611 4071 676 4127 tier
690 4068 890 4142 bernaerus»
904 4069 1148 4142 Kenelesperiode
1162 4067 1382 4140 [emulsa-auid
1395 4069 1539 4126 umectat
1564 4066 1661 4126 DDO.
1675 4069 1866 4138 168-172,

321 4172 487 4232 suammet
508 4175 598 4231 uester
611 4171 819 4244 Relatum
840 4189 897 4230 von
917 4170 985 4231 LA
1010 4172 1194 4243 macedan,
1218 4173 1295 4230 auct
1315 4171 1382 4230 dem
1402 4190 1459 4231 von
1480 4173 1544 4232 936
1567 4171 1751 4230 bereebrdea
1764 4172 1868 4245 Rapie-

321 4275 498 4352 mnquclrre
519 4275 717 4333 maraton.
752 4273 880 4345 Betreffs
895 4272 948 4332 der
964 4275 1027 4332 vier
1048 4278 1145 4333 ersten
1166 4275 1248 4333 kmm
1269 4275 1337 4333 teia
1354 4274 1478 4346 Zweifel
1500 4274 1613 4345 cauea
1637 4275 1677 4333 du
1697 4276 1742 4334 sie
1760 4275 1868 4349 pleian·

321 4381 433 4452 maasia
454 4377 508 4438 dus
529 4377 652 4450 uelum
672 4375 840 4452 Aereejctr
862 4378 926 4437 953
948 4375 1012 4436 aad
1033 4375 1082 4435 die
1103 4378 1269 4450 aeacum
1291 4383 1320 4438 7.
1342 4377 1493 4436 Midian
1514 4375 1688 4447 eafweisen.
1725 4376 1786 4436 Dic
1806 4375 1868 4438 Ab·

322 4481 509 4555 caucam
529 4483 564 4539 in
584 4479 651 4541 DO.
675 4484 740 4542 172
761 4480 856 4540 werde
876 4480 924 4539 iob
945 4479 1012 4539 dort
1034 4479 1177 4540 atterere.

325 4683 384 4765 (C.)
407 4681 422 4764 Ι
442 4683 481 4748 In
508 4683 641 4749 nomine
670 4691 805 4749 sanctae
833 4692 866 4748 et
893 4682 1081 4748 individuae
1109 4681 1274 4746 trinitatis.
1320 4677 1399 4745 Otto
1428 4679 1539 4745 divina
1568 4681 1776 4764 preveniente
1805 4681 1869 4746 cle·

220 4789 344 4854 mentia
364 4809 434 4853 rex.
519 4786 679 4853 cherint
707 4808 820 4852 omnes
841 4784 955 4851 fideles
977 4786 1081 4849 nostri
1103 4791 1270 4869 presentes
1293 4781 1419 4848 scilicet
1440 4791 1473 4846 et
1495 4783 1605 4865 susurri,
1629 4781 1718 4870 quod
1735 4805 1869 4849 venera-

219 4890 297 4956 bilis
320 4889 589 4977 archiepiscopus
611 4890 713 4972 Brun,
750 4898 860 4954 noster
880 4887 1034 4953 videlieet
1056 4908 1240 4974 germanus,
1262 4881 1277 4963 l
1297 4895 1444 4951 nostram
1466 4885 1660 4972 deprecatus
1682 4897 1733 4953 est
1753 4887 1869 4973 regali·

219 5003 343 5079 tatem,
381 4997 533 5082 quatinus
567 4992 610 5061 ob
643 4992 866 5059 roborandam
905 5001 1040 5058 sanctam
1077 4990 1245 5078 religionis
1277 4989 1463 5055 firmitatem
1498 4989 1801 5058 sanctimonialibus
1835 4995 1870 5058 in

168 5119 204 5168 eo
221 5098 400 5163 Horreensi
433 5096 571 5183 cenobio
594 5097 745 5162 Treueris
772 5097 807 5160 in
834 5095 958 5161 honore
990 5103 1128 5180 sancte·
1149 5094 1201 5160 dei
1234 5095 1400 5179 genitricis
1422 5093 1548 5157 Mariae
1581 5104 1769 5160 constructo
1808 5096 1868 5162 sub

220 5201 335 5288 regula
369 5203 473 5266 sancti
496 5201 668 5267 Benedicti
697 5199 759 5265 deo
795 5198 1053 5266 deservientibus
1086 5209 1213 5286 partem
1247 5196 1401 5263 abbatiae
1436 5219 1534 5284 quam
1567 5198 1666 5264 modo
1701 5199 1869 5285 possidere

220 5304 382 5388 videntur,
404 5306 452 5370 eis
473 5307 508 5371 in
522 5314 697 5391 perpetuos
719 5326 798 5371 usus
814 5303 939 5391 absque
961 5302 1059 5369 ullius
1080 5303 1299 5369 infestationis
1321 5299 1492 5368 obstaculo
1507 5301 1684 5367 tenendam
1707 5301 1869 5388 largitatis

309 5493 365 5549 107.
393 5494 419 5561 a)
438 5494 601 5548 decrevimus
622 5492 646 5546 0
743 5493 929 5561 osecundnm
946 5496 1007 5546 inst.
1024 5510 1045 5545 s.
1065 5495 1096 5544 Β.
1116 5494 1191 5546 elect
1210 5493 1315 5545 abbatis
1335 5491 1360 5545 0
1458 5494 1487 5560 g)
1500 5509 1616 5546 amorem
1629 5522 1662 5532 —
1674 5494 1788 5561 pecunie
1800 5491 1871 5555 satie

391 5561 464 5615 &⁸0
559 5563 589 5626 h)
610 5561 809 5628 0,th
911 5560 1104 5628 nsulsum
1204 5561 1627 5628 k)Etnt-(ll.)selrlte‘a0.

168 5669 203 5720 45
307 5666 365 5725 1⁸&
393 5667 500 5739 [Siokel]
603 5669 630 5732 a)
649 5684 693 5736 seq
710 5667 776 5720 clare
793 5666 1070 5736 dimmittat.

271 5777 498 5826 summam
1622 5773 1662 5834 82
