4500 6428
377 387 440 452 278
976 355 1433 460 KAISERURKUNDENi

376 578 541 664 trad[endi
563 589 597 644 et
620 578 774 666 quicquid
796 580 872 646 inde
895 579 1056 666 placuerit
1076 582 1105 645 ei
1132 578 1324 666 [faciendi].
1368 581 1414 647 Et
1434 591 1470 648 ut
1494 583 1558 648 hoc
1586 594 1716 650 nostrae
1744 583 1914 670 largitatis
1952 581 2057 666 [indi-

378 686 464 751 cium
486 707 545 771 per
567 685 750 788 futurorum
772 684 934 749 curricula
957 693 1142 769 temporum
1163 687 1270 750 verius
1292 685 1482 773 firmiusque
1504 686 1546 752 ab
1571 687 1720 754 omnibus
1742 687 1953 772 crederetur,
1984 688 2057 752 ius·

379 791 479 855 simus
501 789 598 873 banc]
623 790 754 854 kartam
777 787 876 854 scribi
897 789 1051 876 anulique
1073 791 1178 855 nostri
1203 789 1416 877 [inpressione
1440 792 1596 878 sigillari]

478 933 493 1014 g
522 927 677 1011 [Liut]olf
706 928 920 994 cancellarius
954 927 1107 994 advicem
1142 927 1317 1012 [Brunonis
1351 930 1643 1015 archican]cellsrii
1680 935 1860 1020 recognovi
1896 943 1935 998 et
1972 932 2057 998 sub-

378 1035 540 1120 scripsi}
1800 1039 1861 1120 (SI.
1880 1038 1928 1119 1.)
1961 1039 2095 1119 (SR.)5

479 1139 493 1222 ξ
521 1136 657 1223 Signum
680 1138 791 1204 domni
816 1137 946 1204 Ottonis
968 1138 1033 1220 (Μ.)
1058 1136 1279 1224 [serenissimi]
1304 1141 1438 1225 regis}

479 1275 569 1340 Data
591 1295 663 1343 xvi.
685 1277 753 1342 kal.
777 1276 960 1342 decembris
982 1299 1069 1343 anno
1100 1277 1283 1344 dominicae
1312 1280 1547 1343 incarnationis
1576 1294 1658 1344 nce.
1672 1329 1679 1344 .
1694 1328 1722 1345 ..
1747 1277 1962 1363 [indictione]

377 1403 463 1447 anno
488 1379 618 1446 Ottonis
642 1383 839 1447 serenissimi
861 1383 946 1466 regis
968 1382 1059 1466 regni
1083 1398 1207 1464 XX11113
1241 1394 1352 1448 actum
1380 1383 1414 1447 in
1436 1381 1511 1447 loco
1534 1382 1728 1468 Dornpur03
1762 1382 1907 1449 feliciter
1933 1405 2056 1449 amen.

1164 1589 1251 1666 198.

387 1726 467 1803 Otto
488 1729 565 1827 piot
584 1729 716 1802 reinero
738 1728 904 1803 Vasatica
923 1729 1003 1803 dem
1024 1727 1168 1828 Greseu
1185 1728 1324 1826 Billinp
1341 1729 1464 1803 ceineas
1482 1728 1600 1804 Besitz
1617 1757 1662 1804 zu
1676 1730 1890 1828 Hobjlurura
1909 1747 2058 1807 sammt
2076 1761 2111 1808 ιο

379 1849 546 1924 Meloe
566 1876 612 1923 ΖΜ
638 1850 785 1924 Tam·
1540 1886 1665 1948 Allstedt
1688 1891 1752 1950 958
1773 1890 1946 1952 December
1968 1896 2004 1954 2.

483 2057 732 2134 Oricincldiplom
754 2061 796 2117 im
818 2059 846 2120 le.
871 2058 1074 2120 Stoutsureltiv
1094 2077 1135 2119 au
1157 2059 1264 2119 Berlin
1287 2056 1350 2138 (A).

483 2196 563 2271 Orio.
589 2196 690 2269 Guelf.
716 2201 751 2267 4,
775 2199 838 2257 558
865 2199 941 2256 rt⁰5
971 2215 1027 2256 aus
1053 2197 1213 2256 ΟΙιανίαῑαν
1235 2220 1275 2249 =
1300 2196 1462 2271 Schauteyl
1493 2198 1594 2272 spicit.
1627 2199 1761 2274 Billmrp.
1785 2205 1852 2262 313
1874 2209 1913 2260 n⁰
1937 2207 1972 2264 2.
2006 2237 2055 2246 -

480 2303 658 2378 Dreyhoupt
673 2303 791 2362 Beselrr.
808 2302 859 2362 des
877 2301 1085 2377 Suel-Greyses
1100 2307 1130 2373 1,
1148 2307 1190 2363 13
1207 2307 1277 2362 91⁰2
1298 2320 1354 2361 aus
1372 2301 1542 2361 Chartalur.
1567 2336 1609 2346 —
1628 2303 1759 2363 Gerclren
1774 2302 1838 2364 OD.
1857 2306 2052 2368 Brundcrsb.

481 2413 511 2478 1,
534 2411 577 2468 23
598 2413 632 2465 a⁰
655 2410 675 2466 8
697 2424 754 2467 aas
776 2405 814 2465 A.
838 2439 881 2451 -·
903 2406 1033 2466 Botmer
1053 2407 1124 2480 Res.
1148 2409 1222 2468 217.
1245 2439 1289 2446 ——
1311 2405 1439 2479 Stumps
1455 2407 1529 2480 Rey.
1552 2409 1627 2478 251,
1650 2407 1707 2466 alle
1728 2426 1769 2466 cu
1792 2411 1867 2469 957.
2075 2421 2107 2470 15

483 2544 618 2617 Verfasst
643 2545 707 2605 arrd
730 2547 915 2619 pertaesa
941 2563 997 2605 eoa
1021 2544 1132 2619 orpes.
1162 2579 1205 2588 —
1232 2547 1271 2604 Ia
1299 2545 1351 2604 der
1379 2545 1465 2605 Nure
1492 2563 1548 2605 oon
1576 2546 1830 2621 Kirelrsclseidrmp
1854 2546 1945 2627 (Rey.
1971 2551 2053 2613 Bes.

480 2648 667 2729 Mercedem)
690 2653 730 2710 ist
752 2652 801 2710 eiu
826 2650 880 2710 Ort
902 2652 1074 2722 Hohllurun
1095 2652 1175 2711 nicht
1197 2652 1279 2710 usehr
1299 2652 1532 2711 mehsuwciseu.

480 2837 537 2919 (O.)
563 2837 578 2919 ξ
604 2837 644 2902 In
671 2838 803 2903 nomine
833 2846 966 2903 sanctae
995 2848 1028 2903 et
1055 2837 1243 2904 individuae
1272 2839 1437 2903 trinitatis.
1489 2836 1567 2904 Otto
1598 2837 1709 2903 divina
1736 2839 1947 2906 concedente
1981 2842 2051 2909 cle·

377 2944 500 3008 mentia
517 2965 587 3008 rex.
674 2942 833 3010 Noverint
851 2965 965 3010 omnes
987 2943 1100 3010 fideles
1122 2947 1225 3011 nostri
1248 2955 1416 3031 presentes
1439 2941 1564 3007 scilicet
1586 2954 1618 3007 et
1640 2942 1749 3026 futuri,
1772 2946 1786 3030 ξ
1809 2943 1960 3030 qualiter
1983 2969 2051 3013 nos

377 3069 452 3113 cum
476 3046 619 3134 quodam
641 3058 754 3113 nostro
776 3048 866 3113 fideli
887 3048 1014 3114 vasallo
1039 3050 1238 3135 comitique·
1261 3047 1380 3114 dilecto
1398 3046 1518 3112 Billinc
1542 3045 1629 3111 dicto
1654 3046 1819 3131 quandam
1843 3048 2051 3133 prediorum
2069 3067 2104 3116 20

376 3151 446 3216 fieri
476 3153 768 3218 commutationem
798 3151 1017 3236 decrevimus,
1053 3155 1139 3220 sicut
1166 3163 1198 3218 et
1224 3153 1372 3218 fecimus.
1418 3150 1568 3216 Tradidit
1590 3152 1700 3237 itaque
1723 3147 1894 3236 predictus
1919 3153 2051 3222 Billinc

377 3256 421 3322 ad
449 3266 581 3323 nostrae
610 3258 819 3342 proprietatis
848 3256 1010 3322 dicionem
1038 3259 1072 3322 in
1100 3256 1278 3342 legitimam
1309 3256 1440 3332 scilicet,
1459 3257 1748 3322 commutationem
1778 3257 1944 3344 quicquid
1967 3283 2050 3346 pro·

376 3362 525 3446 prietatis
552 3359 668 3427 habuit
695 3363 729 3426 in
757 3361 840 3426 locis
869 3351 1091 3446 Vurmerstat,
1122 3360 1313 3448 Otunpach,
1346 3358 1539 3442 Gozarstat,
1570 3357 1779 3423 Haholtestat
1806 3363 2049 3447 nuncupatisb

377 3465 410 3528 in
434 3462 550 3528 eodem
573 3463 714 3528 confinio
739 3474 771 3527 et
791 3465 826 3528 in
848 3485 935 3549 pago
958 3463 1043 3530 Uslti
1066 3467 1100 3529 in
1123 3466 1281 3530 comitatu
1304 3464 1433 3529 comitis
1456 3461 1657 3528 Uuillihelmi
1688 3463 1775 3546 sitis,
1810 3484 1889 3528 cum
1914 3467 2049 3532 curtili·

375 3566 438 3632 bus
467 3565 604 3631 edificiis
633 3568 806 3653 mancipiis
836 3566 1051 3654 omnibusque
1078 3571 1148 3633 iure
1178 3567 1385 3654 legitimeque
1408 3566 1451 3630 ad
1473 3567 1655 3651 prescripta
1681 3564 1755 3631 loca
1781 3569 2046 3651 pertinentibus.
2067 3589 2101 3637 25

375 3670 522 3736 Econtra
544 3692 623 3735 vero
648 3670 821 3735 consilium
844 3670 1048 3736 intendentes
1070 3670 1216 3736 fidelium
1237 3678 1447 3735 nostrorumc
1477 3667 1632 3754 quicquid
1658 3665 1803 3732 habered
1832 3671 1899 3735 visi
1925 3695 2046 3740 sumus

376 3776 410 3838 in
432 3772 505 3840 loco
528 3773 716 3840 Hobflurun
740 3775 910 3841 nominato
941 3776 976 3839 in
1005 3795 1090 3860 pago
1118 3773 1227 3860 Engili
1257 3776 1291 3840 in
1321 3772 1463 3838 confinio
1488 3771 1666 3856 Schidinga
1694 3769 1830 3838 marcha
1863 3775 1941 3858 sito,
1976 3784 2048 3844 una

377 3901 451 3944 cum
474 3877 558 3943 silva
581 3899 664 3965 quac
687 3901 730 3944 ex
752 3879 826 3965 ipsa
849 3877 1026 3964 Schidinga
1049 3876 1185 3943 marcha
1208 3877 1251 3943 ad
1274 3874 1456 3964 predictum
1474 3875 1583 3941 locum
1602 3876 1786 3941 Hobflurun
1804 3879 2046 3963 conprehensa

376 3990 426 4047 est
448 3990 481 4047 et
503 3983 678 4048 coniuncta
701 3981 1071 4068 circumcisionibusque
1094 3991 1262 4068 separata,
1285 4003 1347 4046 nos
1369 3983 1435 4046 iam
1457 3989 1630 4065 prenotato
1653 3979 1796 4064 Billingo
1819 3991 1940 4048 nostra
1965 4007 2047 4051 cum

374 4086 478 4171 regali
501 4088 696 4152 auctoritate
719 4089 752 4151 in
775 4085 914 4172 legalem
936 4087 1158 4152 concessimus
1181 4085 1479 4167 commutationem,
1503 4105 1577 4149 cum
1600 4084 1761 4149 curtiferis
1785 4083 1929 4151 edificiis
1949 4091 2045 4173 agris
2065 4107 2101 4155 so

375 4192 479 4277 pratis
507 4191 640 4276 pascuis
669 4193 762 4276 aquis
791 4212 1015 4278 aquarumque
1045 4187 1237 4255 decursibus
1265 4187 1461 4253 molendinis
1493 4186 1753 4273 [pi]scationibus
1782 4188 1845 4252 viis
1876 4199 1912 4254 ct
1938 4192 2046 4257 inviis

376 4296 511 4381 quesitis
540 4303 572 4358 et
600 4293 802 4380 inquirendis
831 4293 972 4360 exitibus
1001 4303 1034 4359 et
1061 4289 1234 4360 reditibus'
1247 4295 1438 4380 cunctisque
1459 4295 1529 4358 iure
1552 4291 1760 4378 legitimeque
1782 4291 1826 4356 ad
1849 4293 2046 4378 predictum

376 4397 524 4486 predium
552 4396 783 4482 attinentibus,
818 4420 858 4462 ea
880 4399 1007 4463 ratione
1029 4407 1066 4463 ut
1087 4406 1221 4483 uterque
1244 4407 1430 4463 nostrorum
1457 4396 1595 4463 liberam
1617 4419 1657 4461 ac
1681 4417 1831 4460 securam
1854 4395 1897 4462 de
1921 4401 2045 4484 predio

376 4499 438 4566 sibi
462 4500 503 4567 ab
527 4501 629 4568 altero
654 4501 731 4566 dato
753 4500 875 4565 habeat
896 4501 1118 4587 potestate[m]
1150 4502 1281 4568 tenendi
1312 4501 1412 4567 dandi
1440 4501 1603 4568 vendendi
1633 4500 1856 4567 commutandi
1885 4512 1920 4568 et
1949 4509 2046 4592 quic-

376 4604 455 4693 quid
477 4605 552 4671 inde
574 4606 736 4692 placuerit
758 4605 786 4670 ei
810 4603 963 4669 faciendi.
1001 4607 1045 4671 Et
1067 4615 1103 4670 ut
1124 4605 1188 4672 hoc
1210 4615 1343 4672 nostrae
1366 4606 1631 4672 commutationis
1653 4605 1811 4670 indicium
1831 4609 1947 4674 verius
1973 4632 2046 4676 cre-
2065 4633 2101 4681 85

377 4709 507 4775 deretur
520 4709 709 4795 firmiusque
726 4708 768 4773 ab
786 4707 938 4774 omnibus
959 4708 1144 4794 haberetur,
1168 4710 1253 4776 hanc
1276 4720 1400 4776 cartam
1424 4709 1521 4774 scribi
1537 4709 1690 4795 anulique
1704 4711 1808 4775 nostri
1826 4711 2047 4796 inpressione

376 4813 529 4878 iussimus
553 4812 698 4897 sigillari.

479 4950 493 5030 ξ
516 4951 653 5036 Signum
675 4951 786 5018 domni
806 4950 937 5017 Ottonis
961 4951 1159 5016 serenissimi
1182 4953 1267 5035 regis
1289 4949 1414 5035 {(M1⁴¹.)

479 5055 644 5140 [Lictolf
667 5055 883 5121 cancellarius
912 5055 1061 5120 advicem
1087 5054 1251 5120 Brunonis
1275 5053 1529 5140 archicapellani
1552 5054 1727 5139 recognovi
1750 5062 1783 5118 et
1805 5053 2008 5144 subscripsi.
2033 5059 2050 5142 ἓ

1806 5159 1864 5238 (SI.
1885 5161 1928 5240 1.)
1956 5164 2047 5246 (SR)
2067 5187 2104 5234 so

481 5279 571 5345 Data
592 5298 656 5345 1111.
679 5302 756 5346 non.
780 5277 927 5344 decemb.
951 5301 1036 5344 anno
1060 5278 1223 5364 dominice
1246 5281 1479 5344 incarnationis
1506 5294 1707 5361 nccccnvn,
1738 5277 1921 5346 indictione
1947 5301 2047 5370 xrm,

379 5405 464 5448 anno
487 5385 579 5470 regni
604 5383 734 5450 Ottonis
758 5385 893 5469 piissimi
917 5385 1002 5468 regis
1025 5401 1147 5467 romu,
1175 5394 1287 5449 actum
1309 5383 1343 5446 in
1365 5381 1438 5447 loco
1462 5381 1612 5465 Altsteti3
1634 5381 1772 5446 feliciter
1794 5403 1904 5449 amen.

467 5536 524 5591 ru.
554 5537 661 5607 [sonu

467 5622 524 5677 198.
552 5621 661 5692 [Siclrol]
758 5623 825 5688 a)A
923 5623 952 5687 b)
969 5639 1047 5676 aanor
1064 5625 1107 5675 siu
1124 5621 1271 5675 Ructatube
1287 5621 1375 5673 rcds'rt
1467 5622 1492 5690 c)
1510 5622 1560 5672 der
1576 5624 1662 5674 assde
1680 5639 1695 5674 ο
1714 5638 1780 5674 corr.
1797 5637 1846 5673 cur
1863 5639 1884 5673 u
1979 5628 2008 5692 d)
2029 5630 2051 5680 h
2069 5704 2106 5752 45

551 5711 617 5746 corr.
636 5709 684 5742 aas
701 5709 726 5759 p.
