4560 6436
893 440 1019 498 ΟΤΤΟ
1041 441 1065 500 1.
1088 436 1160 496 978.
1784 431 1846 498 581

91 641 101 658 “
203 624 333 688 nomine
364 623 510 707 optineat
537 623 739 704 firmitatem,
770 621 834 686 hoc
862 620 949 686 idem
977 630 1167 706 preceptum
1196 623 1329 707 propria
1352 642 1452 686 manu
1474 620 1675 686 firmavimus
1698 630 1730 685 et
1752 621 1848 707 sigilli

203 728 306 791 nostri
329 726 542 811 impressione
566 726 720 808 assigniri
743 726 906 788 iussimus.

308 879 321 961 Β
343 879 479 965 Signum
502 880 625 946 domini
650 881 740 960 (MP.)
766 877 898 944 Ottonis
921 882 1031 962 magni
1055 889 1087 943 et
1108 877 1340 944 invictissimid
1363 880 1569 963 imperatoris
1593 881 1768 964 augusti}

305 999 533 1084 {Unilligisus
560 999 775 1066 cancellarius
802 999 952 1065 advicem
972 1000 1129 1066 Rodberti
1158 997 1433 1086 archicappellani
1461 1001 1648 1084 recognovi.
1670 998 1685 1080 ξ
1708 1000 1850 1078 (81.5.)ο

171 1117 187 1163 ⁵
1768 1103 1850 1184 (su.)

306 1242 395 1307 Data
416 1241 460 1308 id.
484 1245 598 1308 marcii
622 1265 708 1308 anno
732 1242 915 1308 dominicae
937 1242 1172 1306 incarnationis
1202 1257 1457 1324 Dccccuxxun,
1491 1241 1667 1306 indictione
1689 1259 1731 1325 11,
1763 1263 1848 1306 anno

203 1367 280 1411 vero
303 1348 394 1431 regni
417 1345 530 1412 domni
553 1343 685 1412 Ottonis
709 1363 853 1428 xxxml,
876 1347 1004 1430 imperii
1027 1354 1137 1410 autem
1160 1363 1228 1429 xu3
1251 1356 1361 1412 aetum
1384 1345 1621 1432 Magadaburg.

983 1599 1072 1678 428.

211 1756 293 1834 Otto
327 1759 468 1834 sdteakt
500 1759 579 1832 dem
614 1757 759 1832 Klostcr
792 1758 1017 1832 Ecbternocb
1049 1757 1126 1829 sein
1159 1757 1275 1831 botes
1307 1759 1387 1832 dom
1420 1757 1563 1858 Grofea
1589 1758 1781 1834 nichaesas
1806 1785 1851 1832 zu

155 1903 187 1950 io
205 1879 326 1953 Lelms
348 1879 560 1953 uerliabcncs
577 1879 762 1978 Eigeoqut
777 1878 933 1977 Eckseld
957 1878 1038 1952 uad
1061 1891 1143 1982 setzt
1169 1878 1235 1953 dos
1258 1879 1403 1954 Kloster
1424 1879 1557 1953 wieder
1579 1881 1619 1952 irs
1642 1879 1712 1952 dau
1734 1879 1852 1952 Bcsitz

204 1999 269 2074 der
295 2000 369 2074 itm
395 2013 610 2098 cutzopeuea
637 1999 868 2099 Wciupttrtea
894 2027 939 2074 zu
966 1999 1123 2072 Leimon
1151 2001 1220 2073 eto.
1347 2020 1534 2094 Maqueoorq
1556 2023 1620 2080 973
1642 2019 1734 2076 Mure
1755 2020 1806 2078 15.

307 2207 556 2282 crasmarus„
577 2209 612 2266 a
634 2207 687 2266 ser
709 2207 953 2268 ειαιιιιιιιιιιιι
974 2225 1015 2265 ιι
1039 2208 1126 2266 nter
1142 2205 1201 2285 (A).
1225 2241 1267 2251 -
1292 2208 1469 2267 naussum
1483 2225 1539 2266 von
1554 2209 1593 2268 n
1611 2163 1806 2267 nmmum
1826 2214 1850 2266 1.

306 2313 391 2372 1512
413 2311 503 2385 April
522 2315 546 2372 2
566 2311 745 2384 auratac,
770 2310 880 2370 abendo
903 2309 967 2389 (0).

306 2451 426 2510 Meiller
440 2452 473 2510 in
484 2450 684 2511 Noricosque
699 2455 728 2520 1,
741 2452 806 2510 113
815 2455 850 2508 a⁰
862 2454 879 2509 1
896 2466 953 2510 aas
967 2449 1134 2509 vidimirter
1145 2449 1299 2522 Absclsrift
1314 2451 1393 2510 anas
1407 2452 1599 2511 Troossumts
1611 2449 1651 2510 K.
1664 2449 1751 2508 Karl.
1767 2457 1794 2508 V.
1809 2483 1852 2493 -

306 2555 403 2630 Bayer
417 2555 612 2614 Mittalrbcin.
634 2555 699 2615 ΗΒ.
716 2559 746 2625 1,
762 2556 828 2614 293
844 2561 879 2612 a⁰
892 2555 959 2614 237
975 2571 1032 2614 asos
1048 2553 1086 2612 A.
1110 2587 1152 2597 -
1176 2553 1303 2628 Stampf
1315 2556 1386 2630 Ray.
1404 2557 1476 2616 525.
1499 2589 1543 2596 —
1561 2553 1641 2614 Gora
1656 2553 1850 2612 Mittclrlsein.

305 2660 378 2732 1309.
402 2662 496 2719 1032.

306 2794 487 2855 Asuscrtolb
510 2797 563 2854 dar
583 2796 711 2855 Koualci
733 2795 862 2867 verfosst
884 2796 948 2854 mad
966 2797 1161 2870 qascbrs'eban,
1193 2796 1267 2856 wohl
1294 2813 1350 2855 voa
1375 2795 1469 2854 auom
1492 2796 1708 2856 Echtemmclser
1729 2796 1849 2865 Monet,

307 2899 358 2956 der
378 2899 484 2972 jedoot
510 2901 592 2958 nictu
622 2899 767 2960 idestiscb
794 2902 834 2959 ist
861 2902 916 2958 mit
947 2900 1013 2959 dam
1040 2901 1229 2974 Inpressator
1257 2917 1313 2958 uon
1334 2900 1400 2958 ΒΟ.
1424 2904 1496 2959 427.
1536 2900 1689 2974 Iciliyliclr
1710 2899 1765 2958 dos
1788 2898 1850 2959 SR.

305 3003 415 3061 selant
437 3003 486 3060 cin
508 3002 727 3062 Kunaleiaotar
748 3001 945 3078 hiaauyafttqt
966 3021 1008 3063 aa
1029 3004 1131 3063 habes.

154 3220 188 3268 20
307 3206 382 3292 §In
403 3207 534 3271 nomine
558 3215 693 3270 sauctae
715 3215 747 3270 et
769 3204 955 3270 individuae
973 3206 1136 3271 trinitatis.
1172 3204 1250 3270 Otto
1266 3209 1443 3292 imperator
1457 3217 1624 3292 augustus.
1713 3207 1853 3274 Creden-

204 3318 277 3374 tes*
299 3312 405 3394 anime
427 3320 559 3374 nostrae
581 3309 739 3394 prodesse
762 3307 868 3390 saluti,
896 3309 1000 3374 sicubi
1025 3331 1082 3395 per
1105 3332 1166 3375 nos
1189 3311 1284 3374 buerit
1305 3313 1319 3394 ξ
1341 3309 1576 3394 amplificatum
1599 3313 1765 3376 servitium
1788 3312 1851 3394 dei,

205 3423 437 3498 sperantesque
464 3414 556 3496 regni
584 3413 686 3478 nostri
717 3411 899 3478 diuturnius
928 3413 999 3476 fore
1028 3413 1284 3479 stabilimentum
1313 3413 1482 3478 aecclesiis
1510 3416 1629 3499 ipsius,
1658 3425 1695 3479 ut
1724 3417 1852 3501 possint

204 3519 398 3600 consistere,
433 3517 511 3581 dare
535 3513 813 3602 subplemeutum,
848 3516 1082 3583 coenobiorum
1111 3520 1297 3602 provisores
1325 3538 1391 3582 non
1421 3517 1619 3602 despicimus
1648 3540 1707 3603 pro
1730 3517 1793 3582 hac
1816 3543 1851 3584 re

205 3622 437 3709 supplicantes.
476 3620 685 3706 Quapropter
713 3621 863 3686 volumus
891 3631 928 3686 ut
956 3630 1023 3685 tam
1050 3619 1255 3706 presentibus
1278 3644 1377 3706 quam
1399 3631 1431 3684 et
1453 3620 1674 3687 subsecuturis
1698 3621 1850 3688 omnibus

154 3736 187 3784 uo
206 3727 247 3790 sit
268 3735 391 3806 notum,
415 3723 503 3810 quod
525 3727 704 3811 provisoris
727 3722 960 3790 monachorum
977 3723 1017 3789 de
1033 3724 1210 3789 Eftcruaeo
1232 3722 1339 3790 fidelis
1362 3726 1465 3789 nostri
1488 3723 1645 3789 abbatisb
1667 3725 1849 3809 Rauengeri

205 3851 300 3914 quem
322 3830 450 3894 noviter
477 3828 543 3894 illic
572 3828 791 3914 perfecimusc
819 3826 1027 3894 commotus‘¹
1058 3829 1211 3915 precibus
1234 3828 1400 3914 quoddam
1422 3829 1572 3913 petitioni
1597 3830 1665 3894 eius
1689 3831 1850 3894 concessi-

204 3955 276 3996 mus
304 3932 453 4018 predium
481 3934 534 3997 cui
557 3953 675 3996 nomen
699 3943 749 3997 est
771 3932 943 4015 Ekkiuelt,
979 3934 1067 4019 quod
1094 3943 1229 4000 eatenus
1259 3933 1428 3998 Richarius
1458 3955 1568 3998 comes
1596 3935 1628 3996 in
1657 3933 1849 3999 beneficium

203 4038 350 4100 noscitur
376 4031 547 4117 habuisse3
580 4038 691 4100 vineta
719 4038 816 4100 etiam
845 4059 907 4122 quq
936 4039 999 4102 sita
1022 4040 1152 4102 suntin
1174 4036 1339 4123 villaque
1364 4037 1666 4119 diciturLeruana,
1697 4061 1758 4124 que
1783 4041 1850 4124 qui·

205 4139 279 4204 dem
294 4137 440 4224 predicto
457 4141 656 4204 monasterio
673 4161 715 4203 ex
731 4143 955 4206 controversia
970 4140 1174 4226 quorundam
1189 4141 1311 4222 ablata,
1336 4140 1377 4205 ob
1394 4140 1573 4204 remedium
1596 4142 1702 4224 anime
1718 4152 1851 4206 nostrae

154 4253 187 4301 30
206 4265 494 4328 successorumque
516 4253 701 4308 nostrorum
724 4245 959 4309 monachorum
983 4243 1147 4328 proveude
1171 4244 1231 4309 deo
1255 4243 1334 4307 inibi
1360 4245 1568 4309 servientium
1592 4253 1667 4308 suut
1689 4247 1849 4310 restituta.

205 4346 276 4430 Quq
306 4346 430 4411 scilicet
459 4346 677 4430 munificentie
704 4357 835 4412 nostrae
864 4347 1026 4412 restitutio
1056 4357 1092 4410 ut
1121 4345 1275 4431 predictis
1304 4347 1471 4411 monachis
1495 4346 1537 4410 ab
1562 4345 1713 4411 omnibus
1737 4349 1850 4412 amicis

204 4450 257 4515 vel
279 4453 419 4515 inimicis
442 4461 532 4516 certa
555 4451 716 4532 credatur,
745 4451 830 4516 hanc
851 4451 982 4514 kartam
1005 4448 1168 4514 conscribi
1190 4450 1342 4514 iussimus
1365 4459 1406 4530 ct,
1432 4451 1458 4512 si
1482 4451 1536 4534 qui
1561 4461 1645 4532 sunt,
1669 4451 1851 4515 contradic-

205 4554 331 4620 toribus
355 4578 413 4641 pro
438 4555 626 4622 defensione
650 4555 787 4621 ostendi.
821 4556 866 4620 Et
886 4565 922 4618 ut
945 4576 1057 4619 omnes
1081 4556 1134 4640 qui
1158 4553 1243 4618 hauc
1266 4563 1341 4616 sunt
1362 4551 1476 4616 leetrui
1494 4551 1546 4616 vel
1570 4551 1721 4633 audituri,
1746 4555 1851 4617 sciant

204 4681 271 4724 non
293 4682 365 4725 esse
389 4682 447 4745 per
468 4660 647 4726 monachos
672 4670 787 4746 sponte
810 4642 985 4724 confictam
1010 4658 1067 4723 sed
1090 4681 1110 4722 a
1133 4658 1227 4722 nobis
1251 4656 1372 4738 datam,
1396 4677 1467 4720 eam
1484 4657 1617 4741 propria
1632 4677 1730 4720 manu
1746 4657 1850 4721 firma-

154 4768 187 4816 36
206 4764 311 4827 vimus
335 4772 367 4828 et
390 4762 486 4846 sigilli
510 4766 613 4828 nostri
636 4764 838 4849 inpressione
861 4762 1014 4845 assigniri
1038 4761 1201 4825 iussimus.

298 4905 320 5000 ’ξ
343 4916 480 5002 Signum
503 4918 625 4983 domini
648 4921 712 5000 (Μ.)
735 4918 866 4985 Ottonis
890 4919 999 5002 magni
1023 4926 1055 4982 et
1076 4918 1212 4982 invicti⁰
1233 4917 1440 5001 imperatoria
1463 4919 1601 5000 augusti.
1625 4917 1639 4998 Ξ

305 5038 320 5122 Ξ
341 5038 510 5122 Vuilgisus
525 5039 742 5105 cancellarius
757 5040 908 5106 advicem
922 5037 1092 5106 Ruotberti
1109 5037 1362 5125 archicapellani
1378 5042 1565 5123 recognovi.
1589 5039 1603 5119 Ξ
1626 5042 1684 5122 (SI.
1702 5041 1743 5120 6.)
1765 5043 1848 5122 (SR.)

308 5191 397 5258 Data
419 5193 463 5258 id.
487 5201 581 5257 mart.
604 5215 691 5259 anuo
715 5193 876 5280 dominice
904 5195 1138 5260 incarnationis
1164 5209 1418 5276 necccuxxmt,
1448 5193 1624 5259 indictione
1650 5193 1731 5282 [11]s,
1762 5219 1848 5262 anno

204 5318 282 5361 vero
305 5299 396 5380 regni
421 5297 531 5361 domni
556 5295 686 5361 Ottonis
711 5314 858 5383 xxxnu,
880 5299 1007 5385 imperii
1030 5307 1139 5363 autem
1163 5316 1230 5380 xl13
1253 5308 1362 5363 actum
1385 5297 1688 5384 Magadeburgch.⁰

154 5482 188 5531 40
291 5481 350 5539 427.
377 5487 404 5548 d)
423 5487 506 5536 invict
529 5484 594 5538 otas
616 5485 884 5552 summutas
986 5489 1011 5554 e)
1030 5489 1100 5550 adn,
1126 5489 1163 5539 do
1184 5489 1234 5540 dor
1260 5489 1340 5539 uua
1365 5489 1494 5540 etrum
1517 5489 1675 5542 Mammea
1700 5491 1743 5542 du
1765 5498 1850 5543 unter-

376 5553 546 5608 atamen
563 5555 705 5608 Merlrrsale
720 5556 793 5608 nuto
810 5557 882 5608 ιιιιΙιν
899 5558 1026 5610 &lamen
1043 5559 1113 5622 ldsrt,
1133 5559 1172 5610 Sl.
1191 5561 1215 5613 6.

291 5655 351 5712 428.
379 5656 473 5725 [Folta]
577 5663 603 5724 a)
620 5659 691 5726 solqt
714 5659 798 5712 alena
820 5659 909 5712 Bam
1011 5662 1039 5723 b)
1056 5661 1125 5727 jolqt
1148 5663 1189 5714 eia
1211 5661 1386 5729 tttoestitutpss
1408 5679 1420 5712 s
1523 5665 1548 5728 c)
1565 5663 1589 5715 A
1605 5671 1667 5716 stau
1693 5666 1851 5732 prefecimus

377 5725 667 5789 alamannos·
769 5729 836 5796 e)A
938 5731 1211 5798 ors-ymnaria
