4576 6428
899 410 1022 467 ΟΤΤΟ
1045 410 1068 464 1.
1093 405 1165 464 965.
1791 395 1854 462 413

205 592 316 680 brugl
339 593 595 660 transfundimus
619 601 716 679 atque
740 590 900 657 donamus
923 601 955 656 et
977 591 1020 655 ad
1044 613 1126 676 opus
1148 589 1199 654 vel
1222 611 1317 655 usum
1340 589 1476 653 fratrum
1494 586 1616 653 ibidem
1636 587 1696 652 deo
1716 588 1855 652 servien-

206 700 289 763 tium
304 697 509 785 deputamus.
544 696 588 760 Et
602 704 639 760 ut
653 695 715 760 boc
734 697 939 764 auctoritatis
962 703 1073 778 nostre
1096 702 1286 779 preceptum
1308 692 1439 757 firmum
1462 702 1495 755 et
1516 690 1634 756 stabile
1657 699 1855 775 permaneat,

206 801 293 865 hanc
316 810 441 866 cartam
464 798 628 864 conscribi
651 808 683 864 et
706 799 796 863 anuli
818 801 921 864 nostri
952 799 1165 882 impressione
1194 799 1313 880 signari
1345 797 1514 877 iussimus,
1549 817 1647 881 quam
1670 803 1702 858 et
1725 795 1857 879 propria

207 927 307 971 manu
330 903 443 969 subtus
466 903 678 968 firmavimus.
941 905 942 908 ’

174 1052 189 1100 ὁ
310 1041 324 1122 l
347 1039 483 1126 Signum
507 1033 630 1106 domini
654 1039 785 1106 Ottonis
811 1040 876 1120 (M.)
900 1041 1010 1121 magni
1035 1048 1066 1103 et
1088 1038 1294 1102 invictissimi
1316 1037 1523 1121 imperatoris
1546 1029 1723 1120 augusti}

309 1142 323 1224 ,l
345 1144 519 1210 Liudolfus
535 1143 757 1209 cancellarius¹
767 1143 917 1208 advicenr
932 1138 1096 1209 Brunonis
1113 1138 1389 1225 archicappellani
1405 1141 1592 1224 recognovi.
1607 1132 1622 1216 ἕξ
1638 1140 1696 1219 (SI.
1709 1139 1759 1218 D.)
1777 1139 1859 1219 (SR.)

240 1344 243 1349 ,
310 1282 401 1346 Data
424 1300 455 1346 v.
478 1281 546 1346 kal.
569 1281 662 1345 iuliic
685 1303 771 1345 anno
795 1279 958 1344 dominice
983 1278 1224 1342 incarnacionis
1249 1291 1440 1358 nccccnxv,
1464 1275 1642 1352 indictione
1664 1292 1743 1356 vm,
1773 1296 1858 1338 anno

208 1387 335 1470 imperii
359 1385 469 1450 domni
494 1383 717 1466 Ottonis11113
740 1384 831 1467 regni
854 1393 962 1447 autem
986 1399 1078 1464 xxx3
1100 1391 1211 1446 actum
1234 1377 1505 1462 Magadabrugl3
1528 1378 1666 1444 feliciter
1688 1399 1794 1442 amen.

991 1623 1078 1696 297.

162 1813 193 1860 ro
220 1781 300 1857 Ouo
329 1783 489 1881 bestdtipt
515 1782 594 1854 ἀιιη
622 1780 787 1854 Bistbum
814 1779 954 1852 Verdec
981 1779 1039 1852 die
1063 1779 1286 1853 Immaoitdt.
1364 1817 1550 1891 deebm
1573 1820 1635 1877 965
1660 1817 1741 1876 Μ
1764 1820 1815 1876 30.

316 2008 563 2082 Originaldiplom
585 2009 627 2066 im
649 2007 676 2066 k.
702 2006 906 2066 Stootsarehio
926 2024 967 2064 aa
991 2006 1152 2063 Hartaover
1175 2004 1237 2083 (Α).

313 2145 441 2218 Stamps
460 2145 534 2203 Acta
556 2145 634 2204 ised.
659 2149 699 2203 11
722 2150 757 2201 n⁰
781 2147 822 2203 10
845 2161 902 2202 aas
925 2143 961 2202 Α.
986 2177 1028 2185 —
1051 2142 1179 2216 Stamps
1196 2144 1269 2216 ch.
1293 2148 1366 2203 377.

314 2282 376 2341 Vos
391 2283 458 2342 LK.
482 2284 676 2342 wrmtttelbar
696 2283 772 2340 nach
794 2281 860 2340 deoc
876 2282 914 2340 D,
933 2281 1061 2354 Lttdwip
1078 2281 1106 2342 d.
1123 2282 1162 2341 D.
1186 2299 1251 2340 vom
1268 2285 1316 2340 14.
1334 2280 1415 2338 Jam·
1430 2283 1493 2338 848
1511 2277 1611 2358 (Perta
1625 2278 1812 2338 Ptobedraek
1826 2275 1859 2354 3)

312 2386 506 2459 pescarieoea.

162 2612 193 2660 15
317 2590 377 2668 (0.)
400 2587 414 2669 ξ
435 2589 474 2652 In
498 2590 629 2653 nomine
653 2599 787 2652 sanctae
810 2598 842 2652 et
864 2587 1054 2653 individuae
1076 2590 1242 2654 trinitatis.
1288 2587 1366 2653 Otto
1391 2588 1502 2653 divina
1531 2589 1662 2654 favente
1689 2587 1862 2651 clementia

213 2694 389 2777 imperator
411 2702 579 2776 augustus.
668 2707 695 2757 Si
719 2707 887 2758 sacerdotum
909 2723 1098 2772 servorumque
1116 2708 1158 2758 dei
1182 2695 1286 2758 iustas
1302 2704 1335 2759 et
1348 2693 1560 2759 rationabiles
1577 2695 1750 2779 petitiones
1767 2707 1799 2756 ad
1817 2723 1862 2772 op-

212 2817 298 2861 tatum
320 2811 442 2861 ellectum
467 2811 650 2876 perducimus,
678 2827 732 2861 non
761 2811 847 2860 solum
874 2791 888 2874 Ξ
917 2794 1120 2882 imperialem
1149 2827 1301 2862 exercemus
1324 2813 1557 2874 consuetudinem,
1586 2812 1632 2862 sed
1655 2814 1733 2861 etiam
1757 2810 1863 2861 eosdem

212 2933 261 2981 pro
285 2917 381 2965 nostris
405 2916 557 2965 excessibus
582 2915 681 2964 domini
703 2913 910 2964 misericordiam
933 2913 1082 2964 exorandos
1103 2915 1252 2966 devotiores
1274 2919 1501 2982 promptioresque
1523 2917 1635 2966 facimus
1653 2911 1728 2966 haca
1749 2931 1796 2980 per
1814 2915 1878 2964 hoc*

214 3020 359 3069 inmensam
383 3019 482 3070 domini
506 3017 713 3070 misericordiam
735 3018 841 3068 facilius
864 3020 942 3068 nobis
964 3003 1183 3069 conciliandamb
1207 3037 1264 3070 esse
1287 3001 1451 3071 cobfidimus.
1492 3021 1594 3072 Idcirco
1617 3022 1722 3071 noverit
1745 3021 1863 3071 omnium

162 3127 322 3174 auruncus
345 3122 387 3172 dei
410 3123 539 3172 aeclesiae
562 3127 764 3188 nostrorumque
787 3121 905 3172 fidelium
928 3129 981 3172 tarn
1004 3125 1184 3189 praesentium
1206 3141 1285 3190 quam
1305 3131 1331 3176 et
1346 3126 1494 3176 futurorum
1511 3127 1650 3191 sagacitas,
1673 3126 1736 3190 quia
1751 3109 1862 3172 Bruno

214 3226 375 3276 venerabilis
398 3227 538 3291 episeopus
561 3231 677 3275 nostram
701 3226 793 3276 adiens
816 3227 1000 3276 celsitudinem
1022 3228 1181 3292 postulavit,
1214 3234 1245 3278 ut
1266 3230 1406 3280 aeclesiam
1430 3230 1557 3294 episcopii
1580 3230 1620 3278 sui
1645 3229 1722 3302 sitam
1745 3229 1773 3275 in
1794 3241 1866 3291 pago.

214 3330 260 3394 qui
283 3329 380 3378 dicitur
402 3329 514 3391 Sturmi,
543 3334 722 3378 constructam
744 3330 772 3378 in
795 3329 854 3380 loco
877 3333 923 3395 qui
945 3337 1057 3381 vocatur
1079 3332 1197 3382 Fordiun
1220 3348 1299 3399 super
1322 3335 1432 3383 fluvium
1456 3332 1556 3382 Halera
1578 3333 1744 3398 dicatamque
1767 3332 1795 3379 in
1817 3331 1863 3380 bo-

214 3449 278 3484 nore
301 3428 434 3482 sanctae
463 3417 515 3482 dei
544 3420 709 3502 genitricis
733 3419 857 3483 Mariae
880 3429 913 3482 et
940 3428 1049 3484 srsnctic
1077 3435 1199 3486 Andreae
1228 3437 1343 3502 apostoli
1371 3443 1398 3486 et
1426 3439 1540 3486 martiris
1569 3436 1667 3486 Christi
1696 3451 1756 3486 cum
1784 3434 1864 3484 rebus

215 3539 338 3588 omnibus
361 3537 403 3586 vel
426 3534 578 3588 hominibus
601 3538 636 3587 ad
658 3553 686 3587 se
708 3538 903 3602 pertinentibus
926 3539 976 3588 sub
999 3544 1089 3588 nostro
1119 3540 1263 3590 munimine
1292 3547 1319 3592 et
1348 3541 1501 3592 defensione
1530 3542 1673 3591 consistere
1702 3540 1865 3600 fecissemus,

163 3643 196 3689 25
215 3648 346 3707 quatenus
369 3647 461 3692 nostra
482 3644 640 3692 auctoritate
663 3643 696 3692 ab
720 3643 904 3707 inquietudine
927 3642 1082 3694 iudiciariae
1105 3647 1245 3708 potestatis
1268 3645 1360 3696 eadem
1383 3647 1496 3696 ecclesia
1514 3662 1574 3696 cum
1593 3645 1716 3695 omnibus
1734 3643 1785 3692 sibi
1803 3643 1864 3692 sub·

216 3748 291 3796 lectis
319 3748 422 3796 nrunita
450 3754 476 3796 et
505 3746 614 3796 defensa
642 3747 742 3796 fuisset.
788 3747 871 3796 Cuius
893 3749 1015 3811 petitioni
1038 3750 1213 3799 assentientes
1236 3751 1287 3800 hoc
1309 3756 1415 3801 nostrae
1438 3750 1604 3800 auctoritatis
1626 3755 1779 3813 precept-uns
1802 3761 1866 3812 erga

215 3851 325 3901 eandem
348 3851 486 3900 ecclesiam
510 3857 589 3916 atquo
612 3852 776 3915 episcopium
799 3852 965 3901 inmunitatis
989 3859 1068 3917 atque
1091 3853 1213 3903 tuitionis
1234 3856 1321 3919 gratia
1343 3870 1391 3919 pro
1410 3853 1493 3903 divini
1510 3854 1597 3903 cultus
1613 3869 1702 3902 amore
1719 3857 1744 3902 et
1760 3853 1863 3901 arriruae

216 3959 321 4002 nostrae
344 3953 460 4004 remedio
484 3953 540 4003 fieri
563 3954 728 4004 decrevimus
750 3970 799 4018 per
820 3955 891 4018 quod
918 3955 1080 4019 precipimus
1109 3961 1188 4020 atque
1217 3957 1354 4018 iubemus,
1384 3962 1414 4006 ut
1443 3957 1533 4007 nullus
1562 3956 1642 4005 iudex
1671 3955 1795 4020 publicus
1823 3953 1865 4005 vel

215 4057 342 4122 quislibet
364 4073 396 4108 ex
419 4057 559 4107 iudiciaria
581 4062 713 4121 potestate
736 4058 763 4104 in
786 4057 912 4107 ecclesias
935 4063 982 4107 aut
1003 4058 1063 4107 loca
1084 4057 1128 4106 vel
1151 4072 1229 4123 agros
1251 4075 1299 4110 seu
1322 4059 1438 4124 reliquas
1460 4041 1623 4125 possionesl
1651 4075 1718 4125 quas
1739 4057 1865 4108 moderno

165 4167 199 4215 30
216 4167 334 4225 tempore
356 4163 385 4209 in
407 4161 572 4226 quibuslibet
594 4162 670 4225 pagis
692 4160 736 4209 vel
759 4162 898 4212 territoriis
920 4161 991 4210 infra
1013 4143 1186 4211 dititionem‘¹
1209 4163 1312 4225 imperii
1335 4165 1419 4212 nostri
1442 4159 1510 4212 iuste
1533 4168 1560 4212 et
1580 4162 1701 4228 legaliter
1723 4167 1867 4211 memorata

216 4269 288 4314 tenet
311 4263 353 4312 vel
377 4263 496 4326 possidet
518 4263 638 4324 eeclesia,
661 4262 704 4311 vel
727 4277 759 4311 ea
781 4279 832 4328 que
856 4263 980 4329 deinceps
1002 4265 1030 4313 in
1052 4265 1111 4314 iure
1133 4263 1249 4316 eiusdem
1274 4266 1402 4316 ecclesiae
1420 4265 1535 4316 voluerit
1553 4265 1644 4314 divina
1661 4267 1747 4329 pietas
1766 4266 1866 4330 augeri,

217 4367 250 4416 ad
279 4360 398 4416 causas⁰
427 4364 566 4415 iudiciario
596 4381 668 4415 more
697 4365 843 4415 audiendas
872 4372 919 4415 aut
947 4367 1096 4418 mansiones
1118 4368 1162 4417 vel
1189 4375 1296 4433 paratas
1317 4370 1454 4420 faciendas
1476 4375 1523 4418 aut
1544 4369 1712 4419 fideiussores
1734 4369 1866 4418 tollendos

217 4476 263 4520 ant
286 4470 405 4519 homines
428 4468 545 4518 eiusdem
573 4468 701 4518 ecclesiae
729 4474 782 4518 tam
811 4451 965 4534 ingenuosf
991 4470 1059 4520 letos
1082 4471 1161 4535 quam
1184 4477 1211 4521 et
1233 4488 1323 4522 servos
1346 4489 1425 4538 super
1446 4478 1542 4523 terram
1566 4474 1649 4537 ipsius
1672 4477 1867 4522 commanentes

216 4556 329 4624 inuste‘¹
352 4572 548 4638 distringendos
570 4589 619 4622 nec
642 4573 710 4623 ullas
733 4573 904 4623 redibitiones
927 4577 974 4622 aut
995 4573 1110 4623 inlicitas
1133 4577 1286 4626 occasiones
1309 4576 1480 4641 requirendas
1503 4577 1599 4626 nostris
1622 4591 1671 4625 nec
1689 4575 1785 4625 futuris
1803 4579 1866 4624 tem-

166 4683 199 4730 3b
217 4679 327 4743 poribus
350 4678 452 4744 ingredi
475 4677 573 4727 audeat
595 4693 643 4727 nec
666 4692 698 4727 ea
720 4691 788 4742 quae
811 4692 891 4742 supra
913 4683 1059 4732 memorata
1081 4684 1143 4728 sunt
1164 4681 1271 4744 penitus
1295 4683 1400 4746 exigere
1422 4686 1572 4744 presumat,
1600 4679 1648 4730 sed
1669 4680 1749 4729 liceat
1771 4695 1866 4728 memo·

216 4789 273 4834 rato
303 4783 402 4848 prqsuli
433 4799 474 4832 res
502 4781 654 4847 praedictae
682 4781 810 4831 ecclesiae
838 4796 903 4832 suae
932 4797 991 4832 cnm
1022 4783 1146 4832 omnibus
1169 4784 1220 4833 sibi
1243 4785 1368 4834 subiectis
1392 4791 1418 4835 et
1440 4785 1519 4834 rebus
1542 4783 1584 4834 vel
1608 4784 1760 4833 hominibus
1782 4782 1816 4832 ad
1839 4799 1867 4832 se

218 4887 408 4950 aspicientibus
430 4887 472 4937 vel
496 4887 689 4951 pertinentibus
712 4885 906 4936 sub.tuiti0nis
929 4893 1008 4952 atque
1030 4888 1196 4937 inmunitatis
1220 4893 1325 4939 nostrae
1348 4889 1509 4950 defensione,
1532 4893 1633 4938 remota
1654 4889 1737 4938 totius
1757 4887 1867 4936 iudicia-

218 4992 272 5040 riae
294 4992 432 5054 potestatis
455 4991 498 5040 vel
520 4991 629 5041 alterius
652 4990 796 5040 cuiuslibet
818 4990 918 5040 ordinis
940 4990 1138 5056 inquietudine,
1167 4993 1257 5057 quieto
1288 4992 1380 5042 ordine
1409 4973 1560 5057 possdered
1590 4997 1616 5042 et
1643 4998 1733 5041 nostro
1755 4990 1868 5041 fideliter

219 5107 311 5157 parere
339 5096 448 5157 imperio
477 5101 556 5160 atque
584 5111 632 5159 pro
661 5094 842 5144 incolomitate
865 5101 956 5145 nostra
978 5096 1099 5160 coniugis
1122 5101 1149 5146 et
1170 5095 1252 5160 prolis
1275 5112 1321 5146 seu
1346 5098 1424 5147 etiam
1448 5097 1530 5146 totius
1552 5096 1656 5161 imperii
1679 5111 1695 5145 a
1718 5095 1767 5145 deo
1792 5096 1868 5145 nobis

125 5251 127 5256 ,
168 5197 202 5245 40
220 5196 318 5246 conlati
349 5212 401 5246 una
431 5214 490 5247 cum
519 5198 589 5248 clero
618 5198 669 5248 sibi
700 5198 820 5248 subiecto
848 5199 994 5248 inmensam
1024 5198 1066 5249 dei
1095 5199 1261 5250 clementiam
1290 5201 1387 5266 iugiter
1415 5214 1532 5250 exorare.
1576 5199 1612 5249 Et
1634 5203 1665 5248 ut
1687 5199 1752 5248 haec
1778 5205 1869 5248 nostra

220 5294 389 5351 aucteritas⁸
417 5302 445 5348 in
474 5301 516 5350 dei
544 5303 650 5351 nomine
677 5301 823 5367 pleniorem
852 5303 971 5352 obtineat
993 5303 1111 5368 vigorem
1135 5308 1161 5352 et
1183 5319 1199 5352 a
1221 5303 1344 5354 fidelibus
1367 5310 1475 5356 sanctae
1498 5303 1539 5354 dei
1563 5303 1690 5354 ecclesiae
1719 5304 1868 5369 nostrisque

305 5455 364 5511 210.
391 5456 461 5520 bid
565 5458 590 5523 c)
608 5473 673 5508 corr.
693 5475 741 5509 aar
757 5421 981 5525 urspninpltcdcm
998 5462 1052 5510 iun.

305 5557 365 5613 207.
394 5559 488 5627 [solu]
593 5563 619 5620 a)
637 5561 705 5611 A:
721 5562 776 5614 VU.
874 5565 902 5626 b)
920 5563 970 5614 dos
987 5563 1058 5614 letata
1077 5579 1093 5614 a
1110 5579 1177 5614 corr.
1195 5581 1243 5615 aar
1260 5582 1279 5615 u
1383 5568 1407 5626 c)
1420 5565 1489 5630 [αἶρε
1508 5566 1592 5616 llatae
1609 5566 1698 5617 Rorur
1803 5566 1869 5632 d)A

393 5631 417 5691 e)
434 5627 514 5693 rosor!
531 5630 668 5680 certem
685 5648 733 5681 aar
756 5647 851 5683 causes
963 5633 1045 5694 odie
1069 5631 1158 5684 letatea
1176 5633 1340 5684 Bucbataben
1362 5634 1415 5698 aas
1432 5633 1520 5686 Rarus·
1631 5637 1659 5702 g)
1678 5652 1744 5686 corr.
1762 5651 1810 5686 aar
1827 5653 1869 5686 ar-

168 5698 202 5746 lt
392 5696 583 5764 rprttrrplicbem
601 5705 706 5750 nostrae
724 5703 896 5752 auctoritatis.
