4530 6434
894 447 1019 506 orno
1042 448 1065 504 1.
1090 443 1161 505 oei.
1304 419 1305 422 ‘
1788 441 1852 506 455

202 627 451 710 confirmamus,
485 627 521 691 id
542 625 638 692 nobis
662 626 706 692 ad
728 628 887 712 presentis
909 628 975 712 vitq
999 630 1140 713 spatium
1164 635 1196 692 et
1218 627 1262 692 ad
1284 639 1393 714 eterne
1422 629 1524 715 glorie
1552 629 1702 697 bravium
1726 643 1850 698 susten-

202 740 311 796 tamen
340 753 412 795 esse
440 731 572 796 minime
602 729 790 795 diffidimus.
835 730 976 796 Proinde
1006 732 1151 797 omnium
1179 730 1324 796 fidelium
1353 741 1466 816 sancte
1489 731 1541 796 dei
1563 733 1701 818 ecclesiq
1723 743 1850 800 nostro-

201 855 337 920 rumque
360 836 558 919 presentium
580 835 705 900 scilicet
726 854 766 898 ac
789 833 971 900 futurorum
993 837 1120 899 noverit
1144 834 1299 918 sollertia,
1323 835 1462 921 qualiter
1477 835 1641 902 Iohannes
1656 838 1850 903 venerabilis

200 936 306 1002 abbas
336 939 525 1002 monasterii
555 946 667 1023 sanctq
696 947 728 1003 et
755 939 877 1022 intactq
909 960 1100 1024 semperque
1128 940 1264 1023 virginis
1291 938 1395 1002 Maria
1423 940 1457 1003 in
1485 941 1646 1005 territorio
1670 941 1850 1007 Sabinensc

167 1059 184 1107 o
203 1041 255 1106 siti
277 1043 312 1106 in
334 1040 407 1107 loco
426 1043 481 1126 qui
500 1041 618 1107 dicitur
633 1041 824 1124 Acutianus,
847 1064 914 1106 una
936 1064 1011 1107 cunr
1033 1041 1261 1126 religiosorum
1284 1041 1519 1108 monachorum
1542 1043 1681 1129 collegio
1704 1056 1850 1110 nostram

202 1146 283 1210 adiit
310 1144 550 1230 celsitudinem,
587 1145 706 1212 obnixe
734 1145 914 1231 deprecans
937 1155 974 1210 ut
994 1168 1053 1232 pro
1078 1146 1130 1212 dei
1153 1168 1263 1211 amore
1286 1148 1454 1232 nostrique
1474 1157 1565 1212 statu
1587 1149 1714 1233 imperii
1736 1159 1850 1214 nostra
1889 1199 1895 1210 .

160 1275 166 1280 ⁸
202 1247 362 1333 imperiali
385 1251 581 1314 auctoritate
604 1248 710 1314 cidem
733 1251 929 1314 monasterio
955 1271 1012 1335 per
1033 1248 1096 1314 hoc
1119 1260 1266 1315 nostrum
1289 1259 1481 1335 preceptum
1503 1251 1712 1334 dignaremur
1733 1253 1848 1318 confir-

201 1372 290 1414 mare
307 1361 461 1437 precepta
476 1374 497 1417 a
512 1351 782 1439 predecessorum
797 1364 982 1418 nostrorum
996 1373 1110 1436 regum
1132 1362 1165 1416 et
1186 1354 1419 1438 imperatorum
1442 1353 1612 1438 largitione
1625 1365 1638 1394 ⁸
1660 1357 1848 1420 constituta.

200 1453 269 1520 Nos
293 1465 403 1521 autem
425 1478 500 1521 oum
523 1478 597 1522 cum
620 1455 789 1522 monachis
812 1457 879 1520 suis
901 1458 985 1521 iuste
1014 1465 1178 1541 petentem
1207 1466 1376 1521 cernentes
1406 1456 1466 1521 sub
1495 1460 1598 1522 nostri
1628 1458 1849 1524 mundiburdii

152 1577 184 1624 10
202 1559 338 1625 tuitione
360 1562 543 1646 recepimus
564 1558 801 1646 nostrumqueb
828 1559 876 1625 illi
903 1558 1072 1645 imperiale
1099 1571 1290 1646 preceptum
1318 1561 1388 1624 fieri
1414 1561 1567 1626 iussimus
1591 1584 1649 1648 per
1671 1562 1760 1648 quod
1780 1566 1850 1628 uni-

199 1683 311 1727 versas
333 1665 522 1729 monasterii
546 1665 596 1728 sui
618 1685 670 1728 res
692 1663 830 1729 mobiles
852 1673 884 1728 ct
910 1663 1110 1747 immobiles,
1144 1673 1211 1728 tam
1242 1687 1304 1750 quq
1333 1687 1391 1749 per
1419 1673 1566 1729 nostram
1599 1675 1849 1752 nostrorumque

200 1769 468 1855 predecessorum
490 1767 720 1834 liberalitatem
742 1790 904 1855 quamque
926 1778 959 1832 et
981 1791 1039 1854 per
1060 1767 1199 1833 aliorum
1215 1769 1435 1855 quorumlibet
1449 1769 1593 1834 fidelium
1609 1767 1730 1834 Christi
1745 1771 1848 1834 muni·

199 1872 388 1938 ficentiam⁰
415 1872 534 1958 collate
563 1883 595 1938 et
617 1874 776 1958 acquisita
805 1881 893 1954 sunt,
924 1882 993 1937 tam
1015 1873 1112 1936 etiam
1136 1894 1198 1958 quq
1222 1895 1280 1957 per
1301 1883 1456 1959 precepta
1477 1894 1591 1958 regum
1613 1873 1847 1958 Langobardo-

199 1998 281 2058 rum,
304 1975 501 2062 Liutprandi
523 1976 656 2058 scilicet,
680 1976 817 2061 Ratgisi,
841 1975 996 2041 Haistulfi
1012 1998 1052 2040 ac
1067 1975 1241 2058 Desiderii‚
1265 1999 1323 2041 seu
1338 1987 1370 2042 et
1385 1979 1618 2063 imperatorum
1633 1977 1847 2060 Francorum,

150 2094 181 2142 15
199 2077 316 2143 Karoli
344 2077 513 2161 videlicet,
548 2077 727 2144 Hludcvici
756 2087 789 2142 et
817 2078 982 2144 Hlotharii
1010 2102 1070 2143 nec
1099 2102 1165 2145 non
1194 2089 1226 2145 et
1254 2080 1388 2147 alterius
1411 2081 1589 2148 Hludcvici
1612 2091 1710 2167 atque
1733 2081 1848 2147 Karoli

199 2182 297 2247 etiam
319 2193 352 2247 et
373 2183 579 2268 Borangarii,
610 2187 679 2249 sive
702 2193 735 2248 et
755 2206 814 2271 per
836 2184 1008 2269 privilegia
1029 2184 1222 2271 pontificum
1245 2183 1381 2250 Adriani
1404 2195 1492 2250 certe
1515 2195 1548 2250 et
1570 2183 1727 2271 Stephani
1750 2195 1848 2271 atque

198 2284 368 2352 Paschalis
396 2289 574 2354 constituta
603 2298 679 2354 sunt
708 2311 765 2354 seu
793 2290 891 2354 etiam
922 2287 1129 2372 confirmata,
1164 2299 1297 2375 propter
1319 2289 1465 2355 divinum
1488 2320 1603 2355 amorem
1626 2309 1653 2354 et
1674 2305 1848 2355 reverentiam

200 2400 311 2475 sanctq
334 2407 378 2458 dei
399 2409 536 2473 genitricis
553 2409 637 2459 Mario
659 2402 816 2478 perpetuo
839 2391 1100 2475 corroboramus,
1125 2417 1188 2480 quq
1211 2396 1321 2459 omnia
1344 2409 1499 2460 nominatim
1516 2424 1548 2459 ao
1566 2407 1720 2475 singillatim
1742 2407 1847 2460 duroto

199 2510 338 2562 inserendo
354 2515 487 2563 sancimus
502 2507 600 2583 atque
616 2498 847 2563 confirmamus
870 2518 977 2577 propter
992 2513 1096 2562 futuras
1119 2527 1260 2577 pravorum
1282 2513 1419 2563 hominum
1440 2513 1623 2563 infestationes
1645 2517 1725 2577 atque
1747 2513 1848 2578 inquie-

149 2610 182 2657 20
200 2614 314 2666 tudines.
351 2616 383 2666 Id
405 2623 446 2668 est
468 2617 579 2667 fundum
601 2617 763 2668 Acutianum
785 2618 833 2668 nbi
854 2615 924 2666 idem
946 2616 1098 2666 venerabile
1121 2618 1309 2668 monasterium
1332 2621 1512 2668 constructum
1534 2621 1587 2681 est,
1617 2633 1677 2668 eum
1700 2616 1798 2668 linibus
1821 2622 1848 2668 et

200 2717 392 2783 appendicibus
414 2721 470 2770 suis
492 2721 520 2770 in
542 2722 682 2787 integrum,
704 2721 816 2771 fundum
839 2721 1027 2770 Calistriannm
1050 2721 1078 2770 in
1100 2735 1152 2786 quo
1176 2727 1216 2772 est
1238 2721 1351 2787 qcclesia
1373 2722 1458 2771 sancti
1475 2721 1621 2784 Laurentii,
1643 2722 1756 2772 fundum
1771 2721 1847 2772 Pom-

200 2813 479 2886 peianum,'lundum
501 2823 656 2888 Pinianum,
686 2823 798 2874 fundum
821 2823 1016 2887 Geruinariam,
1045 2823 1156 2876 fundum
1179 2824 1308 2896 Apianum
1329 2825 1357 2873 in
1379 2840 1432 2889 quo
1454 2829 1495 2875 ost
1517 2825 1630 2890 ecclesia
1651 2825 1737 2876 sancti
1757 2825 1847 2875 Pater-

200 2926 281 2989 niaui,
310 2925 421 2976 tondum
442 2927 623 2992 Asturianum,
652 2927 763 2978 fundum
785 2925 937 2992 Ordeolum,
965 2927 1076 2978 fundum
1098 2927 1209 2993 Mutellq
1232 2929 1261 2976 in
1283 2943 1335 2992 quo
1359 2933 1399 2978 est
1420 2926 1533 3006 eeclesia
1555 2929 1640 2979 sancti
1661 2927 1766 2995 Angeli,
1788 2928 1847 2978 iun-

200 3027 262 3078 dum
278 3011 447 3090 ,Urbanaml
469 3032 516 3096 qni
538 3036 565 3082 et
586 3031 661 3082 vicus
683 3030 746 3097 Sagi
768 3036 887 3094 uocatur,
916 3033 945 3080 in
966 3047 1020 3097 quo
1043 3036 1083 3082 est
1105 3032 1218 3097 ecclesia
1240 3033 1325 3082 saneti
1348 3032 1411 3095 Viti,
1441 3047 1501 3082 cum
1524 3035 1606 3096 pratis
1628 3031 1702 3082 silvis
1724 3038 1751 3083 et
1773 3033 1847 3097 aqui·

149 3133 277 3183 stimolis
300 3133 344 3184 vol
366 3135 489 3185 omnibus
512 3136 546 3186 ad
569 3152 629 3186 aum
651 3138 679 3185 in
701 3137 833 3203 integrum
856 3136 1059 3200 pertinentibus,
1083 3151 1115 3185 ax
1138 3135 1221 3186 lundo
1243 3135 1360 3186 Adriano
1384 3137 1477 3186 uncias
1499 3139 1552 3186 tres
1567 3137 1595 3184 in
1609 3151 1662 3201 qno
1680 3142 1721 3187 est
1735 3136 1848 3203 ccclesia

199 3239 284 3289 sancti
306 3237 450 3301 Ualentini,
474 3238 586 3288 fundum
600 3238 760 3302 Medianam,
782 3238 894 3290 fundum
910 3238 1111 3300 Casulamantis,
1134 3254 1167 3288 ex
1189 3238 1271 3290 fundo
1294 3239 1446 3289 Arcaniano
1469 3242 1575 3290 unciam
1598 3255 1685 3302 unam,
1709 3255 1741 3291 ex
1763 3239 1846 3290 tundo

198 3340 343 3391 Atarniano
366 3344 460 3392 uncias
482 3359 535 3406 sex,
559 3357 591 3392 sx
613 3340 697 3392 fundo
720 3340 875 3394 Siluaniano
899 3345 992 3394 uncias
1014 3359 1069 3405 sax,
1093 3359 1125 3393 ex
1148 3342 1230 3392 tundo
1252 3343 1373 3394 Anciano
1395 3346 1488 3394 uncias
1506 3359 1601 3395 novem
1616 3345 1663 3394 ubi
1679 3349 1719 3394 est
1734 3345 1847 3410 ecclesia

199 3445 284 3495 sancti
305 3447 412 3511 Felicis,
440 3447 552 3497 fundum
573 3447 712 3513 Agellum,
741 3447 853 3498 fundum
876 3447 1035 3498 (licilianum
1057 3448 1085 3497 in
1107 3463 1159 3513 quo
1183 3451 1223 3498 est
1245 3447 1357 3512 ecclesia
1379 3448 1465 3496 sancti
1486 3447 1601 3509 Donati,
1629 3447 1740 3498 fundum
1762 3447 1847 3497 Patri-

198 3549 318 3612 nioncm,
342 3549 453 3599 fundum
476 3549 652 3616 (lignianum,
676 3566 709 3601 ex
731 3549 813 3600 fundo
837 3549 1007 3601 Scandiliano
1031 3553 1124 3601 uncias
1147 3556 1274 3617 quatuor,
1302 3549 1414 3600 fundum
1437 3544 1612 3614 Cruptulas⁸,
1642 3550 1754 3600 fundum
1776 3552 1846 3600 Mar-

147 3653 181 3701 30
199 3636 400 3704 cellisnelium‘
426 3671 474 3720 pro
506 3657 591 3706 unciis
619 3660 747 3721 quatuor,
781 3655 893 3706 fundum
920 3656 1080 3722 Apicianum
1109 3656 1156 3720 qui
1183 3660 1210 3705 et
1237 3654 1376 3720 Longitia,
1409 3655 1437 3703 in
1466 3670 1519 3719 quo
1548 3660 1589 3704 ost
1615 3654 1729 3720 ecclesia
1761 3655 1846 3704 sancti

198 3756 327 3807 Gordiani
338 3753 360 3821 Β,
383 3759 494 3809 fundum
517 3758 702 3825 scaplianum,
725 3759 836 3810 fundum
858 3759 977 3822 Testam,
999 3742 1137 3809 fundum
1158 3743 1348 3824 Paternum,
1372 3755 1484 3807 fundum
1505 3757 1705 3820 Paternionem,
1734 3756 1846 3806 fundum

198 3860 323 3924 Centum,
346 3861 458 3912 fundum
479 3862 648 3928 Alinianum,
671 3863 783 3915 fundum
805 3864 898 3913 'l'urris
920 3864 949 3913 in
971 3879 1023 3928 quo
1047 3867 1087 3914 est
1108 3861 1222 3928 ecclesia
1243 3862 1328 3910 sancti
1350 3860 1553 3924 Laurentiiex
1575 3861 1657 3912 fundo
1679 3861 1845 3927 Pendigiano

196 3966 290 4016 uncias
313 3966 393 4030 duas,
421 3967 533 4018 fundum
555 3967 742 4034 Cqsarianum,
773 3968 886 4018 fundum
909 3967 1083 4033 Pulgianum,
1106 3964 1218 4016 fundum
1241 3963 1437 4027 venationum,
1460 3965 1572 4015 fundum
1593 3965 1763 4016 Fornicatam
1786 3980 1845 4014 curn

196 4071 307 4121 traiecto
338 4085 386 4121 suo
414 4087 461 4122 seu
489 4072 617 4138 gualdum
647 4074 675 4122 in
704 4073 835 4137 integrum
863 4073 892 4120 in
919 4088 972 4137 quo
995 4075 1036 4122 est
1058 4070 1172 4137 qcclesia
1193 4069 1278 4118 sancti
1301 4068 1420 4119 Gethulii
1442 4075 1468 4119 st
1490 4071 1576 4120 sancti
1597 4069 1751 4131 Benedicti,
1785 4063 1865 4118 cum

144 4176 178 4224 85
197 4173 320 4223 omnibus
342 4174 380 4223 eis
402 4174 561 4239 generaliter
581 4177 611 4224 in
632 4175 763 4240 integrum
785 4175 988 4238 pertinentibus,
1011 4173 1123 4224 fundum
1142 4173 1374 4224 Germaniciauum
1396 4173 1424 4222 in
1446 4173 1578 4239 integrum
1601 4173 1648 4223 ubi
1671 4178 1711 4223 sat
1732 4171 1846 4238 ecclesia

197 4277 282 4326 sancti
303 4276 385 4340 Petri,
407 4276 519 4327 fundum
541 4277 691 4341 Musileum,
714 4276 825 4327 fundum
848 4275 1013 4340 Cassianum,
1036 4293 1069 4328 ex
1090 4276 1174 4327 fundo
1197 4275 1353 4326 Staberiano
1376 4277 1469 4325 uncias
1491 4291 1546 4338 sex,
1569 4275 1682 4326 fundum
1698 4274 1844 4337 Cassulam,

196 4377 309 4430 fundum
331 4379 521 4442 Lacanianum,
544 4379 657 4430 fundum
678 4379 837 4445 Msdianam,
859 4381 972 4432 fundum
994 4380 1188 4443 Marcilianum,
1210 4379 1323 4429 fundum
1345 4379 1542 4442 Monaciannm,
1564 4379 1676 4430 fundum
1697 4351 1844 4442 Fisiarium,

196 4481 308 4532 fundum
331 4481 493 4546 Cadianum,
527 4481 640 4532 fundum
661 4466 868 4546 Larinisnuml,
900 4483 1013 4534 fundum
1035 4483 1241 4546 Balburianum,
1271 4498 1304 4533 ex
1326 4481 1408 4532 fundo
1432 4482 1588 4548 Classicellq¹
1607 4483 1699 4532 uncias
1721 4487 1775 4533 tres
1797 4483 1844 4532 ubi

197 4592 237 4636 est
258 4587 372 4652 ecclesia
393 4587 479 4637 sancti
500 4586 582 4649 Petri,
605 4602 638 4636 ax
660 4585 743 4637 fundo
765 4586 909 4637 Fuliniano
931 4587 1025 4637 uncias
1048 4602 1102 4649 sex,
1125 4601 1157 4636 ex
1180 4584 1263 4636 fundo
1286 4585 1399 4650 Bigiano
1422 4586 1516 4635 uncias
1538 4600 1592 4650 sex,
1616 4601 1648 4635 ex
1670 4584 1753 4635 fundo
1775 4584 1843 4634 Pon-

144 4693 179 4740 40
196 4690 304 4742 tianello
327 4692 421 4742 uncias
443 4707 498 4755 sex,
525 4689 637 4741 fundum
659 4689 835 4756 Perticatnlq,
864 4706 897 4740 ox
919 4690 1001 4741 fundo
1024 4688 1149 4740 aurificis
1171 4691 1265 4740 uncias
1287 4705 1342 4753 sex,
1371 4688 1483 4740 fundum
1505 4689 1678 4752 Pacilianam,
1706 4705 1738 4739 ex
1761 4686 1844 4738 fundo

197 4792 324 4845 Cassiano
346 4797 440 4846 uncias
462 4811 509 4846 sax
530 4796 559 4846 in
580 4811 634 4862 quo
657 4799 697 4846 est
719 4793 833 4860 ecclesia
855 4799 945 4859 sancte
967 4793 1055 4858 Iuste,
1084 4791 1196 4842 landum
1218 4792 1375 4842 Mattianum
1403 4792 1433 4840 in
1462 4807 1515 4857 quo
1545 4797 1585 4842 est
1612 4791 1726 4858 ccclesia
1752 4795 1843 4856 sancte

197 4895 332 4965 augens,
365 4916 398 4952 ex
419 4901 502 4952 fundo
524 4901 657 4967 Fignimo
679 4900 773 4950 uncias
796 4913 856 4962 sex,
889 4913 921 4948 ex
943 4896 1026 4947 tundo
1050 4895 1199 4962 Oiatemulq
1221 4896 1314 4946 uncias
1337 4899 1412 4957 octo,
1446 4909 1479 4945 ex
1501 4893 1585 4944 timdo
1607 4893 1724 4944 Occiano
1751 4893 1844 4943 uncias

197 5005 297 5064 septem
319 5007 346 5052 et
366 5005 457 5068 semis,
480 5021 513 5056 ex
534 5004 618 5055 tundo
640 5004 792 5054 Arunciano
815 5003 908 5052 uncias
930 5018 991 5065 sex,
1024 4999 1135 5052 fundum
1157 4999 1307 5062 Oliuulam,
1341 4997 1453 5048 fundum
1475 4998 1681 5060 Pontianellum‚
1705 5013 1737 5048 ex
1760 4996 1843 5048 fundo

196 5103 305 5154 Bussnli
327 5107 420 5157 undas
442 5123 537 5159 novam
559 5114 586 5159 et
608 5107 738 5173 scripulos
760 5112 827 5171 tres,
861 5107 924 5157 item
952 5121 985 5156 ex
1015 5104 1097 5156 tundo
1126 5085 1255 5154 Bussulii
1285 5102 1391 5152 uncum
1418 5117 1514 5166 unam,
1548 5118 1581 5152 ex
1603 5101 1685 5152 fundo
1708 5099 1843 5166 Macemlq

145 5208 179 5255 45
197 5208 291 5258 uncias
312 5224 367 5272 sax,
389 5225 422 5260 ex
444 5211 526 5262 fundo
550 5210 661 5262 Rofiano
684 5212 777 5262 uncias
799 5216 853 5262 tres
875 5211 904 5260 in
925 5226 978 5276 quo
1002 5215 1042 5260 est
1063 5207 1176 5276 qcclesia
1194 5207 1279 5259 sancti
1295 5204 1431 5271 Stephani,
1454 5222 1486 5256 sx
1501 5206 1584 5256 tundo
1600 5205 1734 5272 Macemlq
1749 5205 1842 5256 uncias

197 5315 325 5376 quatuor,
358 5328 391 5363 ex
412 5313 494 5364 fundo
517 5312 644 5364 Cassiano
667 5315 773 5365 unciam
795 5329 889 5377 uuam,
923 5329 957 5364 ax
978 5312 1061 5363 tundo
1084 5311 1220 5377 Sepitiano
1244 5313 1350 5362 unciam
1372 5326 1452 5362 unam
1475 5316 1502 5362 ot
1524 5311 1673 5374 dimidiam,
1704 5326 1737 5361 ex
1759 5309 1842 5360 tundo

196 5415 322 5466 Mediana
343 5417 436 5467 uncias
459 5416 533 5480 duas,
556 5433 589 5468 ex
610 5416 693 5468 tundo
715 5418 846 5469 Marciani
869 5418 962 5468 uncias
985 5417 1052 5467 duas
1074 5421 1101 5466 et
1123 5415 1258 5467 dimidiam
1280 5416 1329 5466 ubi
1350 5421 1390 5466 est
1412 5415 1525 5482 qcclesia
1547 5415 1631 5466 sancti
1646 5413 1787 5478 Uictorini,
1810 5429 1843 5463 ex

282 5589 340 5644 ³³7.
369 5587 636 5660 [sichel-annthal]
747 5593 773 5657 a)
794 5591 826 5656 0,
852 5592 921 5656 sebit
943 5595 973 5644 iss
995 5591 1023 5643 B
1131 5593 1160 5654 b)
1179 5597 1206 5644 et
1228 5597 1346 5658 nostrum
1372 5589 1396 5642 0
1501 5591 1527 5653 c)
1545 5587 1770 5656 magnificentiam
1793 5585 1847 5639 ΒΟ

367 5659 394 5720 d)
416 5658 443 5724 0,
461 5659 595 5711 Orbanam
614 5659 640 5710 B
721 5664 746 5724 e)
766 5661 899 5728 Criptnlas
919 5660 943 5714 0
1026 5661 1046 5724 f)
1065 5661 1268 5712 Marcianellum
1280 5658 1501 5724 nuncapium
1517 5658 1573 5709 aad
1589 5657 1644 5709 VU.
1659 5666 1684 5707 Π
1767 5657 1794 5723 g)
1814 5655 1842 5720 0,

144 5727 178 5775 50
366 5728 495 5780 Gurdiani
512 5729 539 5779 B
641 5727 670 5792 h)
687 5730 862 5781 Luuirianum
880 5729 934 5782 VU.
947 5741 967 5795 1,
994 5732 1188 5799 Larignianum
1206 5729 1262 5783 VU.
1277 5741 1303 5782 Π
1408 5730 1427 5792 i)
1444 5730 1507 5779 item
1526 5727 1621 5779 exinde
1641 5725 1668 5777 0.
