4508 6428
910 395 1035 454 ΟΤΤΟ
1058 397 1081 452 I.
1106 391 1178 452 965.
1805 387 1869 453 423

219 574 365 642 tuitionis
389 578 594 663 patrocinio⁰
615 577 885 660 condonavimus,
908 579 1125 664 precipientes
1145 579 1209 643 hoc
1227 581 1456 665 imperatoriae
1475 582 1681 646 auctoritatis
1699 592 1865 668 precepto,

221 701 285 765 quo
316 682 349 745 in
378 681 528 746 omnibus
555 681 613 746 tali
642 685 887 768 patrocinentur
916 682 1017 746 tutela
1045 693 1078 747 et
1106 685 1273 767 potiantur
1300 686 1370 748 iure
1393 683 1481 768 quali
1505 694 1686 749 ceterarum
1708 684 1867 776 regalium

218 783 385 849 institores
407 784 545 866 urbium,
568 806 729 872 nemoque
752 785 831 851 inibi
855 785 1000 871 aliquam
1023 785 1086 850 sibi
1110 786 1261 851 vendicet
1282 797 1490 872 potestatem,
1512 788 1575 851 nisi
1598 788 1717 873 prefati
1739 791 1868 874 pontifi·

219 896 312 952 catus
334 888 601 973 archiepiscopus
624 898 656 952 et
678 911 775 974 quem
797 890 867 973 ipse
890 888 934 953 ad
956 887 1020 954 hoc
1042 888 1258 974 delegaverit,
1289 913 1388 954 manu
1417 899 1531 955 nostra
1559 891 1686 974 signato
1716 902 1748 956 et
1777 892 1866 958 anuli

185 992 322 1054 onestri
345 992 558 1076 impressione
580 991 746 1057 roborato.

321 1143 430 1210 Aetas
449 1165 496 1210 1v.
520 1145 593 1210 idus
617 1149 747 1233 augusti
771 1169 857 1212 anno
881 1147 1065 1212 dominicae
1087 1149 1323 1213 incarnationis
1346 1164 1557 1231 nccccnxvr,
1592 1147 1769 1213 indictione
1791 1167 1866 1233 vlu,

218 1271 306 1313 anno
323 1248 445 1314 domini
463 1249 594 1316 Ottonis
609 1253 721 1337 magni
744 1253 949 1338 imperatoris
971 1253 1063 1338 regni
1086 1269 1183 1334 xxxl,
1206 1253 1334 1337 imperii
1352 1260 1455 1316 verog
1477 1269 1530 1334 1v3
1553 1261 1662 1318 actum
1678 1251 1866 1337 Mersburg3

220 1352 254 1415 in
277 1351 329 1416 dei
351 1355 482 1419 nomine
504 1354 652 1419 feliciter.

998 1576 1085 1653 308.

170 1752 202 1798 ιο
229 1725 309 1804 Otto
335 1730 483 1803 verleibt
507 1730 577 1804 ders
603 1733 777 1806 Brttderra
804 1733 864 1805 des
881 1732 1179 1806 Micbecllclosters
1205 1761 1250 1806 zu
1275 1734 1473 1834 Lr’tneburp
1499 1735 1570 1808 den
1584 1734 1743 1834 sttnsten
1766 1735 1869 1808 Tbeil

219 1851 279 1924 des
305 1851 531 1926 Marktzolles
558 1853 718 1928 doselbst.
1495 1909 1537 1919 -
1561 1877 1623 1937 965
1646 1876 1771 1935 Olooter
1792 1882 1822 1937 1.

321 2059 409 2135 Copie
430 2062 479 2122 des
501 2065 552 2123 12.
570 2063 622 2123 Jb.
645 2065 689 2121 im
710 2064 739 2124 lr.
757 2063 962 2128 Steatserelriv
982 2081 1023 2122 eu
1044 2064 1207 2122 Hormorer
1230 2062 1295 2142 (B).

318 2214 485 2290 Pfefftnyer
504 2219 668 2278 Vitrierius
690 2219 800 2278 illustr.
825 2224 855 2288 1,
880 2222 945 2279 982
965 2235 1022 2278 aas
1044 2220 1074 2277 B
1097 2242 1138 2272 =
1159 2217 1326 2294 Pseffinyer
1341 2221 1420 2281 Hist.
1437 2221 1488 2280 dar
1503 2221 1866 2295 Brumssrbweiq-Iirtrse-

320 2322 403 2394 bary.
420 2322 538 2380 Hoaees
554 2328 584 2394 1,
600 2325 673 2383 309.
696 2356 739 2366 —
762 2323 936 2396 Hodesbery
953 2323 1150 2396 Iameburper
1169 2323 1233 2383 ΠΒ.
1259 2328 1288 2394 7,
1312 2325 1331 2383 5
1353 2326 1422 2384 rr⁰5
1445 2341 1502 2384 aaa
1525 2324 1562 2382 B.
1585 2357 1628 2367 —
1651 2324 1781 2383 Botmer
1794 2325 1864 2398 Rey.

320 2424 392 2482 306.
416 2457 460 2466 —
482 2423 610 2497 Stumpf
628 2426 700 2500 Rey.
725 2427 798 2485 386.

322 2577 458 2650 Verfasst
479 2580 556 2652 arrd,
589 2583 643 2639 wie
664 2582 718 2641 das
741 2584 775 2641 in
796 2583 826 2641 B
847 2539 1107 2654 corruamus
1132 2581 1270 2652 dorthat,
1303 2582 1380 2640 auch
1404 2582 1591 2655 aeschriebea
1618 2600 1674 2641 von
1699 2581 1768 2640 LK.
1806 2581 1867 2640 Die

320 2682 478 2740 Bedenken
505 2684 608 2743 welche
629 2685 734 2758 Ko'plre
755 2687 789 2742 in
809 2683 969 2743 Dr'tmmler
990 2679 1097 2743 Jahrb.
1123 2682 1201 2743 0.1.
1225 2687 1289 2746 578
1313 2702 1405 2759 pogen
1431 2685 1531 2747 1)Βο.
1554 2689 1628 2756 308,
1651 2689 1714 2746 309
1744 2685 1867 2744 erbobea

319 2785 379 2855 hat,
402 2786 472 2844 siud
493 2787 581 2846 sehon
602 2805 657 2846 oon
680 2788 816 2848 Weilersd
836 2790 869 2846 in
885 2788 937 2848 SS.
952 2791 1005 2859 23,
1022 2791 1086 2849 393
1108 2789 1152 2848 aa
1175 2789 1254 2847 nicht
1276 2789 1442 2862 stiebheltip
1465 2791 1604 2848 erwiesers
1625 2788 1750 2848 worden.

421 2989 460 3054 In
482 2992 613 3055 nomine
637 3000 748 3076 sancto
772 3001 803 3056 et
825 2990 992 3075 individue
1014 2992 1178 3056 trinitatis.
1223 2989 1302 3056 Otto
1327 2991 1438 3056 divina
1460 2992 1591 3057 favente
1612 2992 1785 3057 clementia
1807 2995 1865 3058 im·
1969 3031 1972 3040 ·

166 3111 200 3157 so
218 3102 349 3178 perator
365 3102 535 3177 augustus.
628 3094 765 3159 Noverit
787 3097 931 3160 omnium
952 3093 1097 3160 fidelium
1118 3104 1305 3160 nostrorum
1327 3104 1394 3159 tam
1417 3097 1637 3180 praesentium
1660 3117 1759 3182 quam
1780 3096 1865 3160 futu-

217 3219 326 3263 rorum
356 3198 533 3281 industria,
568 3198 707 3285 qualiter
733 3224 794 3266 nos
822 3203 1006 3266 interventu
1035 3198 1145 3265 dilecti
1177 3201 1307 3264 comitis
1336 3200 1439 3264 nostri
1471 3200 1663 3264 Herimanni
1698 3199 1739 3265 ob
1774 3223 1864 3286 spem

216 3305 486 3368 remunerationis
509 3302 634 3388 divine,
665 3327 724 3389 pro
752 3304 895 3369 remedio
929 3314 961 3368 et
989 3302 1195 3368 absolutione
1224 3306 1332 3388 anime
1364 3314 1474 3388 nostre
1505 3303 1686 3390 dilecteque
1714 3306 1864 3390 coniugis

216 3414 327 3490 nostre
354 3403 547 3471 Adalhaidis
575 3406 697 3493 filiique
723 3410 825 3472 nostri
849 3409 1009 3472 carissimi
1034 3406 1166 3471 Ottonis
1187 3407 1343 3472 fratribus
1367 3409 1401 3472 in
1423 3406 1627 3472 Livniburch
1651 3407 1711 3472 deo
1736 3418 1864 3473 saucto-

102 3517 104 3522 '
217 3533 279 3597 que
302 3509 477 3576 Michaheli
502 3511 716 3576 servientibus
739 3513 885 3597 quintam
908 3519 1034 3597 partem
1056 3512 1162 3575 tocius
1186 3509 1303 3575 telonei
1328 3509 1371 3575 ad
1393 3521 1541 3575 nostrum
1569 3512 1620 3576 ius
1649 3512 1864 3596 pertinentem

164 3629 197 3676 ao
216 3614 256 3678 de
278 3627 421 3680 mercato
443 3616 668 3680 concessimus
687 3616 721 3678 in
736 3613 950 3696 Liuniburch,
973 3624 1010 3680 ut
1033 3636 1160 3700 semper
1182 3613 1307 3699 absque
1329 3612 1427 3678 ullius
1450 3613 1709 3680 contradictione
1731 3624 1865 3680 teneant

215 3728 247 3782 ct
269 3719 459 3803 possideant
482 3727 515 3784 et
537 3721 604 3783 suis
627 3729 663 3784 ut
685 3718 815 3784 libuerit
837 3718 951 3784 usibus
974 3718 1165 3803 adiungaut.
1210 3718 1254 3781 Et
1276 3727 1312 3783 ut
1333 3716 1394 3801 hec
1417 3717 1555 3782 tradicio
1585 3719 1705 3782 nostris
1733 3718 1864 3783 futuris-

214 3842 276 3907 que
300 3823 500 3909 temporibus
522 3823 647 3888 firmius
668 3821 829 3888 habeatm
850 3823 1022 3909 veriusque
1045 3821 1212 3904 credatur,
1246 3821 1332 3887 hanc
1361 3821 1491 3887 kartam
1520 3822 1683 3888 conscribi
1712 3831 1744 3887 et
1773 3821 1863 3887 anuli

213 3928 314 3990 nostri
336 3929 540 4013 inpressione
562 3927 685 4012 signari
708 3927 871 4010 iussimus,
895 3949 993 4012 quam
1016 3937 1048 3992 et
1070 3949 1168 3992 mann
1191 3928 1326 4012 propria
1348 3926 1462 3992 subtus
1484 3927 1696 3994 firmavimus.

316 4082 452 4167 Signum
475 4082 605 4148 Ottonis
628 4084 692 4164 (M.)
714 4084 825 4168 magni
849 4093 881 4148 et
903 4084 1107 4148 invictissimi
1130 4084 1348 4168 imperatoris.

163 4213 197 4261 30
316 4202 488 4267 Livdolfus
511 4203 726 4268 cancellarius
749 4203 898 4268 advicem
920 4203 1085 4269 Brunonis
1107 4201 1388 4267 archicancellaiii
1410 4203 1597 4286 recognovi.
1777 4202 1861 4282 (SR.)

316 4358 406 4422 Data
428 4357 496 4422 kal.
515 4357 623 4422 octob.
646 4380 732 4422 anno
756 4358 918 4442 dominice
941 4358 1175 4423 incarnationis
1199 4372 1390 4438 nccccnxv,
1413 4354 1591 4421 indictione
1608 4374 1681 4436 vm,
1704 4367 1862 4439 regnante

214 4464 268 4547 pio
293 4462 413 4528 Ottone
437 4484 523 4528 anno
547 4479 620 4524 xxx
644 4464 759 4546 primo,
782 4463 909 4546 imperii
933 4471 1041 4526 autem
1064 4479 1135 4543 11113
1159 4471 1269 4526 actum
1293 4482 1361 4541 ...ς
1383 4460 1417 4523 in
1440 4457 1572 4523 domino
1595 4458 1733 4523 feliciter
1755 4481 1860 4523 amen.

993 4699 1080 4775 309.

222 4860 302 4946 Otto
329 4861 476 4936 verledst
500 4861 571 4934 ders
598 4859 771 4933 Brttderm
798 4857 858 4932 des
884 4855 1182 4932 Michaellclosters
1209 4881 1254 4928 zu
1279 4853 1477 4953 Litneburq
1504 4853 1574 4927 ders
1593 4853 1754 4926 Zeboters
1779 4880 1861 4928 corn

162 5006 195 5054 es
214 4983 314 5056 Zolle
338 5010 384 5056 zu
408 4981 618 5056 Bardaetta.
1493 5029 1535 5038 -
1557 4997 1620 5056 965
1641 4992 1765 5052 oerore
1786 4999 1816 5054 1.

317 5192 495 5266 Coptelbact
516 5209 572 5251 oon
595 5191 625 5252 S.
642 5189 771 5250 struat
792 5207 849 5249 asar
871 5189 937 5248 dem
959 5187 1046 5248 Ende
1068 5187 1118 5246 des
1140 5191 1191 5246 14.
1209 5186 1261 5248 Jt.
1285 5174 1356 5258 Μ’
1380 5188 1423 5244 r'm
1444 5184 1691 5245 testamentis
1711 5201 1751 5242 su
1772 5184 1859 5242 Hers-

312 5312 402 5354 rsooer
424 5293 490 5373 (0).
513 5327 558 5338 —
579 5293 758 5366 Copiolbacb
779 5310 836 5352 aas
858 5291 925 5350 dem
947 5291 1033 5350 Euda
1060 5290 1110 5350 cles
1134 5293 1184 5350 14.
1201 5289 1254 5352 Jlr.
1273 5309 1307 5364 p.
1331 5295 1350 5350 4
1374 5291 1495 5361 merda,
1517 5308 1574 5350 aas
1598 5287 1624 5349 C
1642 5285 1704 5368 (D).

297 5479 357 5534 Μ.
383 5486 407 5546 e)
426 5480 619 5548 patrociniaO,
647 5482 785 5548 petrosim
801 5480 831 5531 1>
933 5481 954 5544 t)
975 5478 1024 5532 OD
1125 5481 1152 5546 g)
1172 5476 1209 5541 D,
1220 5477 1291 5541 fehlt
1308 5480 1338 5529 ὄπ
1358 5477 1386 5531 0.

298 5585 357 5640 iffi.
384 5585 489 5656 [Foltal.

159 5687 194 5737 to
296 5689 355 5744 m.
383 5689 489 5760 [Foltal.
