4560 6420
912 426 1037 484 ΟΤΤΟ
1059 427 1084 483 Ι.
1109 422 1181 481 949.

998 607 1082 680 114.

226 767 305 841 Ouo
339 766 415 863 pior
447 767 578 838 scineae
615 763 792 839 Getreuen
826 764 1000 836 Hobstoiu
1033 763 1112 834 aad
1146 763 1268 836 dassen
1303 760 1493 836 Geruoleliu
1532 759 1762 836 Chiaiodrnd
1797 760 1871 859 auf

216 885 421 957 Lebeoszcit
445 911 490 957 za
516 884 638 983 Elpeo
664 875 738 958 ciros
766 885 920 958 dorselbe
948 884 1064 957 bisber
1089 884 1130 956 ia
1157 884 1222 956 der
1247 883 1497 980 Momcburper
1522 880 1634 954 Marlc
1663 907 1708 953 zo
1742 880 1864 953 Labeo

217 1005 370 1078 00808800
395 1004 499 1077 dalle·
1235 1059 1236 1062 ¹
1272 1042 1474 1118 Qaedltaborp
1497 1044 1559 1101 949
1582 1040 1747 1112 September
1767 1041 1820 1100 26.

181 1244 197 1291 5
320 1231 566 1304 Oripinatdrplom
589 1233 630 1289 im
652 1231 680 1290 b.
705 1230 908 1290 Staotsorcbio
929 1249 969 1288 ru
991 1229 1097 1287 Berlin
1120 1227 1179 1306 (A).

317 1370 442 1428 Kettacr
463 1369 535 1428 Ant.
561 1369 715 1446 Qaedltnb.
740 1373 782 1428 13
804 1375 838 1426 a⁰
861 1371 881 1427 8
903 1367 968 1446 (opt.
987 1384 1020 1440 p.
1046 1365 1121 1445 692)
1143 1384 1199 1425 aas
1221 1365 1259 1424 A.
1282 1400 1325 1409 -
1347 1367 1444 1424 Erutb
1467 1363 1529 1426 OD.
1554 1365 1707 1442 Qucdliab.
1732 1370 1752 1426 6
1773 1371 1808 1462 (1⁰
1823 1369 1864 1425 10

317 1490 374 1532 aus
397 1474 433 1533 A.
457 1507 499 1516 —
521 1474 652 1532 Bbbmer
672 1474 744 1547 aeq.
769 1475 842 1543 175,
867 1473 924 1532 alle
944 1490 984 1530 aa
1007 1475 1080 1533 950.
1104 1504 1145 1514 -
1168 1469 1297 1542 Stampf
1315 1469 1386 1542 Itey.
1412 1473 1484 1528 179.

321 1609 383 1669 Von
407 1609 508 1684 Otpert
529 1609 659 1682 omfasst
681 1610 745 1670 sard
763 1611 956 1684 pesobriebea.

319 1798 376 1876 (0.)
397 1797 412 1879 ᾗ
432 1794 472 1859 Ιιι
499 1797 630 1860 nomine
659 1804 793 1860 sanctae
823 1803 855 1859 et
882 1792 1071 1859 individuae
1100 1794 1263 1857 trinitatis.
1320 1791 1398 1857 Otto
1429 1792 1547 1878 divina
1567 1793 1767 1858 concedente
1796 1794 1859 1858 cle-

167 1901 338 1963 tumentia
359 1921 429 1963 rex.
515 1899 699 1964 Noverint⁸
722 1901 867 1964 omnium
894 1896 1056 1963 industria
1083 1896 1227 1960 fidelium
1250 1907 1435 1961 nostrorum
1458 1899 1657 1982 presentium
1680 1897 1804 1962 scilicet
1826 1909 1859 1961 ot

215 2003 407 2085 futurorum,
430 2007 444 2088 ξ
466 2001 605 2089 qualiter
626 2025 687 2068 nos
710 2025 769 2088 pro
793 2004 921 2067 animae
937 2013 1069 2066 nostrae
1084 1999 1227 2065 remedio
1243 2022 1480 2087 procerumque
1495 2013 1691 2085 nostrorum,
1715 2003 1860 2066 Heinrici

215 2106 323 2170 fratris
346 2108 448 2170 nostri
471 2104 672 2171 dilectissimi
695 2103 988 2191 Heclrihardiqueb
1017 2105 1146 2169 comitis
1176 2113 1294 2188 rogatu
1322 2104 1481 2190 quasdam
1505 2108 1608 2170 nostri
1639 2107 1760 2191 proprii
1784 2107 1863 2180 iuris

214 2234 266 2275 res
289 2212 322 2274 in
344 2232 431 2295 pago
447 2211 613 2295 Hassagoi
637 2222 669 2276 et
691 2214 725 2276 in
748 2211 889 2277 confinio
905 2211 1117 2295 Mersapurac
1141 2211 1174 2273 in
1199 2210 1356 2272 comitatu
1374 2209 1544 2273 cuiusdam
1567 2211 1695 2274 comitis
1719 2212 1773 2296 qui
1790 2210 1862 2275 Tati

214 2323 430 2398 nuncupatur,
454 2313 584 2379 cuidam
607 2325 719 2379 nostro
743 2313 830 2378 fideli
847 2313 1008 2378 Hohstein
1030 2315 1199 2378 nominato
1222 2334 1283 2375 nec
1306 2334 1371 2376 non
1395 2324 1427 2376 et
1449 2315 1545 2378 uxori
1560 2315 1630 2379 eius
1647 2335 1729 2399 quae
1746 2312 1864 2378 dicitur

166 2434 196 2480 15
217 2415 437 2497 Chiniodrud,
460 2418 494 2480 in
516 2427 722 2502 proetatem⁰
743 2418 982 2499 concessimus,
1006 2439 1045 2481 ea
1068 2419 1178 2502 itaque
1201 2417 1327 2480 ratione
1350 2425 1386 2480 ut
1409 2416 1563 2502 quicquid
1585 2417 1750 2502 predictus
1773 2416 1864 2481 Hoh-

214 2521 297 2584 stein
320 2519 481 2584 hatenus⁸
503 2521 537 2583 in
560 2523 760 2606 prescriptae
783 2524 923 2587 civitatis
946 2521 1079 2588 marcha
1104 2521 1144 2586 de
1165 2529 1297 2586 nostrae
1321 2523 1524 2586 auctoritatis
1540 2521 1690 2606 largitate
1711 2525 1745 2586 in
1767 2522 1863 2587 bene-

213 2622 323 2687 ficium
345 2625 463 2705 tonuit,
487 2623 624 2708 posthac
647 2622 808 2709 uterqued
829 2624 974 2708 illorum,
998 2625 1091 2690 sicud
1114 2635 1188 2690 ante
1211 2624 1417 2706 dictumest,
1441 2627 1576 2690 maritus
1600 2636 1632 2689 et
1649 2647 1734 2689 uxor
1757 2648 1859 2711 usque

214 2718 247 2789 in
269 2725 440 2792 amborum
463 2728 550 2790 vitae
573 2727 696 2792 exitum
719 2731 918 2812 potestativa
947 2751 1046 2793 manu
1074 2738 1207 2792 teneant
1235 2738 1267 2792 et
1296 2727 1475 2792 secundum
1504 2726 1634 2793 illorum
1656 2729 1859 2794 voluntatem

214 2839 345 2895 utantur
366 2833 500 2915 iureque
516 2832 749 2916 proprietatis-⁹
770 2831 970 2915 possideant,
995 2855 1069 2897 cum
1085 2831 1254 2897 curtilibus
1270 2831 1442 2915 mancipiis
1458 2829 1594 2894 edificiis
1611 2832 1712 2914 pratis
1729 2834 1861 2917 pascuis

163 2949 197 2996 ao
216 2932 305 2997 silvis
335 2935 429 3019 aquis
457 2954 679 3019 aquarumque
708 2932 901 2999 decursibus
930 2934 1125 3000 molendinis
1148 2933 1387 3021 piscationibus
1409 2935 1471 2997 viis
1494 2943 1526 2997 et
1547 2935 1643 2997 inviis
1666 2934 1808 2999 exitibus
1831 2944 1864 2999 et

214 3035 370 3101 reditibus
394 3038 529 3122 quesitis
552 3047 585 3099 et
605 3036 805 3124 inquirendis
830 3037 1044 3123 omnibusque
1060 3037 1288 3123 abpendiciis·
1311 3036 1354 3102 ad
1368 3038 1531 3122 prenotati
1550 3039 1619 3101 iure
1635 3035 1866 3123 legitimeque‘

213 3139 389 3204 confinium
411 3139 647 3225 pertinentibus
671 3139 791 3226 predii3
825 3151 856 3205 et
883 3152 1059 3226 postquam
1089 3141 1196 3206 obitus
1224 3141 1353 3207 illorum
1383 3140 1452 3206 dies
1476 3141 1645 3206 advenerit
1666 3142 1862 3226 spiritusque

213 3243 383 3310 amborum
407 3244 447 3308 de
465 3246 558 3309 istius
581 3245 669 3309 exilii
692 3246 830 3311 vinculis
854 3246 984 3332 elapsus
1003 3248 1180 3329 evasarit²,
1207 3247 1405 3331 prescriptae
1424 3246 1656 3331 proprietatis⁰
1679 3245 1862 3328 antedictae

111 3407 113 3412 .
213 3357 353 3412 causas8
375 3349 408 3411 in
430 3357 576 3412 nostram
598 3349 651 3413 vel
673 3348 828 3415 heredum
850 3360 1036 3415 nostrorum
1059 3371 1117 3436 per
1139 3359 1244 3414 totum
1266 3350 1460 3434 penitusque
1490 3346 1626 3411 redeant
1655 3356 1861 3432 potestatem.

163 3464 196 3511 25
214 3451 258 3515 Et
269 3460 337 3515 ut⁸
357 3451 420 3516 hoc
442 3461 574 3516 nostrae
590 3455 794 3517 auctoritatis
810 3463 1000 3538 preceptum
1015 3474 1074 3537 per
1092 3452 1336 3518 succedentium
1354 3450 1516 3517 curricula
1532 3460 1714 3536 temporum
1736 3451 1860 3516 firmius

211 3557 382 3640 veriusque
404 3555 446 3620 ab
471 3555 622 3621 omnibus
646 3556 848 3638 crederetur,
883 3577 983 3620 manu
1009 3565 1123 3621 nostra
1154 3556 1267 3620 subtus
1289 3555 1490 3622 firmavimus
1514 3555 1667 3640 anulique
1689 3557 1791 3621 nostri
1815 3557 1862 3619 in·

211 3660 379 3743 pressione
401 3657 613 3742 assingnarih
642 3662 805 3726 iussimus.

314 3801 328 3882 0
351 3797 487 3881 Signum
510 3796 621 3862 domni
646 3796 776 3863 Ottonis
802 3799 867 3878 (M.)
892 3800 1089 3864 serenissimi
1112 3803 1208 3884 regis.
1231 3805 1245 3886 ξ

313 3901 438 3983 lBrun
463 3900 678 3965 cancellarius
701 3901 853 3966 advicom
874 3901 1026 3968 Fridirici
1050 3903 1302 3990 archicapellani
1325 3905 1512 3988 recognovi.
1535 3904 1549 3986 ll
1573 3905 1656 3985 (SR.)
1729 3904 1786 3983 (SI.
1809 3905 1860 3984 D.)
1926 3902 1930 3914 '

160 4060 193 4106 eo
313 4038 401 4102 Data
427 4056 472 4102 vr.
494 4035 582 4103 hal.i
607 4036 731 4103 octobr.
755 4062 840 4104 anuo
864 4042 1100 4107 incarnationis
1124 4040 1246 4106 domini
1269 4043 1372 4106 nostri
1395 4042 1470 4106 Iesu
1498 4039 1617 4107 Christi
1641 4059 1783 4126 nccccu,
1812 4046 1858 4107 in-

212 4141 360 4207 diccione
376 4159 441 4225 vn,
470 4163 557 4206 anno
588 4163 666 4206 vero
689 4144 779 4226 regni
804 4142 914 4208 domui
939 4139 1070 4209 Ottouis
1093 4145 1297 4209 invictissimi
1320 4145 1406 4229 regis
1430 4161 1525 4226 xl1113
1552 4155 1662 4210 actum
1686 4144 1859 4227 Quitilina-

210 4245 310 4327 burc3
331 4248 365 4310 in
388 4244 440 4310 dei
463 4246 594 4310 nomine
618 4266 724 4308 amen.

991 4418 1076 4491 115.

219 4568 299 4645 Otto
334 4571 474 4646 schenkl
508 4571 620 4645 derret
651 4568 892 4668 Confiscotion
922 4599 973 4645 ou
1008 4573 1072 4646 ihu
1098 4573 1275 4672 pesulane
1304 4575 1543 4674 Besitzonpea
1572 4577 1612 4649 iu
1641 4575 1755 4650 Recole
1783 4577 1864 4650 oud

159 4722 191 4769 35
209 4691 346 4790 Ihoych
372 4719 423 4764 ore
450 4691 508 4765 die
534 4691 667 4766 Kircbe
694 4691 754 4765 des
780 4691 813 4765 b.
837 4691 972 4796 llorere
997 4719 1041 4765 zo
1066 4693 1236 4768 Kobleuz.
1362 4735 1560 4796 Praestare
1582 4735 1744 4795 Nmpe,
1764 4739 1816 4796 22¹

313 4916 561 4992 Ortpiaaldiplom
582 4920 625 4977 im
647 4919 714 4981 Me.
741 4923 844 4981 14794
868 4921 921 4979 der
942 4921 970 4980 b.
994 4920 1162 4982 Bibliotbeb
1183 4941 1224 4982 aa
1246 4923 1372 4984 Brassel
1395 4923 1456 5002 (A).

311 5054 433 5114 Brower
455 5055 525 5116 Aut.
552 5058 663 5118 Trevir.
687 5058 730 5117 ed.
751 5068 775 5130 1,
799 5061 863 5119 562
885 5060 972 5118 Eatr.
995 5078 1052 5120 aas
1076 5062 1106 5121 A
1129 5085 1169 5115 =
1193 5063 1236 5122 ed.
1257 5071 1298 5134 11,
1323 5069 1352 5135 1,
1378 5067 1449 5125 458.
1473 5099 1515 5107 -
1539 5065 1668 5139 Stamps
1682 5065 1759 5124 Acta
1780 5067 1858 5127 bned.

310 5160 376 5216 298
397 5164 431 5214 n⁰
452 5163 517 5218 210
546 5177 603 5219 aas
631 5160 660 5217 A
686 5180 728 5219 zu
756 5167 818 5222 950
841 5163 1003 5222 Novmber
1026 5169 1082 5235 14,
1109 5170 1150 5227 21
1175 5165 1246 5225 oder
1265 5171 1310 5228 28
1333 5190 1374 5220 =
1398 5167 1478 5228 Stoet
1502 5167 1565 5228 OB.
1589 5188 1648 5227 von
1673 5169 1760 5229 θεῖνε
1783 5165 1860 5230 8799

310 5267 345 5316 10
367 5257 453 5321 9299.
477 5296 519 5305 -
542 5263 671 5337 Stumps
688 5265 760 5340 Ray.
779 5269 840 5326 190
863 5284 903 5324 ru
926 5269 988 5326 950
1010 5267 1172 5327 November
1192 5273 1245 5330 28.
1269 5303 1311 5312 -
1333 5271 1414 5330 (lbra
1435 5271 1627 5331 Mittelrbeiu.
1643 5274 1714 5347 Rq.
1735 5279 1799 5334 947
1819 5293 1861 5333 aa

157 5381 191 5428 ιο
313 5365 376 5423 950
398 5364 569 5426 Νοιειιιὸθν.

297 5512 354 5566 ΙΗ.
382 5513 490 5583 [Sickel]
593 5518 662 5584 a)A
767 5523 796 5584 b)
814 5523 831 5573 lr
851 5537 918 5574 corr.
935 5539 1015 5573 aruc
1123 5523 1148 5584 c)
1165 5523 1189 5574 A
1206 5530 1267 5576 atate
1287 5521 1474 5592 proprietatem
1580 5527 1608 5588 d)
1628 5533 1708 5592 atqua
1729 5545 1794 5580 corr.
1812 5546 1861 5580 orsa

380 5591 519 5650 utrumque
622 5589 648 5649 a)
665 5589 715 5640 dae
732 5599 798 5641 aete
814 5595 822 5642 i
841 5593 903 5644 tiber
920 5592 968 5642 der
984 5592 1053 5642 Zeila
1076 5591 1262 5658 umbpetraqen
1365 5595 1468 5658 otor-r.
1486 5610 1534 5644 aru
1557 5596 1680 5659 legitema
1784 5601 1812 5665 g)
1830 5605 1860 5650 nt

379 5651 661 5787 mmmm?
678 5662 862 5726 arapvtbrpllch
879 5665 1021 5728 assignari,
1044 5661 1117 5712 ἀαππ
1134 5665 1232 5712 meter
1255 5680 1272 5712 u
1295 5663 1357 5714 ator
1380 5682 1398 5732 g
1421 5662 1608 5726 nacbpetrapea
1710 5665 1730 5731 i)
1750 5667 1777 5716 hl
1795 5667 1861 5718 ohne
