4598 6420
417 409 459 478 94
1013 425 1463 485 narssnunnunnsn.

415 621 592 672 contraditum
615 627 641 672 et
663 622 912 688 gloriosissimorum
935 639 1039 689 regum,
1062 624 1221 672 Lvtheuuici
1244 639 1260 670 s
1282 622 1330 672 filii
1352 623 1440 688 magni
1464 624 1532 688 regis
1555 622 1646 672 Karoli
1670 627 1697 672 et
1719 637 1900 672 successorum
1923 621 1987 683 eius,
2011 638 2059 686 pro

415 727 506 788 eterna
527 724 645 788 ipsorum
668 725 805 790 omnisque
828 725 1011 790 gloriosissimi
1034 726 1138 790 generis
1160 740 1251 775 eorum
1274 727 1399 775 memoria
1422 725 1574 775 defensione
1598 732 1624 775 et
1645 726 1759 775 tuitione
1778 729 1887 774 actenus
1903 725 1983 774 fuerit
1998 741 2058 775 oon-

415 830 562 889 servatum;
585 841 664 892 quam
687 828 721 877 ob
744 843 798 877 rem
821 831 937 877 nostram
960 827 1112 892 imploravit
1134 827 1308 891 clementiam,
1331 834 1360 877 ut
1383 829 1452 878 idem
1474 830 1662 879 monasterium
1685 830 1734 877 sub
1757 832 1848 877 nostra
1870 828 1982 878 tuitione
2003 844 2058 878 sus·

415 931 542 994 cipientes
566 947 657 981 omnes
679 933 863 982 concessiones
886 933 920 982 ab
942 933 1154 982 antecessoribus
1177 935 1275 983 nostris
1298 934 1349 982 sibi
1372 933 1482 982 collatae
1505 938 1594 1000 nostre
1617 932 1783 981 auctoritatis
1805 935 1929 994 precepto
1944 929 2059 981 firmare

415 1049 481 1082 mus.
519 1033 602 1084 Cuius
624 1035 777 1085 rationabili
801 1042 828 1086 et
849 1038 918 1102 iuste
940 1030 1089 1100 ριιίιίοιιίιι
1118 1051 1254 1086 assensum
1277 1037 1416 1100 prebentes
1439 1033 1603 1084 decernimus
1625 1039 1705 1098 atque
1726 1035 1864 1084 iubemus:
1887 1034 2006 1097 inprimis
2028 1033 2093 1084 ute

414 1133 484 1184 idem
507 1137 694 1186 monasterium
717 1153 777 1186 cum
800 1139 922 1188 omnibus
945 1137 979 1186 ad
1000 1153 1028 1187 se
1051 1137 1245 1202 pertinentibus
1267 1137 1419 1203 plenissime
1447 1140 1611 1188 inmunitatis
1637 1138 1778 1188 securitate
1800 1138 1952 1203 perfruatur
1973 1153 2058 1203 neque

413 1235 528 1302 publicis
544 1241 727 1291 exactionibus
742 1241 786 1291 vel
801 1243 1013 1306 quibuscumque
1030 1241 1115 1290 modis
1137 1239 1243 1290 illorum
1266 1243 1336 1291 servi
1357 1241 1398 1290 liti
1421 1241 1463 1291 vel
1486 1241 1563 1291 liberi
1586 1257 1602 1292 a
1624 1241 1743 1307 qualibet
1766 1241 1906 1292 iudiciaria
1928 1245 2058 1304 potestate

413 1343 640 1409 constringantur,
675 1361 762 1395 coram
792 1345 921 1396 advocato
944 1361 1050 1408 eorum,
1084 1347 1106 1394 si
1130 1345 1195 1410 quid
1217 1344 1251 1394 ad
1273 1344 1461 1410 inquirendum
1483 1351 1529 1395 aut
1551 1346 1736 1411 corrigendum
1759 1346 1808 1408 sit,
1840 1346 1989 1409 inquiretur
2011 1350 2058 1393 aut

412 1447 572 1512 corrigatur3
606 1447 701 1512 prefati
724 1448 875 1498 monasterii
899 1433 1013 1496 fratres
1037 1447 1209 1511 hominesque
1232 1433 1376 1517 ipsorum
1399 1447 1432 1496 ab
1456 1449 1527 1496 omni
1550 1448 1720 1518 vectigalium
1742 1448 1915 1512 inquisitione
1938 1446 1981 1496 vel
2003 1445 2057 1494 the-

412 1548 478 1597 lonii
507 1551 592 1599 securi
621 1552 781 1615 consistant3
817 1555 936 1614 preterea
962 1550 1034 1614 quod
1056 1551 1116 1599 aliis
1138 1566 1243 1614 quoque
1266 1550 1454 1600 monachorum
1477 1551 1596 1600 cenobiis
1619 1566 1772 1602 concessum
1795 1553 1913 1610 constat,
1946 1551 1976 1597 ut
1998 1547 2056 1597 ubi·
2077 1548 2109 1595 10

412 1667 524 1717 cumque
547 1652 719 1703 dominicatos
742 1668 848 1704 mansos
870 1653 1024 1714 habuerint,
1054 1660 1095 1701 cx
1117 1637 1214 1701 rebus
1238 1659 1300 1722 que
1322 1635 1442 1701 ibidem
1466 1638 1679 1724 adquiruntur
1706 1653 1821 1704 decimas
1844 1636 1920 1700 dent
1942 1650 1975 1700 ed
1996 1667 2055 1715 por·

411 1760 465 1804 tam
487 1772 504 1802 s
525 1758 677 1806 monasterii
700 1772 749 1806 nec
770 1774 787 1804 s
809 1755 874 1805 alibi
897 1770 942 1806 eas
965 1756 1026 1804 dare
1050 1761 1192 1821 cogantur,
1224 1761 1355 1820 quatenus
1383 1755 1445 1805 inde
1476 1771 1523 1819 pro
1552 1761 1643 1805 nostra
1672 1770 1703 1804 ac
1731 1755 1813 1804 totius
1841 1753 1945 1818 generis
1974 1753 2057 1802 nostri

412 1861 521 1923 perenni
544 1859 663 1910 mercede
686 1861 934 1925 supervenientibus
955 1860 1101 1924 peregrinis
1124 1865 1150 1908 et
1172 1859 1322 1923 hospitibus
1351 1861 1496 1923 serviatur;
1530 1861 1638 1924 insuper
1660 1861 1739 1909 etiam
1763 1857 1847 1907 eidem
1871 1857 1981 1905 fratrum
2004 1855 2056 1904 col-

412 1963 482 2030 legio
510 1947 667 2032 regularis
696 1949 863 2014 electionis
892 1965 926 2014 ad
956 1963 1105 2028 eligendum
1130 1963 1254 2012 abbatem
1282 1964 1352 2012 inter
1378 1979 1406 2012 se
1433 1967 1591 2027 potestatem
1614 1963 1797 2022 concedimus,
1819 1977 1835 2008 ι
1858 1963 1989 2025 quatenus
2011 1974 2057 2008 eos

412 2066 506 2117 melius
529 2066 642 2116 delectet
664 2083 711 2130 pro
735 2073 825 2116 nostra
848 2073 874 2116 et
896 2071 1045 2116 nostrorum
1068 2065 1186 2115 fidelium
1209 2065 1294 2115 salute
1317 2081 1349 2116 ac
1371 2051 1453 2116 totius
1475 2067 1579 2130 imperii
1602 2066 1684 2115 nostri
1707 2069 1779 2114 statu
1801 2063 1918 2112 divinam
1939 2047 2057 2129 iugiter
2078 2061 2109 2107 15

412 2157 614 2219 maiestatem
632 2177 778 2219 exorare.
816 2172 874 2220 Hoc
897 2171 1063 2220 auctoritatis
1084 2176 1174 2235 nostre
1197 2171 1333 2220 concessio
1356 2175 1386 2218 ut
1408 2169 1549 2220 firmiorem
1571 2170 1599 2218 in
1622 2169 1663 2219 dei
1686 2169 1791 2218 nomine
1816 2165 1934 2216 obtineat
1956 2163 2056 2214 stabili-

412 2279 500 2336 tatem,
524 2288 602 2323 manu
626 2275 732 2338 propria
755 2289 812 2325 eam
833 2273 995 2324 firmavimus
1017 2279 1044 2323 ct
1063 2269 1139 2322 anuli
1161 2274 1244 2323 nostri
1267 2274 1439 2338 impressione
1461 2273 1578 2338 sigillare
1600 2257 1762 2322 iussimus.

515 2394 650 2479 Signum
673 2394 783 2460 domni
807 2394 937 2460 Ottonis
961 2396 1164 2460 invictissimi
1187 2396 1271 2477 regis
1294 2397 1358 2476 (M.)

512 2497 627 2583 Poppo
651 2497 864 2562 cancellarius
888 2498 930 2562 ad
952 2500 1056 2562 vicem
1079 2496 1246 2561 Hiltiberti
1268 2499 1453 2581 recognovi.

513 2634 602 2698 Data
625 2652 674 2699 ul.
694 2634 760 2700 kal.
783 2637 921 2700 ianuarii
945 2635 1120 2700 indictione
1143 2653 1177 2718 x,
1201 2658 1287 2700 anno
1310 2637 1543 2700 incarnationis
1566 2635 1688 2699 domini
1712 2647 1945 2713 succurramur,
1969 2651 2054 2694 anno
2074 2641 2108 2688 20

411 2747 518 2802 autem
544 2734 678 2823 (primi)
704 2737 833 2803 Ottonis
856 2741 941 2822 regis
965 2757 993 2821 ις
1017 2751 1125 2804 actum
1148 2741 1180 2803 in
1204 2739 1387 2821 Taleheim3
1411 2740 1443 2803 in
1467 2738 1518 2802 dei
1541 2740 1671 2803 nomine
1694 2759 1798 2801 amen.

1217 2991 1252 3064 6.

419 3138 498 3216 Otto
522 3141 687 3240 bewilliqt
708 3141 787 3214 dem
810 3141 965 3240 Bischrrf
979 3167 1051 3214 von
1077 3140 1215 3214 Utrecbt
1237 3140 1302 3213 dos
1324 3140 1433 3215 necat
1455 3141 1588 3212 Munzc
1608 3165 1654 3212 zu
1674 3138 1846 3236 sellaque.

1656 3279 1796 3352 Brripqcn
1818 3280 1880 3338 936
1906 3309 1942 3318 -
1967 3309 2008 3318 -

507 3469 599 3528 Inter
620 3471 813 3530 donationum
835 3488 892 3528 uus
913 3471 979 3528 dem
993 3469 1079 3529 Eudo
1102 3469 1151 3528 des
1174 3473 1224 3529 12.
1242 3468 1269 3528 J
1268 3470 1295 3527 h.
1320 3468 1344 3539 s.
1362 3473 1403 3529 19
1427 3471 1469 3526 im
1483 3468 1587 3528 Besite
1601 3467 1653 3525 der
1668 3465 1875 3524 oltrdmiscben
1894 3463 2052 3524 Gemcindc
2070 3476 2104 3524 25

507 3591 549 3630 su
569 3573 684 3633 Utrecht
709 3569 785 3653 (Bi).

506 3708 594 3768 Hcdc
616 3710 695 3768 Hist.
719 3727 762 3782 ep.
785 3711 1014 3773 muretenses
1036 3729 1092 3771 ons
1107 3712 1138 3769 B
1157 3713 1211 3769 mit
1229 3715 1350 3770 937:
1366 3709 1629 3769 Hecto-Bachaias
1645 3709 1683 3767 81
1703 3729 1742 3759 =
1762 3705 1863 3766 Gallio
1880 3703 2053 3764 Christ-iuno

507 3811 646 3883 ed.1,1,
670 3814 735 3872 822
761 3831 801 3871 aa
823 3818 896 3883 937,
922 3837 961 3866 =
985 3814 1092 3872 Micris
1123 3813 1200 3872 Holl.
1226 3810 1278 3872 Oh.
1303 3812 1340 3872 B.
1365 3817 1394 3883 1,
1419 3815 1469 3872 49.
1500 3845 1543 3854 -
1571 3812 1640 3872 Joh.
1671 3810 1706 3869 de
1733 3809 1844 3884 Dcydis
1873 3806 1941 3868 Chr.
1971 3808 2049 3866 Holl.

507 3917 579 3976 106.
605 3947 643 3958 -
666 3915 748 3975 Dodt
770 3916 898 3987 Archicf
916 3934 975 3975 curt
1002 3917 1117 3977 Utrecht
1140 3921 1170 3986 3,
1194 3921 1257 3976 103
1279 3921 1313 3974 n⁰
1334 3920 1352 3974 1
1377 3932 1432 3974 uus
1455 3915 1485 3975 B
1506 3916 1560 3972 mit
1583 3917 1655 3974 937.
1687 3945 1725 3954 —
1757 3911 1884 3984 Stumps
1909 3913 1982 3984 ch.
2009 3914 2051 3972 62

509 4035 549 4076 su
572 4021 644 4079 937.
2068 4023 2103 4070 30

506 4152 566 4212 Die
592 4156 671 4214 nicht
697 4155 939 4229 honelcirndssipe
960 4157 1100 4230 Fessunp
1124 4157 1173 4215 des
1196 4160 1291 4215 ersten
1315 4154 1411 4214 Tbcils
1434 4154 1506 4214 uest
1528 4171 1581 4213 um
1602 4170 1634 4212 so
1657 4152 1738 4211 mehr
1759 4150 1821 4222 auf
1840 4151 1904 4209 eine
1926 4149 2050 4222 Vorlapc

506 4275 562 4344 uus
590 4258 706 4318 Utrecht
726 4259 895 4330 senenses,
930 4260 974 4317 als
998 4260 1125 4318 cinrelnc
1148 4259 1323 4318 Ausdrr'tcte
1344 4261 1378 4316 in
1400 4259 1533 4330 doctique
1558 4255 1721 4316 Urhundcn
1747 4255 1946 4314 nacbweisbor
1971 4252 2048 4312 sind.

504 4359 644 4434 Dopepcn
665 4362 741 4420 wird
762 4363 813 4420 der
833 4363 934 4420 rweite
960 4362 1043 4421 lhcil
1065 4365 1118 4420 mit
1142 4363 1207 4420 dem
1222 4361 1408 4421 Escirutotoll
1429 4378 1484 4420 eon
1506 4359 1558 4418 der
1573 4358 1700 4417 Karistoi
1722 4357 1918 4432 hineupcsitpt
1932 4357 2050 4414 worden

504 4465 577 4521 scin.
619 4464 703 4524 Wohl
726 4469 784 4523 crat
806 4467 840 4523 in
861 4465 913 4523 der
932 4465 1172 4538 Ueteriieferwnq
1195 4467 1232 4524 ist
1255 4465 1309 4524 dos
1328 4463 1525 4538 resecarem
1547 4460 1732 4534 nusqesallcn
1754 4461 1817 4519 und
1839 4461 1886 4518 dte
1904 4459 1979 4518 Zau
1997 4458 2049 4516 der

506 4566 774 4640 Reyierunquahre
794 4568 926 4626 verderbt
948 4569 1082 4640 eumdem
1104 4569 1152 4626 die
1174 4567 1288 4626 andern
1305 4568 1417 4626 ZohIen
1439 4569 1576 4626 stimmen
1597 4566 1652 4623 mit
1674 4563 1766 4622 denen
1787 4565 1821 4621 in
1835 4562 1903 4622 DO.
1920 4563 1940 4621 5
1963 4562 2048 4619 tiber-
2067 4584 2102 4632 35

506 4670 563 4727 cin.
601 4670 653 4728 Du
675 4687 727 4728 um
749 4670 801 4729 der
822 4672 1015 4744 Recopnitton
1037 4671 1133 4730 settim
1155 4671 1209 4730 das
1231 4672 1356 4743 Hdccpt
1383 4673 1416 4728 tn
1443 4671 1497 4728 das
1525 4675 1554 4729 1.
1578 4669 1659 4729 Jahr
1681 4667 1732 4726 der
1754 4668 1923 4739 chvicrunp
1939 4668 2048 4738 pectet

420 4787 421 4792 ¹
507 4772 622 4830 werden
643 4789 725 4832 mass
747 4773 811 4842 med
833 4774 872 4832 do
894 4776 942 4831 ein
955 4773 1133 4844 Aufentludt
1155 4775 1189 4832 in
1212 4773 1263 4831 der
1283 4772 1373 4844 Psote
1395 4773 1537 4846 Bratppcn
1558 4790 1599 4830 (ιιι
1621 4771 1673 4828 der
1687 4770 1779 4828 Lerne
1800 4786 1850 4827 um
1872 4767 2048 4842 suplicium

505 4892 546 4931 su
567 4873 634 4932 dem
654 4876 688 4932 in
709 4874 843 4934 Dubium
859 4881 962 4949 possi,
985 4876 1067 4935 stelle
1088 4878 1134 4935 ich
1155 4878 1209 4933 mit
1231 4875 1359 4948 Stumps
1377 4874 1475 4935 DDO.
1499 4877 1518 4934 5
1542 4873 1605 4933 aaut
1628 4876 1647 4932 6
1669 4871 1911 4932 ncbcneinonder.

608 5077 648 5141 In
674 5079 804 5143 nornine
833 5078 955 5143 domini
977 5081 1078 5143 nostri
1101 5078 1182 5143 Jesu
1205 5065 1335 5141 Christi.
1381 5075 1512 5159 Summe
1540 5074 1718 5138 divinitatis
1747 5083 1826 5138 nutu
1856 5072 2047 5158 disponente

405 5178 482 5244 Otto
511 5202 580 5244 rex.
668 5177 866 5245 Cimctorum
895 5180 1039 5247 fidelium
1069 5185 1195 5247 noverit
1222 5183 1431 5263 universitas,
1467 5179 1605 5264 qualiter
1632 5200 1692 5243 nos
1721 5180 1901 5243 interventu
1931 5176 2046 5260 dilecte
2065 5187 2100 5236 40

404 5283 551 5365 coniugis
573 5291 683 5366 nostre
704 5281 830 5366 Edgide
853 5305 912 5346 nec
934 5306 1001 5347 non
1023 5293 1055 5346 et
1077 5283 1182 5348 fidelis
1205 5284 1306 5348 nostri
1321 5281 1497 5346 Kiselberti
1520 5280 1612 5345 ducis
1630 5279 1860 5344 Lethariorum
1882 5278 2046 5343 licentiam

404 5383 611 5449 concedimus
634 5394 797 5452 monetam
820 5384 959 5450 faciendi
983 5389 1017 5449 in
1039 5388 1169 5450 civitate
1192 5387 1403 5468 Traiectensi,
1427 5385 1460 5448 in
1478 5405 1543 5467 qua
1560 5382 1657 5448 modo
1674 5381 1868 5447 venerabilis
1883 5383 1933 5444 vir
1948 5379 2046 5444 Bald-

336 5549 342 5554 .
403 5485 490 5550 ricus
519 5486 699 5572 episcopali
729 5487 836 5551 officio
866 5487 956 5570 fungi
986 5485 1174 5552 dinoscitur.
1220 5487 1265 5551 Et
1290 5496 1326 5551 ut
1354 5486 1460 5552 nullus
1484 5508 1594 5550 comes
1617 5507 1721 5570 neque
1744 5486 1855 5570 aliqua
1876 5484 2047 5550 iudiciaria

507 5671 530 5724 ⁵.
560 5670 657 5739 [nole]
762 5675 787 5736 a)
807 5689 872 5724 corr.
892 5689 939 5722 aue
956 5675 1092 5739 petitione.
