4560 6426
1031 417 1483 474 KAISERURKUNDEN.

533 605 562 662 A
585 627 626 656 =
646 603 800 676 (trimiliae
821 603 868 660 De
891 603 1020 660 Hearieo
1042 620 1159 674 aucupe
1173 607 1238 661 307
1252 608 1286 659 a⁰
1301 605 1331 669 8,
1358 625 1395 652 =
1420 601 1523 672 honio
1539 597 1606 657 RA.
1623 595 1688 669 18⁶,
1714 603 1776 658 123
1796 606 1828 656 a⁰
1843 605 1872 668 9,
1898 622 1939 651 =
1967 598 2105 657 Sebasten-

533 707 576 765 od.
596 715 638 777 11,
662 711 691 776 1,
715 711 787 765 177.
815 738 851 747 -
877 705 1000 764 Ermerd
1022 705 1083 766 OD.
1108 705 1211 776 Westf.
1237 711 1266 776 1,
1290 708 1333 765 42
1354 710 1387 762 at
1410 707 1451 763 18
1479 721 1536 762 nee
1558 704 1595 762 A.
1623 736 1660 782 ε-
1685 703 1768 774 Jeffe'
1790 703 1859 762 DD.
1886 703 2104 777 qumtrnqinte

533 815 554 870 3
576 816 611 868 n⁰
632 815 653 870 3
675 827 732 869 aas
754 808 791 868 A.
816 843 858 851 -
881 809 1009 868 Berroia
1030 811 1101 882 ltro.
1127 813 1176 869 47.
1201 843 1243 852 -
1268 807 1396 882 Stampf
1414 809 1485 881 leco.
1511 809 1560 867 15.

536 948 598 1007 voa
621 949 725 1008 Simon
745 949 821 1006 anch
845 945 968 1019 concept
991 965 1045 1004 reo
1069 946 1127 1006 SE.
1153 948 1346 1020 emeleriebea.
1392 946 1472 1004 Dese
1500 947 1561 1004 sicle
1590 946 1686 1004 dieser
1713 945 1850 1004 Dictator
1879 947 1931 1002 orit
1961 943 2105 1003 Vorliebc

532 1052 643 1110 solatio-r
664 1050 840 1110 Ansdritclec
870 1050 983 1108 tertiaeet
1014 1051 1113 1107 welche
1142 1051 1194 1108 der
1221 1050 1505 1123 Urtaodeaspreelve
1533 1047 1632 1118 fremit
1660 1048 1730 1106 oder
1752 1048 1823 1106 doeio
1846 1049 1879 1104 ia
1902 1048 1951 1104 iter
1974 1046 2139 1105 aeimlera

530 1156 736 1228 recreatione
757 1154 841 1224 eiad,
877 1154 928 1212 liat
952 1154 1097 1214 Witmvms
1122 1153 1225 1224 Westf.
1250 1154 1319 1214 KU.
1345 1159 1375 1224 1,
1399 1157 1463 1213 157
1491 1153 1618 1210 nerleitet
1647 1170 1703 1211 ires
1725 1152 1796 1210 DH.
1821 1156 1863 1210 13
1890 1153 1974 1209 eeehr
1995 1152 2046 1209 als
2072 1169 2102 1210 cs

535 1260 632 1333 tesapt
648 1259 881 1317 ttieroasaatrsea.
919 1259 978 1315 Mit
1002 1258 1055 1314 der
1069 1257 1212 1329 Deetnae
1234 1257 1337 1315 coeletia
1360 1275 1392 1314 er
1414 1257 1470 1314 elea
1493 1257 1611 1316 Wovteo
1635 1274 1783 1327 renovare,
1807 1258 1994 1315 renovatione
2011 1273 2102 1330 prae-

536 1366 636 1422 notare
655 1365 779 1437 papaten
802 1364 866 1430 leat,
900 1361 994 1444 fallea
1016 1363 1086 1420 viter
1108 1362 1184 1419 (vecte
1207 1361 1255 1418 die
1276 1379 1331 1420 roa
1353 1362 1415 1419 itm
1435 1379 1597 1434 praepetere
1620 1361 1683 1420 aad
1704 1379 1775 1420 aava
1800 1361 1883 1419 Ttveil
1905 1379 1961 1418 een
1984 1360 2103 1419 Ficter

535 1467 629 1524 Beitr.
655 1471 684 1536 1,
708 1471 772 1526 308
796 1465 997 1524 wiederleoltmt
1020 1465 1233 1538 Folperaaeea.

538 1651 694 1733 (011111
722 1655 852 1717 nomine
882 1662 1017 1717 sanctae
1047 1663 1079 1716 et
1108 1651 1297 1716 individuae
1327 1653 1492 1716 trinitatis.
1530 1652 1703 1716 Heinrieus
1734 1651 1844 1715 divina
1871 1652 2004 1716 favente
2030 1652 2100 1716 cle·
2122 1664 2156 1711 to

433 1759 555 1822 mentia
582 1779 652 1820 rex.
747 1755 901 1822 Omnium
931 1779 1071 1840 namque
1102 1756 1246 1820 lideliurn
1278 1765 1462 1820 nostrorum
1492 1755 1703 1839 petitionibus
1738 1757 1921 1820 serenitatis
1956 1767 2099 1821 nostrae

434 1884 545 1926 aurem
561 1860 811 1925 accommodare
828 1870 965 1945 oportet,
988 1861 1130 1924 maxime
1147 1882 1258 1924 eorvun
1275 1861 1329 1943 qui
1352 1858 1392 1922 de
1409 1860 1511 1924 sacris
1533 1855 1547 1938 1
1568 1861 1765 1924 mentionem
1781 1860 1906 1924 faciunt
1921 1860 2099 1927 coenobiis

435 1964 661 2049 obtemperare
684 1963 903 2047 decrevimus,
933 1988 1009 2029 nam
1032 1965 1152 2030 nostris
1176 1962 1457 2027 crebrescentibus
1480 1963 1626 2047 peccatis
1649 1962 1859 2027 multimodas
1882 1985 2098 2048 paganorum

434 2069 667 2152 castigationes
697 2067 814 2152 quibus
843 2067 1047 2132 christicolas
1081 2067 1270 2131 afflixerant
1300 2067 1468 2130 sentimus.
1513 2066 1602 2130 Inter
1631 2088 1713 2150 quas
1743 2067 1840 2130 etiam
1871 2065 2097 2132 Mahthildam

434 2170 588 2236 dilectam
617 2173 789 2255 coniugem
815 2182 959 2236 nostram
989 2175 1054 2235 una
1083 2195 1157 2237 cum
1181 2170 1487 2236 Bodarbrunnensis
1517 2169 1698 2234 aecclesiae
1727 2171 1901 2255 episcope,
1936 2171 2099 2237 videlicet
2121 2193 2154 2240 15

434 2275 614 2357 Unuuan0,
647 2298 704 2340 seu
727 2284 760 2338 et
782 2277 899 2359 ceteris
922 2275 1073 2340 fidelibus
1097 2278 1216 2341 nostris
1241 2275 1281 2340 de
1306 2277 1428 2339 sanetis
1453 2273 1705 2338 Heriuurdeusis
1730 2275 1917 2338 monasterii
1941 2275 2098 2341 moniali-

434 2378 496 2443 bus
519 2378 780 2463 interpellantem
803 2381 1027 2463 eognovimus,
1052 2390 1212 2465 quatenus
1237 2379 1364 2443 illarum
1390 2387 1567 2464 praecepta
1589 2379 1704 2462 regiaa
1727 2399 1810 2463 quae
1827 2376 1868 2441 ab
1886 2378 2097 2462 ethnicorum

435 2485 644 2548 infestatione
667 2494 785 2548 exusta
809 2495 883 2550 sunt
905 2481 1082 2548 renovarib
1105 2485 1379 2569 praeciperemus.
1419 2481 1628 2567 Quapropter
1643 2483 1770 2546 noverit
1786 2484 1929 2547 omnium
1946 2483 2098 2548 fidelium

434 2597 619 2653 nostrorum
642 2588 812 2670 industria,
838 2590 914 2674 quia
937 2589 1146 2654 miseratione
1170 2611 1282 2652 earum
1304 2587 1419 2672 repleti
1444 2585 1485 2650 ob
1509 2609 1654 2651 amorem
1677 2585 1728 2649 dei
1752 2595 2006 2671 sanctorumque
2023 2590 2098 2652 eius

435 2690 646 2778 petitionibus
675 2715 786 2756 cortun
816 2715 987 2757 assensum
1016 2690 1228 2777 praebentes,
1263 2701 1360 2775 prout
1388 2712 1427 2753 ea
1457 2688 1499 2753 ab
1529 2688 1791 2754 antecessoribus
1820 2690 1940 2753 nostris
1969 2690 2098 2756 habere
2119 2713 2153 2757 eo

434 2795 645 2877 videbantur,
670 2805 801 2860 nostrae
824 2797 1029 2860 auctoritatis
1051 2795 1265 2859 renovatione
1288 2802 1483 2879 praenotare
1506 2794 1675 2874 iussimus,
1700 2815 1739 2856 ea
1763 2792 1888 2856 scilicet
1910 2794 2041 2858 ratione
2062 2805 2100 2859 ut

436 2898 590 2985 quicquid
612 2900 645 2962 in
669 2901 827 2964 vestitura
851 2900 1029 2985 supradicti
1054 2899 1117 2963 loci
1144 2900 1212 2962 sive
1237 2898 1277 2962 de
1306 2921 1418 2982 regum
1442 2897 1494 2962 vel
1525 2895 1698 2960 cuiuslibet
1728 2919 1886 2980 personae
1917 2897 2101 2964 traditione

436 3013 612 3088 appareat,
648 3003 736 3067 nullo
767 3005 906 3067 iniustae
936 3002 1205 3068 contradictionis
1234 3001 1466 3086 impedimento
1492 2999 1700 3064 aeternaliter
1721 2999 1765 3063 ad
1788 2998 1934 3063 eiusdem
1958 3023 2100 3086 congre-

436 3107 578 3190 gationis
601 3108 776 3171 nutrimina
800 3115 1001 3191 perseveret,
1032 3115 1193 3190 quatenus
1216 3104 1340 3189 absque
1364 3103 1527 3168 alieuiusc
1550 3103 1705 3167 secularis
1730 3104 1915 3167 vexationis
1939 3105 2099 3170 conflicto

437 3209 497 3276 sub
520 3220 652 3274 nostrae
676 3211 822 3274 tuitionis
846 3211 1021 3274 munimine
1046 3209 1163 3294 dignas
1186 3231 1225 3272 ae
1250 3208 1310 3272 deo
1341 3208 1481 3293 placitas
1511 3206 1696 3292 persolvere
1722 3207 1875 3271 studeant
1898 3207 2015 3272 laudes
2039 3233 2099 3274 no·
2119 3223 2153 3270 ‘25

438 3324 587 3400 strasque
609 3323 860 3398 nostrorumque
883 3322 1127 3377 antecessorum
1151 3335 1249 3398 quarn
1273 3322 1304 3375 et
1328 3334 1555 3376 successorum
1578 3313 1782 3396 frequentent
1806 3313 1980 3376 orationes.
2008 3313 2100 3394 Quo-

437 3417 575 3482 rundam
604 3428 713 3482 autem
743 3417 889 3482 locorum
920 3415 1083 3480 vocabula
1113 3439 1196 3502 quae
1226 3415 1359 3500 quidam
1390 3415 1544 3479 falsitatis
1571 3415 1685 3480 fraude
1708 3415 1898 3480 abstrahere
1922 3428 2099 3500 coria-ntur,

437 3520 512 3585 huic
544 3523 730 3606 conscripto
762 3519 954 3585 subnectere
984 3521 1227 3605 praecepimus:
1262 3517 1535 3604 Angeresgouuc,
1572 3518 1832 3600 Uuiuesuualdo,
1868 3518 2100 3604 Oueranberh,

440 3623 725 3709 Linduuinesdorp
749 3635 781 3689 et
804 3623 966 3688 Hunbech
997 3646 1091 3688 secus
1119 3623 1254 3687 fluvium
1285 3621 1414 3706 Sigina3
1449 3622 1530 3687 haec
1562 3625 1670 3688 omnia
1700 3646 1775 3688 eum
1803 3622 1937 3708 reliquis
1967 3627 2100 3689 cunctis

439 3728 702 3812 possessionibus
726 3737 792 3791 tam
815 3729 848 3790 in
872 3729 961 3811 agris
984 3727 1080 3791 cultis
1104 3736 1136 3791 et
1158 3727 1289 3790 incultis
1313 3749 1411 3812 quam
1435 3736 1467 3790 et
1490 3729 1524 3791 in
1547 3727 1697 3792 omnibus
1720 3727 1918 3812 appenditiis
1937 3727 1982 3792 ad
2001 3751 2098 3812 prae·
2118 3743 2153 3790 30

438 3832 541 3896 fatum
571 3831 679 3895 locum
707 3831 958 3915 respicientibus
984 3832 1079 3895 firma
1110 3830 1286 3915 stabilique
1318 3832 1458 3894 statione
1487 3833 1520 3895 in
1543 3833 1607 3895 iarn
1631 3831 1738 3895 dictae
1762 3830 1906 3894 familiae
1931 3841 2100 3915 pot-estate

439 3936 572 4020 perenni
596 3943 742 4020 tempore
765 3937 957 4000 consistant.
997 3936 1040 3998 Et
1062 3945 1098 3999 ut
1121 3934 1183 3999 boc
1205 3945 1339 3999 uestrae
1362 3935 1619 4000 confirmationis
1644 3944 1854 4019 praeceptvun
1878 3935 2007 3998 firmum
2033 3945 2100 3999 sta-

438 4037 568 4122 bileque
602 4048 806 4122 permaneat,
841 4061 940 4103 manu
973 4048 1086 4103 nostra
1117 4038 1231 4104 subtus
1265 4038 1345 4102 illud
1378 4039 1580 4103 firmavimus
1614 4038 1777 4123 anuloque
1811 4049 1923 4103 nostro
1960 4039 2100 4123 sigillari

440 4143 676 4226 praecepimus.

543 4293 557 4375 1
580 4297 715 4381 Signum
739 4297 849 4361 domni
874 4298 1017 4362 Heinrici
1042 4299 1132 4377 (Me.)
1158 4299 1353 4362 serenissimi
1377 4299 1473 4383 regis.
1497 4298 1510 4378 1
2120 4329 2154 4374 35

544 4396 558 4478 {e
581 4398 694 4464 Simon
711 4402 858 4465 notarius
873 4401 1022 4466 advicem
1040 4402 1189 4486 Herigeri
1206 4400 1482 4487 archicappellani
1498 4401 1675 4485 recognovi
1691 4409 1723 4464 et
1745 4398 1758 4477 {⁵2
1783 4402 1852 4479 (SR.
1872 4401 1949 4478 NN.)
1977 4403 2037 4481 (SI.
2056 4405 2100 4482 2.)

545 4564 636 4627 Data
658 4582 716 4628 xv.
740 4564 806 4628 kal.
830 4587 899 4648 apr.
922 4588 1008 4630 anno
1033 4565 1267 4629 incarnationis
1291 4564 1414 4630 domini
1437 4547 1664 4645 cccccxxvii,
1689 4563 1902 4627 indictionum
1927 4548 1985 4647 xi,
2010 4589 2102 4630 anno

442 4716 520 4758 vere
543 4695 634 4777 regni
657 4693 882 4777 gloriosissimi
906 4695 1052 4759 Heinriei
1071 4696 1158 4778 regis
1182 4675 1248 4775 V1⁰13
1271 4701 1381 4759 actum
1397 4692 1534 4775 Aetnid3
1556 4694 1589 4756 iu
1613 4692 1665 4758 dei
1684 4694 1814 4757 nomine
1831 4693 1973 4758 feliciter
1991 4718 2103 4761 amen.

1241 4885 1297 4957 lt.

445 5039 618 5114 Hcirmicle
635 5041 775 5114 saliente
792 5041 871 5114 devo
886 5041 1046 5138 Korn-ap,
1076 5040 1240 5114 Vrvsnlloo
1258 5041 1318 5113 des
1335 5039 1494 5137 Herzops
1507 5038 1652 5136 Aeaeis,
1673 5037 1743 5110 dea
1761 5037 1926 5135 [deripere
1944 5039 2101 5138 Noppo.
2122 5063 2158 5110 so

1670 5161 1740 5220 Sola
1762 5165 1826 5221 927
1852 5159 1979 5220 Ottotcr
2002 5168 2056 5224 18.

551 5334 799 5408 Oriyiaeldiplonv
823 5340 862 5395 ivn
885 5339 912 5396 l.
937 5339 1144 5397 Reietsorelvie
1165 5357 1205 5395 aa
1227 5337 1378 5394 Milesium
1402 5333 1465 5413 (A).

550 5473 632 5530 More.
657 5474 751 5531 Boien
772 5479 838 5545 231,
862 5479 924 5535 1114
948 5482 981 5532 a⁰
1003 5479 1064 5534 115
1089 5493 1145 5533 ivus
1168 5473 1205 5532 A.
1232 5507 1269 5516 —
1295 5473 1423 5531 Btilvmer
1445 5473 1515 5544 aa.
1542 5475 1591 5532 le.
1619 5505 1656 5514 -
1682 5469 1809 5542 Sturnos
1828 5471 1899 5542 neo.
1926 5475 1978 5528 17.

552 5657 591 5711 vt.
620 5658 726 5724 [Sickel]
829 5661 854 5720 a)
875 5677 970 5710 reem
987 5678 1069 5725 erup
1173 5662 1200 5722 b)
1219 5659 1423 5722 recensitam,
1449 5657 1547 5710 releiat
1565 5675 1613 5708 aaa
1629 5662 1658 5710 in
1675 5659 1811 5711 sordeseere
1916 5663 1941 5718 c)
1962 5660 2000 5710 ali
2019 5662 2107 5724 refert

618 5743 665 5776 ores
683 5728 719 5778 ull
737 5727 880 5778 vertare-e.
2126 5733 2161 5781 te
