4560 6420
460 415 523 485 184
1055 423 1506 486 KAISERURKUNDEN.

459 611 581 679 domini
611 611 867 678 misericordiam
896 610 1079 697 implorare.
1125 611 1168 676 Et
1197 611 1436 697 suprascriptas
1465 633 1516 675 res
1545 631 1611 676 una
1639 631 1714 676 cum
1741 612 1808 676 iam
1836 603 1935 675 dictis
1965 603 2114 675 basilicis

459 726 647 781 sanctorum
670 716 755 780 Petri
778 725 810 779 et
831 715 962 778 Martini
985 713 1038 778 vel
1060 725 1241 779 ceterorum
1271 725 1457 778 sanctorum
1485 736 1623 800 quorum
1651 717 1788 800 pignora
1816 715 1940 781 ibidem
1962 717 2112 780 venerari

458 831 651 902 noscuntur,
675 841 695 882 a
718 818 770 883 die
791 828 940 904 presente
963 819 1087 882 tamin
1110 816 1262 882 domibus
1285 817 1443 881 aedificiis
1467 819 1639 903 mancipiis
1662 818 1798 903 peculiis
1822 818 2021 884 molendinis
2037 840 2112 883 cum

459 921 609 987 omnibus
640 921 831 986 adiacentiis
860 921 981 985 ibidem
1009 918 1244 1006 aspicientibus
1274 922 1339 984 iam
1372 919 1468 984 dictis
1498 923 1728 987 matriculariis
1756 931 1789 986 et
1818 921 1933 986 abbati
1963 923 2110 1007 ipsorum

458 1025 605 1091 locorum
624 1048 682 1112 per
701 1028 809 1090 omnia
831 1025 991 1090 tradendo
1013 1024 1189 1107 reddimus,
1212 1033 1248 1090 ut
1271 1024 1426 1111 quicquid
1447 1025 1492 1090 ibi
1514 1026 1630 1091 melius
1651 1028 1686 1090 in
1707 1029 1801 1090 terris
1824 1037 1857 1090 et
1879 1024 2018 1090 edificiis
2041 1027 2142 1088 sivos

458 1131 589 1214 pascuis
612 1152 651 1194 ac
674 1128 868 1194 molendinis
892 1139 1092 1193 commutare
1115 1139 1147 1192 et
1168 1138 1352 1193 restaurare
1379 1138 1478 1214 atque
1506 1129 1679 1194 emendare
1707 1131 1888 1215 potuerint,
1922 1129 2052 1193 firmam
2077 1139 2109 1192 et

456 1233 593 1298 liberam
615 1233 739 1320 absque
762 1233 858 1299 ullius
882 1232 1140 1297 contradictione
1169 1232 1337 1296 habeant⁰
1365 1241 1575 1317 potestatem,
1610 1234 1656 1297 ita
1677 1242 1713 1297 ut
1737 1232 1779 1297 ab
1803 1233 1865 1296 hac
1889 1232 1942 1297 die
1964 1243 1999 1296 et
2021 1231 2109 1296 dein-

457 1359 535 1422 ceps
557 1336 665 1401 nuflus
687 1336 787 1402 iudex
809 1333 986 1422 publicusd
1014 1335 1170 1422 quicquid
1194 1357 1290 1420 super
1318 1334 1381 1399 hoc
1411 1335 1635 1399 edificaverint
1664 1347 1720 1401 aut
1749 1335 2028 1421 examplaverint,
2062 1338 2108 1398 in-

455 1440 595 1522 fringere
618 1438 742 1520 valeat,
775 1461 835 1503 nec
866 1439 1012 1504 homines
1035 1438 1166 1504 illorum
1188 1439 1380 1523 distringere
1403 1448 1460 1503 aut
1481 1438 1690 1504 redibitiones
1712 1439 1765 1503 vel
1786 1438 1880 1504 freda
1903 1442 2034 1523 exigere
2056 1438 2108 1503 vel

455 1542 625 1607 teloneos⁶
646 1542 758 1606 tollere
781 1541 968 1608 ullomodo
991 1553 1166 1627 presumat,
1192 1543 1250 1606 sed
1270 1544 1304 1607 in
1328 1543 1516 1608 defensione
1539 1566 1763 1610 successorum
1785 1554 1972 1608 nostrorum
1994 1565 2107 1628 regum
2127 1557 2154 1602 10

455 1646 687 1732 perpetualiter
714 1658 855 1711 maneat.
899 1646 1014 1711 Abbas
1042 1669 1119 1711 vero
1148 1657 1180 1711 et
1209 1659 1319 1712 custos
1347 1649 1494 1732 ipsorum
1520 1646 1683 1731 locorum,
1708 1649 1793 1713 sicut
1813 1650 1880 1713 iam
1903 1647 2011 1756 dpctus
2033 1644 2107 1711 Clo-

456 1749 564 1815 dulfus
591 1760 624 1814 et
652 1749 738 1815 filius
768 1774 845 1816 suus
874 1749 1037 1814 Annulfus
1065 1759 1097 1813 et
1124 1773 1184 1814 nos
1212 1752 1275 1836 ipsi
1304 1750 1523 1834 decrevimus,
1542 1751 1603 1840 nil
1625 1774 1668 1816 ex
1689 1750 1836 1835 frugibus
1858 1762 1891 1815 et
1913 1772 2016 1815 censu
2037 1771 2107 1834 pre·

456 1853 617 1918 dictorum
638 1852 784 1919 locorum
808 1853 851 1918 ad
873 1876 950 1919 suos
972 1877 1051 1918 usus
1075 1863 1150 1916 ante
1173 1855 1330 1939 accipiat,
1364 1876 1463 1940 quam
1491 1856 1573 1940 ipsis
1603 1855 1830 1919 matriculariis
1861 1876 1920 1939 per
1949 1853 2108 1918 circulum

455 1959 531 2021 anni
555 1959 664 2021 omnia
687 1981 770 2042 quae
794 1956 1026 2022 destinavimus
1050 1979 1091 2020 ex
1114 1959 1240 2041 integro
1264 1957 1400 2039 donent,
1435 1967 1467 2021 et
1490 1957 1579 2044 quod
1603 1959 1809 2040 remanserit,
1843 1957 1887 2022 ad
1911 1980 1988 2022 suos
2011 1956 2108 2022 etad

455 2067 636 2124 structurae
664 2059 885 2144 predictorum
914 2059 1061 2124 locorum
1092 2083 1169 2125 usus
1198 2060 1425 2125 conservando
1449 2064 1619 2126 retineant.
1665 2060 1762 2142 Quod
1785 2063 1811 2125 si
1835 2063 1908 2147 quis
1931 2084 1974 2125 ex
1997 2062 2154 2125 matri-15

455 2161 586 2225 culariis
615 2183 752 2248 corpore
781 2164 911 2244 exierit,
946 2162 1051 2228 abbas
1079 2173 1111 2227 et
1139 2173 1251 2229 custos
1276 2163 1425 2229 locorum
1448 2167 1558 2230 statim
1579 2168 1613 2230 in
1635 2167 1705 2229 eius
1727 2165 1800 2236 loco
1824 2165 1925 2230 alium
1947 2167 2107 2246 restittat,

454 2275 490 2330 ut
512 2267 546 2329 in
568 2276 735 2330 aeternum
757 2267 819 2352 ipsi
843 2283 950 2330 xxlm
971 2267 1185 2332 matricularii
1207 2267 1251 2331 ad
1272 2270 1362 2352 ipsas
1384 2267 1539 2333 basilicas
1568 2279 1780 2354 permaneant
1801 2280 1834 2333 et
1857 2271 1942 2332 sicut
1965 2267 2108 2333 destina·

453 2372 559 2434 vimus
582 2372 703 2435 vivant.
748 2370 792 2434 Et
813 2380 849 2434 ut
870 2370 951 2435 haec
974 2369 1165 2436 redditionis
1187 2381 1319 2435 nostrae
1347 2374 1525 2436 auctoritas
1553 2371 1677 2437 firmius
1707 2371 1922 2457 stabiliusque
1951 2373 2107 2454 firmetur,

454 2474 544 2538 anuli
565 2476 667 2539 nostri
691 2477 905 2560 impressione
927 2477 1080 2538 iussimus
1106 2474 1264 2539 roborari.

555 2626 570 2706 l
592 2629 727 2716 Signum
751 2631 862 2695 domni
886 2629 1017 2695 Ottonis
1039 2632 1213 2695 invictissi·
1235 2631 1324 2710 (MP.)
1346 2632 1390 2694 mi
1412 2632 1508 2714 regis.
1531 2628 1546 2709 l
2126 2659 2156 2706 20

555 2749 569 2830 l
590 2753 680 2818 Brun
703 2751 918 2817 cancellarius
941 2751 1090 2816 advieem
1111 2750 1284 2815 Ruotberti
1306 2750 1561 2836 archicapellani
1583 2754 1770 2836 recognovi.
1792 2751 1806 2832 ξ
1829 2755 1889 2832 (Sl.
1913 2754 1967 2834 D.)
2028 2755 2110 2834 (SR)

555 2905 644 2970 Data
673 2924 709 2970 11.
738 2905 806 2970 kal.
835 2907 912 2970 maii
941 2927 1026 2970 anno
1054 2904 1176 2970 domini
1199 2921 1425 2988 Dccccxtvn,
1459 2905 1636 2971 indictione
1660 2925 1712 2990 V1,
1747 2929 1833 2971 anno
1863 2910 1920 2992 pio
1951 2921 2110 2992 regnante

453 3009 575 3074 Ottono
598 3026 679 3092 x1113
701 3020 812 3074 actum
835 3009 1032 3094 Aquisgrani
1056 3008 1186 3093 palatii,
1212 3011 1246 3071 in
1270 3006 1403 3073 domino
1427 3009 1563 3074 feliciter
1585 3033 1690 3076 amen.

1238 3297 1322 3375 102.

460 3477 542 3553 Otto
565 3474 726 3574 bestdtipt
746 3474 826 3548 dom
848 3473 993 3548 Kloster
1014 3473 1325 3547 Korroclimz‘irzster
1347 3473 1404 3546 dic
1426 3499 1498 3546 voa
1519 3475 1642 3547 scinco
1669 3474 1907 3573 Vorpdapem
1936 3477 2105 3552 verlicltc·
2124 3503 2154 3550 ss

450 3623 523 3668 osea
546 3596 997 3694 Isnotuaitdtsprivilepiea.
1708 3635 1825 3692 Am,
1848 3638 1915 3694 948
1939 3637 2012 3694 Ma,-
2032 3641 2063 3698 2·

557 3839 802 3913 Oriyinaldiplom
824 3841 866 3896 iot
887 3839 915 3896 k.
933 3839 1135 3898 Sluotsarclsio
1156 3858 1197 3896 aa
1218 3838 1325 3897 Berlr'a
1345 3837 1405 3918 (A).
1431 3873 1468 3882 —
1488 3839 1666 3914 &pausat
1687 3859 1743 3899 sun
1765 3841 2029 3902 nunnamenster
2050 3863 2107 3902 uus

552 3943 618 4000 desa
641 3946 692 4002 16.
709 3943 761 4001 .ῙΙι.
786 3942 810 4013 s.
833 3947 857 4002 2
879 3945 920 3999 im
941 3943 969 4000 lt.
994 3942 1199 4002 Stootsorcla'o
1218 3963 1259 4000 ra
1281 3943 1466 4015 Dasseldors
1486 3943 1497 4022 (
1527 3943 1548 4020 ).

553 4098 655 4170 Lanip
677 4097 745 4158 ΒΑ.
769 4100 835 4166 18⁰,
860 4100 923 4157 726
945 4101 1019 4154 21⁰4
1042 4114 1099 4154 aas
1123 4096 1154 4156 0.
1178 4130 1220 4140 —
1243 4098 1548 4170 Marassa-Fames
1573 4097 1627 4171 op.
1651 4103 1682 4169 3,
1704 4103 1778 4160 288.
1802 4133 1845 4144 —-
1868 4101 2010 4159 Mostene
2032 4101 2104 4161 (lou.

553 4207 582 4273 1,
605 4207 669 4262 299
692 4220 748 4261 aas
763 4202 832 4261 MS.
856 4202 907 4259 des
922 4201 1061 4259 Lotum
1082 4219 1122 4258 aa
1144 4205 1216 4260 949.
1240 4234 1283 4244 -
1309 4201 1389 4277 Quia
1405 4201 1467 4260 01).
1483 4201 1633 4275 Αᾳυαιςὶε
1655 4209 1685 4274 1,
1710 4208 1751 4262 60
1772 4210 1806 4261 a⁰
1821 4209 1865 4264 88
1887 4224 1945 4264 aas
1967 4207 2103 4264 Vidimus
2121 4223 2152 4269 so

551 4323 614 4362 tum
638 4306 671 4365 J.
695 4310 789 4365 1540.
818 4339 861 4348 -
887 4305 1056 4363 Lacomblet
1077 4304 1283 4362 medentem.
1305 4304 1369 4363 ΠΒ.
1394 4309 1424 4374 1,
1448 4309 1491 4364 57
1511 4311 1546 4363 0⁸⁰
1567 4310 1630 4365 101
1652 4324 1710 4365 aus
1731 4307 1770 4366 A.
1799 4339 1843 4351 -
1869 4307 2002 4366 Betim
2028 4310 2101 4381 Ray.

551 4412 613 4468 161
635 4427 677 4466 sa
699 4413 771 4468 919.
798 4441 835 4451 -
861 4408 990 4481 Stamps
1007 4409 1081 4481 Req.
1106 4411 1178 4466 163.

553 4563 614 4622 Voss
642 4563 710 4623 ΒΔ.
738 4564 872 4622 stantes
895 4581 995 4637 perros
1020 4564 1097 4621 mods
1125 4565 1205 4620 eim
1230 4563 1293 4623 VU.
1320 4564 1521 4636 erectricem,
1556 4565 1794 4624 soulrsclreinlirlt
1821 4567 1900 4624 nodo
1931 4569 2026 4626 anem
2047 4587 2103 4626 sua

549 4669 678 4743 balscop
700 4670 728 4727 cl.
752 4670 808 4728 Fr.
837 4669 989 4727 maeatas
1009 4667 1148 4740 Diplom:
1178 4668 1270 4724 dulor
1297 4668 1345 4726 die
1366 4669 1538 4728 formation
1559 4669 1624 4726 sord
1646 4669 1694 4726 die
1715 4687 1772 4728 uus
1793 4668 1851 4725 den
1872 4669 2018 4729 For-melu
2039 4673 2100 4730 Ro·

549 4775 628 4830 sices
649 4780 683 4830 a⁰
705 4778 746 4833 19
769 4773 833 4831 ruod
853 4777 897 4832 24
920 4775 1100 4846 componirte
1120 4772 1270 4845 fassum.
2119 4791 2150 4838 ss

553 4995 611 5074 (O.)
634 4989 648 5073 ξ
670 4991 708 5058 ln
729 4995 860 5058 nomine
883 4991 1007 5059 domini
1030 4992 1082 5057 dei
1105 5005 1137 5058 et
1159 4990 1332 5058 salvatoris
1354 4993 1457 5057 nostri
1480 4993 1556 5057 Iesu
1578 4993 1709 5057 Christi.
1754 4991 1833 5059 Otto
1861 4993 2002 5060 divina·
2031 5021 2104 5084 pro·

448 5095 590 5180 piciante
613 5096 786 5161 clementia
807 5121 878 5161 rex.
976 5095 1060 5161 Cum
1082 5095 1165 5161 locis
1188 5095 1297 5160 divino
1321 5095 1421 5160 cultui
1444 5094 1668 5181 mancipatisb
1691 5095 1733 5160 ob
1756 5117 1904 5162 amorem
1927 5098 1981 5164 dei
2007 5124 2104 5188 opem

447 5221 626 5282 congruam
648 5200 780 5264 ferimus
803 5213 835 5264 et
857 5199 1058 5286 imperialem
1079 5222 1205 5265 morem
1230 5198 1384 5264 decenter
1410 5199 1599 5284 implemus,
1633 5198 1669 5264 id
1695 5199 1791 5264 nobis
1819 5203 2035 5286 profuturum
2062 5205 2106 5271 ad

446 5315 578 5386 aeterne
604 5298 619 5380 ξ
645 5305 913 5368 remunerationis
940 5305 1067 5389 premia
1095 5302 1299 5388 capessenda
1326 5305 1486 5367 veraciter
1513 5303 1686 5368 credimus.
1732 5303 1947 5391 Quapropter
1975 5315 2107 5377 noverit

535 5507 592 5564 llll.
617 5508 1172 5630 wdssssmclydmyn
1282 5513 1599 5580 d)eorr.flspubbons
1711 5513 2157 5575 mund-abstrusum

534 5699 729 5772 tensae]
838 5701 1403 5770 onmoesaeaamsmn
1510 5703 2114 5778 amassenus-wa..-
