4560 6436
429 411 494 478 592
574 389 575 392 ‘
1025 418 1481 478 ssrssnunnuunsu.

430 604 607 668 munimine
636 603 842 666 constitutus.
880 600 1001 665 Verum
1024 600 1100 685 quia
1124 598 1279 665 fratribus
1302 598 1448 664 dusdem
1477 597 1557 681 loci,
1589 601 1616 662 si
1640 598 1770 684 quaudo
1793 595 2009 662 incumberet
2034 595 2097 660 ali·

431 729 496 792 qua
522 705 719 788 necessitas,
751 725 853 789 grave
882 705 979 767 nimis
1007 712 1094 767 esset
1122 713 1258 788 propter
1285 701 1556 788 longinquitatem
1585 711 1743 766 terrarum
1771 702 1976 786 presentiam
2000 700 2096 800 regis

431 832 559 895 semper
586 808 693 891 adire,
723 829 798 873 cum
825 807 984 872 electione
1012 809 1115 892 ipsius
1147 806 1270 871 domini
1292 803 1482 889 Wigberti⁸
1508 816 1540 870 et
1562 803 1692 870 abbatis
1715 814 1747 868 et
1769 804 1905 868 fratrum
1931 803 2094 868 dedimus

430 911 638 978 advocatiam
660 913 762 997 ipsius
786 910 929 993 abbatie,
952 909 987 974 id
1010 920 1060 974 est
1082 910 1122 975 de
1139 907 1334 992 Gemblusl,
1358 909 1536 974 Lamberto
1553 909 1663 974 comiti
1680 907 1890 989 Lovanisnsi,
1916 909 1992 971 viro
2009 905 2093 970 forti

430 1027 462 1082 et
483 1017 641 1082 bellicoso
665 1017 720 1103 qui
738 1017 811 1081 vioe
832 1025 945 1080 nostra
968 1023 1083 1079 contra
1106 1015 1250 1079 omnium
1273 1013 1543 1098 inquietationem
1565 1011 1696 1077 adiutor
1717 1033 1829 1077 eorum
1852 1019 1941 1077 essct
1963 1033 2009 1076 ac
2033 1009 2129 1074 des

429 1122 549 1186 fensor.
592 1119 647 1186 Sic
675 1129 784 1184 autem
814 1118 963 1185 dedimus
992 1120 1021 1183 ei
1050 1117 1260 1182 advocatiam
1288 1118 1400 1198 istam,
1431 1127 1467 1182 ut
1494 1138 1671 1202 numquam
1698 1117 1770 1200 ipse
1798 1136 1908 1180 comes
1930 1113 1989 1178 vel
2015 1135 2093 1177 suc-

429 1243 575 1287 cessores
604 1224 654 1286 sui
681 1223 715 1286 in
744 1220 885 1286 abbacia
906 1221 959 1286 vel
987 1222 1021 1284 in
1049 1219 1136 1284 villis
1166 1218 1209 1285 ad
1238 1242 1311 1284 eam
1339 1218 1577 1305 pertinentibus
1606 1217 1731 1305 aliquid
1758 1219 1907 1304 accipere
1936 1226 1999 1282 aut
2028 1239 2094 1302 per

431 1325 613 1410 potentiam
635 1325 766 1410 exigere
796 1324 939 1390 debeant
966 1333 1075 1409 preter
1102 1325 1153 1388 ius
1182 1333 1214 1387 et
1240 1321 1434 1387 beneficium
1463 1322 1524 1387 sibi
1555 1325 1781 1405 constitutum,
1810 1321 1965 1386 advocati
1997 1323 2092 1384 enim

431 1426 551 1492 debent
579 1449 651 1494 esse
679 1451 746 1493 non
774 1426 965 1513 predatores
996 1426 1055 1492 sed
1080 1436 1329 1492 conservatores
1352 1425 1575 1490 ecclesiarum.
1618 1425 1705 1490 Illud
1728 1427 1825 1490 etiam
1849 1426 2028 1489 statuimus
2051 1433 2091 1488 ut

430 1553 542 1594 comes
569 1530 788 1596 Lovaniensis
817 1553 993 1617 numquam
1022 1531 1055 1594 in
1084 1529 1259 1595 advocatia
1290 1528 1520 1595 Gemblaeensi
1550 1539 1658 1614 preter
1687 1552 1787 1595 unum
1819 1528 2089 1594 subadvocatum
2112 1543 2144 1588 10

431 1634 567 1717 habeat,
590 1633 625 1698 id
647 1643 755 1700 estut
777 1632 1016 1698 donumhuius
1040 1633 1213 1699 advocatie
1237 1656 1257 1697 a
1278 1657 1355 1721 rege
1380 1635 1434 1721 qui
1457 1636 1563 1698 maior
1584 1631 1766 1698 advocatus
1789 1643 1854 1716 est,
1884 1631 1959 1716 plus
1984 1654 2091 1718 quam

431 1736 475 1801 ad
496 1739 634 1802 terciam
655 1758 788 1802 manum
810 1759 987 1823 numquam
1010 1736 1172 1803 deveniat.
1212 1735 1246 1802 Si
1269 1748 1380 1803 autem
1403 1735 1492 1824 quod
1513 1735 1664 1802 nolumus
1685 1735 1771 1801 hanc
1793 1747 1938 1800 nostram
1962 1736 2091 1799 consti-

431 1841 591 1904 tutionem
613 1843 849 1925 contempserit
871 1849 903 1904 et
926 1839 1089 1905 advocato
1111 1840 1160 1904 illi
1183 1842 1237 1926 qui
1261 1841 1320 1904 sub
1346 1864 1380 1906 se
1403 1851 1517 1906 estex
1541 1843 1615 1928 ipsa
1638 1842 1814 1907 advocatia
1837 1840 1962 1926 aliquid
1992 1863 2089 1905 usur-

431 1966 511 2029 pare
526 1943 579 2008 vel
601 1943 758 2009 militibus
775 1946 842 2009 suis
857 1944 1055 2009 beneficiare
1078 1947 1289 2028 consenserit,
1313 1955 1433 2010 terram
1457 1969 1550 2012 suam
1572 1949 1606 2012 in
1628 1945 1738 2013 curiai
1759 1947 1846 2031 regis
1870 1944 1931 2010 sibi
1956 1944 2091 2009 abiudi-

432 2057 541 2111 catam
560 2049 643 2111 sciat
658 2058 690 2111 et
708 2046 864 2133 quioquid
879 2047 1027 2113 beneficii
1044 2068 1103 2132 pro
1119 2049 1194 2132 ipsa
1209 2046 1385 2113 advocatia
1399 2047 1533 2114 tenebat
1548 2048 1588 2138 de
1604 2072 1702 2115 manu
1717 2050 1813 2134 regis,
1832 2069 1867 2112 se
1882 2049 2087 2113 amissurum
2110 2067 2141 2112 15

432 2153 571 2215 noverit.
609 2151 711 2215 Porro
735 2151 979 2217 subadvocatus
1002 2153 1036 2215 in
1058 2150 1145 2215 villis
1168 2150 1211 2215 ad
1235 2150 1402 2217 abbatiam
1425 2151 1662 2238 pertinentibus
1684 2151 1783 2218 nichil
1806 2151 1896 2216 aliud
1925 2153 2006 2216 iuris
2030 2152 2089 2217 ha-

431 2251 537 2335 bebit,
568 2253 631 2317 nisi
654 2275 714 2338 per
735 2253 881 2338 singulos
904 2275 1008 2319 annos
1032 2254 1072 2320 de
1095 2277 1290 2341 unaquaque
1314 2256 1410 2321 domo
1438 2255 1607 2323 denarium
1636 2280 1751 2338 unum,
1785 2255 1942 2340 gallinam
1973 2279 2091 2339 unam,

433 2378 536 2421 avene
553 2357 732 2422 sextarium
747 2379 858 2422 unum.
893 2357 957 2439 Qui
974 2368 1006 2423 ct
1022 2361 1050 2422 si
1066 2358 1243 2445 aliquando
1262 2359 1413 2426 habuerit
1434 2360 1558 2426 bellum
1581 2370 1696 2426 contra
1720 2359 1860 2446 aliquem
1884 2358 1926 2424 de
1949 2360 2092 2446 paribus

435 2463 512 2544 suis,
536 2459 624 2545 quod
641 2459 762 2526 bellum
779 2463 907 2526 nonnisi
930 2459 975 2526 ad
995 2463 1104 2546 ipsum
1126 2465 1298 2548 pertineat,
1323 2464 1363 2529 de
1387 2487 1446 2529 suo
1471 2475 1623 2551 procuret
1646 2475 1678 2528 et
1699 2463 1871 2549 provideat
1891 2485 1955 2549 que
1974 2486 2091 2529 neees-

433 2565 520 2628 saria
543 2573 617 2628 sunt
638 2564 752 2629 usibus
775 2563 851 2628 belli
875 2564 919 2629 ad
942 2587 976 2629 se
1000 2566 1207 2650 pertinentis,
1242 2588 1346 2653 neque
1375 2570 1461 2633 enim
1490 2579 1624 2653 propter
1650 2567 1714 2632 hoc
1741 2569 1774 2631 in
1803 2565 1941 2631 abbatia
1969 2566 2026 2631 vel
2055 2569 2089 2631 in
2110 2588 2143 2633 so

432 2665 519 2731 villis
542 2666 681 2732 adeam
703 2667 964 2753 appendentibus
988 2679 1045 2734 aut
1068 2667 1206 2734 obsonia
1229 2680 1286 2734 aut
1308 2673 1442 2735 servitia
1464 2671 1575 2758 aliqua
1597 2674 1730 2756 exigere
1753 2671 1782 2736 ei
1805 2670 1928 2735 licebit.
1956 2669 1993 2734 Si
2010 2695 2090 2736 vero

434 2768 555 2836 bellum
578 2770 667 2835 aliud
689 2773 785 2836 fuerit
808 2772 896 2859 quod
918 2772 1004 2837 idem
1028 2771 1299 2838 subadvocatus¹¹
1322 2773 1534 2857 administret,
1559 2774 1648 2862 quod
1667 2774 1792 2840 scilicet
1806 2773 1950 2840 bellum¹
1973 2775 2030 2840 vel
2047 2775 2092 2839 ad

434 2895 544 2959 regem
567 2873 618 2938 vel
641 2873 684 2938 ad
707 2876 858 2940 comitem
882 2875 1122 2941 Lovaniensem
1146 2879 1321 2962 pertineat,
1350 2886 1427 2942 tuno
1458 2876 1588 2964 quidem
1615 2877 1728 2944 licebit
1757 2879 1803 2959 ci,
1833 2877 1893 2943 sed
1922 2900 1991 2942 non
2020 2880 2092 2944 sine

435 2999 597 3042 consensu
619 2977 767 3060 abbatis,
791 2988 827 3043 ut
849 3002 870 3043 a
891 2981 1121 3045 mansionariis
1144 2983 1200 3066 qui
1222 3003 1281 3067 per
1303 2981 1398 3046 villas
1421 2981 1554 3046 abbatie
1577 2991 1837 3064 commorantur,
1861 2980 1991 3067 aliquid
2016 2982 2093 3046 sub-

434 3081 509 3146 sidii
537 3083 694 3168 accipiat,
723 3083 783 3147 sed
811 3094 920 3147 tamen
948 3084 996 3147 ita
1021 3093 1208 3149 mensurate
1230 3093 1267 3149 ut
1288 3106 1466 3170 numquam
1488 3083 1565 3149 inde
1589 3083 1722 3170 querela
1743 3084 1787 3149 ad
1809 3086 1967 3149 comitem
1990 3085 2048 3150 vel
2072 3109 2092 3151 a
2111 3110 2143 3156 ao

433 3187 552 3250 comite
574 3185 618 3250 ad
639 3187 749 3270 regias
773 3208 868 3251 aures
891 3187 1072 3272 perveniat.
1117 3187 1193 3252 Hoc
1222 3197 1368 3252 nostrum
1396 3187 1565 3274 imperiale
1595 3190 1807 3253 constitutum
1837 3186 1878 3251 de
1910 3187 2095 3254 advocatia

434 3288 683 3355 Gemblaoensis
707 3290 845 3355 ecclesie
870 3312 933 3375 que
955 3292 1043 3375 regie
1067 3290 1249 3355 defensioni
1274 3289 1422 3356 subiecta
1450 3301 1515 3374 est,
1546 3299 1582 3355 ut
1609 3313 1668 3378 per
1697 3290 1907 3356 succedentia
1938 3301 2095 3379 tempora

432 3392 536 3456 fixum
557 3402 690 3459 maneat
708 3403 742 3459 et
758 3393 996 3477 inconvulsum,
1021 3392 1242 3479 palatinorum
1266 3395 1449 3480 principum
1473 3405 1506 3460 et
1527 3394 1703 3460 multorum
1725 3393 1884 3460 nobilium
1907 3395 2038 3461 iudicio
2061 3399 2096 3462 in

434 3498 599 3581 presentia
628 3506 741 3562 nostra
771 3498 908 3563 fecimus
937 3497 1122 3563 confirmari
1153 3508 1185 3562 et
1214 3498 1303 3562 anuli
1332 3501 1435 3563 nostri
1464 3500 1679 3585 impressione
1707 3500 1862 3564 iussimus
1887 3499 2032 3584 sigillari
2055 3525 2096 3566 ao

434 3620 533 3664 manu
548 3609 660 3666 nostra
676 3599 788 3666 subter
803 3602 1014 3686 signavimus.
1048 3601 1093 3665 Et
1108 3603 1193 3666 sicut
1207 3624 1268 3666 nos
1284 3600 1557 3668 Gemblacenscm
1576 3601 1750 3668 ecelesiam
1767 3611 1883 3666 nostra
1906 3602 2096 3672 clemencia
2113 3625 2147 3672 ao

434 3712 560 3768 tuemur
575 3712 608 3769 et
621 3704 782 3787 fovemus,
807 3705 855 3768 sic
870 3707 970 3769 etiam
984 3703 1135 3770 volumus
1153 3714 1190 3769 ut
1208 3727 1321 3770 omnes
1345 3727 1553 3770 successores
1576 3707 1678 3770 nostri
1701 3707 1734 3769 in
1756 3715 1956 3791 perpetuum
1978 3717 2097 3774 tuean-

434 3814 518 3868 tur¹²¹
546 3827 619 3870 eam
647 3815 680 3871 et
707 3807 855 3890 foveant,
890 3810 1043 3895 quatinus
1072 3821 1105 3874 et
1133 3831 1194 3874 nos
1223 3819 1257 3874 et
1284 3810 1349 3895 ipsi
1382 3807 1583 3874 orationibus
1616 3830 1728 3873 eornm
1757 3809 1925 3893 possimus
1964 3835 2099 3898 semper

434 3907 594 3973 adiuvari.

538 4064 676 4148 Signum
698 4064 821 4131 domini
844 4065 975 4132 Ottonis
998 4068 1063 4149 (M.)
1084 4068 1283 4133 serenissimi
1305 4069 1403 4153 regis.

539 4183 630 4249 Brun
652 4185 868 4251 cancellarius
891 4186 1041 4252 advicem
1062 4186 1226 4252 Fridurici
1249 4186 1502 4273 archicapellani
1524 4189 1712 4271 recognovi.
2006 4193 2096 4274 (SR)
2117 4213 2150 4260 ao

537 4337 623 4404 Aeta
646 4351 722 4405 runt
741 4340 801 4406 hec
825 4364 912 4407 anno
934 4343 1171 4408 incarnationis
1194 4343 1343 4408 domini1¹
1370 4357 1596 4426 nccccxnvn,
1630 4341 1877 4426 indictionem,
1913 4366 2006 4411 auno
2040 4349 2099 4412 im-

436 4443 518 4526 perii
534 4444 638 4508 nostri
654 4461 720 4528 xn,
745 4444 805 4511 sub
828 4445 1021 4530 pontificatu
1045 4445 1168 4510 domini
1183 4445 1354 4510 Benedicti
1370 4466 1455 4530 pape
1478 4445 1533 4530 qui
1555 4454 1691 4528 rogatus
1714 4466 1735 4507 a
1755 4443 1852 4510 nobis
1875 4444 1957 4511 huic
1981 4461 2100 4516 nostre

436 4547 620 4611 auctoritati
645 4569 737 4613 suam
761 4571 890 4634 quoque
913 4551 1141 4615 auctoritatem
1165 4546 1406 4633 superaddidit,
1440 4546 1638 4611 interdicens
1669 4546 1728 4611 sub
1757 4545 1988 4616 indissolubili
2017 4576 2100 4619 ana·

435 4647 588 4712 thematis
616 4649 748 4715 vinculo
778 4660 843 4715 ne⁰
873 4673 1028 4738 umquam
1058 4650 1154 4717 huius
1184 4651 1428 4715 constitutionis
1458 4661 1552 4716 carta
1573 4649 1713 4715 violetur
1735 4649 1787 4714 vel
1815 4651 2025 4738 infringatur
2057 4657 2101 4723 ab

436 4750 557 4836 aliquo.
601 4749 721 4818 Actum
742 4755 777 4820 in
800 4755 922 4841 oppido
945 4756 1219 4838 Franoonefurtl’,
1247 4776 1359 4819 mense
1387 4754 1494 4836 iunio,
1521 4753 1557 4819 in
1578 4754 1724 4819 martirio
1748 4754 1986 4839 apostolorum
2009 4759 2103 4828 Petri
2122 4781 2155 4829 to

436 4862 469 4917 et
491 4854 601 4939 Pauli;
623 4856 771 4922 feliciter.

523 5042 582 5096 4³8.
609 5045 637 5112 g)
653 5047 767 5097 Wiberti
786 5047 815 5098 D
927 5049 953 5110 h)
975 5047 1008 5110 0,
1035 5049 1153 5099 Gembus
1171 5049 1212 5109 B,
1239 5049 1384 5100 Gemblous
1403 5049 1432 5099 D
1543 5049 1563 5115 i)
1582 5065 1687 5100 camera
1707 5049 1737 5100 D
1848 5050 1878 5111 k)
1899 5053 2058 5108 advocatus
2078 5058 2108 5110 D

610 5116 630 5174 l)
643 5113 707 5233 sog,
713 5117 760 5236 ,ad
778 5117 852 5166 illum
871 5115 897 5166 B
989 5121 1024 5179 m)
1043 5123 1151 5168 teneant
1169 5117 1197 5168 D
1289 5119 1316 5184 n)
1333 5118 1396 5180 BD,
1415 5117 1592 5185 dominiceO
1674 5123 1700 5180 ο)
1722 5118 1778 5182 01),
1797 5126 1827 5168 ut
1845 5120 1873 5170 B
1968 5125 1998 5192 p)
2020 5127 2106 5178 Fran-

609 5199 670 5233 cou
742 5222 749 5237 .
