4554 6414
890 393 1015 450 ΟΤΤΟ
1037 394 1061 450 Ι.
1086 389 1158 449 941.

994 574 1056 648 37.

211 729 291 806 Otto
314 729 455 803 scliealet
476 729 545 802 deo
568 729 745 804 Mdaclteo
768 729 833 803 der
855 729 1091 804 Morizleirclte
1112 758 1157 804 zu
1175 730 1400 830 Mopdeburp
1421 757 1493 804 von
1515 731 1595 805 dein
1612 733 1767 834 stcloof
1781 761 1853 810 voa

202 851 435 925 Holberstodt
455 851 710 951 einpetouscltte
732 852 970 950 Besitzuopea
992 851 1072 924 oud
1093 853 1261 926 Zeliaten.

1287 977 1472 1052 Moqdeburq
1494 1013 1536 1022 -
1558 982 1621 1040 941
1644 979 1735 1081 April
1754 985 1807 1043 23.

166 1141 182 1189 ⁵
306 1129 555 1206 Oreyimldiplom
576 1132 619 1188 im
641 1131 668 1190 le.
693 1130 897 1192 Stootsoreltio
917 1149 958 1190 eu
980 1131 1086 1190 Berlin
1107 1130 1167 1210 (A).

304 1270 470 1331 Wdukind
492 1269 537 1329 ed.
559 1269 690 1328 Meibom
713 1271 776 1329 118
798 1287 855 1329 aas
877 1267 908 1327 A
929 1271 984 1328 mit
1002 1273 1064 1330 940
1089 1294 1127 1322 =
1151 1270 1270 1329 Leuber
1284 1271 1421 1344 Disquis.
1436 1272 1573 1345 stopaloe
1589 1272 1698 1334 Scaea.
1717 1279 1752 1350 a?
1769 1276 1852 1335 1183

301 1377 356 1434 ma
378 1378 451 1444 940,
476 1397 517 1426 =
539 1363 670 1432 Maean
692 1371 757 1448 aa„
771 1377 799 1444 1,
824 1376 896 1444 742,
921 1397 962 1426 =
985 1373 1150 1444 ceassiu
1171 1374 1242 1433 Aac.
1267 1373 1537 1434 successuum
1560 1381 1594 1432 1
1608 1379 1660 1445 22,
1685 1399 1726 1428 =
1749 1377 1852 1450 nanu

301 1478 369 1538 uA.
395 1472 458 1550 16⁶,
483 1481 525 1538 63
547 1482 581 1534 u⁰
604 1479 622 1536 5
645 1496 686 1536 aa
708 1481 781 1538 940.
804 1511 846 1520 -—
868 1477 1007 1536 Lebaia
1028 1475 1109 1536 Aua.
1131 1482 1162 1548 2,
1187 1480 1251 1538 498
1273 1495 1330 1536 aas
1350 1475 1521 1538 Glartulor.
1544 1511 1586 1520 -—
1609 1480 1697 1539 Foco.
1721 1482 1754 1538 ia
1776 1481 1852 1539 Ber·

302 1585 379 1642 {aaa
400 1546 516 1642 1111.
542 1585 571 1652 1,
598 1580 665 1651 nas.
688 1585 740 1643 29.
763 1615 805 1624 -
828 1582 957 1640 arama
978 1582 1052 1655 aa.
1076 1583 1117 1642 95
1140 1601 1180 1640 a
1203 1585 1275 1642 940.
1298 1616 1341 1625 -
1363 1582 1491 1655 sempe
1508 1583 1580 1657 aa.
1605 1587 1655 1644 es.

304 1721 366 1780 Van
387 1720 452 1780 PA.
475 1721 551 1779 aocli
568 1719 785 1792 Moydeburyer
797 1720 902 1778 Dictat
921 1719 1115 1793 peschriebcu
1139 1719 1256 1779 welches
1272 1721 1379 1794 jedoeh
1399 1739 1460 1804 aur
1482 1722 1539 1780 dea
1561 1727 1657 1782 ersten
1678 1723 1761 1782 llieil
1782 1723 1853 1782 dor-

302 1827 349 1885 101
371 1824 435 1883 aad
456 1841 522 1883 voves
537 1824 688 1883 Seleree'ber
708 1824 785 1882 ancli
806 1815 904 1882 seiaer‘
920 1822 978 1881 Art
1002 1827 1122 1896 erpetm
1144 1823 1254 1882 warde.
1293 1822 1365 1894 Aes
1383 1824 1448 1882 dem
1470 1826 1662 1898 Peryomeate
1684 1845 1784 1886 waren
1805 1828 1854 1886 die

305 1927 504 1998 Untersclrrist
525 1929 575 1987 dea
597 1927 712 2000 Kreas
734 1927 798 1985 uod
820 1927 873 1985 der
894 1928 991 1986 Nema
1013 1928 1115 1999 Poppo
1137 1929 1242 1986 bereits
1258 1930 1467 2002 eiayetroqen,
1496 1931 1546 1988 elie
1568 1931 1621 1989 cler
1645 1931 1768 1990 Coatect
1790 1933 1854 1990 aad

303 2033 352 2090 die
373 2032 527 2104 Datum
545 2031 731 2103 cesennam
757 2030 896 2102 courdem-
929 2030 1039 2088 euletet
1061 2030 1162 2088 warde
1185 2030 1233 2088 elie
1254 2031 1536 2104 Recoynitiouseeile
1557 2034 1793 2109 cereollstondiqt
1817 2035 1851 2112 (.

304 2135 400 2196 Siclcel
420 2136 515 2194 Beitr.
539 2153 597 2194 aar
618 2133 806 2208 Deplomotilo
829 2140 857 2204 7,
882 2133 965 2211 719).
1011 2135 1153 2209 Froqlicli
1180 2135 1267 2194 bleibt
1295 2137 1329 2196 ob
1357 2137 1420 2196 sicli
1440 2137 1556 2196 Datum
1577 2138 1642 2198 aaa
1663 2136 1773 2198 Actum
1795 2139 1857 2210 aas

151 2261 183 2308 15
302 2239 456 2300 caseum
480 2239 641 2313 Zeitpaalct
664 2239 807 2298 beeielren.
851 2238 912 2311 Vol.
937 2238 1073 2297 lberdies
1096 2238 1164 2298 DO.
1189 2243 1239 2299 79.

302 2428 360 2509 (O.)
381 2428 395 2512 ξ
417 2427 455 2491 In
478 2428 609 2491 nomine
633 2437 766 2491 sanctae
789 2437 821 2490 et
844 2427 1032 2491 individuae
1061 2429 1227 2491 trinitatis.
1273 2427 1351 2492 Otto
1381 2427 1492 2492 divina
1520 2429 1651 2494 favente
1680 2431 1855 2496 clementia

199 2555 267 2597 rex.
299 2601 305 2608 ,
355 2531 514 2596 Noverint
537 2554 649 2596 omnes
671 2529 783 2595 fideles
807 2531 861 2596 dei
883 2533 1051 2618 nostrique
1074 2542 1141 2595 tam
1164 2542 1351 2616 praesentes
1378 2555 1476 2618 quam
1505 2533 1519 2618 Ξ
1548 2543 1604 2597 et·
1630 2535 1745 2619 futuri,
1776 2559 1853 2622 qua·
1939 2601 1942 2610 ,

199 2637 272 2702 liter
286 2659 347 2701 nos
365 2636 406 2701 ob
422 2658 568 2701 amorem
583 2636 635 2700 dei
657 2648 852 2721 nostraeque
874 2637 1005 2698 animae
1029 2637 1237 2721 omniumque
1261 2634 1444 2700 debitorum
1467 2646 1653 2702 nostrorum
1675 2638 1854 2704 remedium

202 2740 245 2804 ad
268 2751 418 2804 sanctum
439 2740 572 2804 Petrum
600 2738 825 2824 apostolorum
854 2739 1035 2823 principem
1058 2737 1155 2802 etad
1178 2747 1329 2802 sanctum
1350 2739 1548 2804 Mauricium
1575 2750 1673 2827 atque
1694 2741 1738 2805 ad
1761 2765 1853 2806 sanc-

149 2863 183 2911 10
201 2857 269 2910 tum
291 2845 519 2910 Innocentium
540 2842 584 2907 ad
606 2844 768 2907 nutrimen
792 2842 1026 2906 monachorum
1049 2844 1082 2905 in
1105 2841 1179 2907 loco
1194 2840 1418 2927 Magedeburg
1441 2842 1529 2908 dicto
1552 2843 1613 2908 deo
1637 2844 1765 2930 illisque
1789 2869 1853 2910 scr·

200 2950 370 3028 vientium,
395 2970 492 3034 quem
513 2958 546 3011 et
567 2948 675 3032 ipsum
696 2946 807 3011 locum
828 2945 977 3009 Romano
1002 2943 1199 3010 subiecimus
1223 2944 1468 3029 mundiburdio,
1492 2947 1525 3009 in
1548 2949 1716 3031 proprium
1736 2948 1852 3014 damus

201 3053 289 3140 quod
310 3075 331 3115 a
352 3051 563 3117 Bercnhardo
585 3049 876 3115 Halberestatense
898 3043 1053 3134 episcopo
1077 3072 1136 3135 pro
1160 3049 1274 3135 predio
1305 3048 1394 3135 quod
1421 3071 1482 3113 nos
1511 3050 1580 3115 eius
1610 3051 1790 3116 aecclesiae
1819 3055 1853 3116 in

200 3155 476 3222 Uuinedehusuno
501 3175 611 3219 marco
635 3153 760 3236 dantes,
785 3176 860 3218 cum
882 3153 1035 3217 advocati
1058 3155 1127 3216 eius
1150 3153 1324 3217 traditione
1347 3155 1546 3239 acecpimus,
1568 3154 1630 3219 hoc
1647 3166 1697 3220 est
1714 3158 1748 3220 in
1766 3179 1853 3243 pago

199 3257 421 3343 Nordturinga
451 3258 485 3320 in
514 3258 672 3334 comitatu
702 3256 863 3322 Dietmari
895 3257 1051 3344 quicquid
1080 3259 1114 3322 in
1143 3257 1425 3343 Magedeburgaro
1459 3257 1596 3325 marcol
1625 3259 1670 3323 ad
1703 3271 1853 3327 sanctum

149 3382 182 3430 25
202 3364 404 3449 Stephanum
426 3364 459 3426 in
481 3360 761 3426 Haluerestatensi
785 3362 946 3427 aeeclesia
968 3363 1001 3426 in
1024 3363 1195 3426 territoriis
1218 3371 1251 3425 et
1274 3364 1447 3447 mancipiis
1471 3365 1624 3450 omnique
1646 3387 1691 3447 re,
1714 3375 1746 3428 et
1768 3365 1853 3429 deci-

199 3491 287 3534 mam
310 3468 351 3533 de
373 3466 559 3532 hominibus
582 3465 728 3530 eiusdem
749 3465 1059 3576 Magedeburgensis
1082 3466 1262 3530 aecclesiae
1286 3477 1317 3529 et
1339 3466 1444 3551 Erpes
1466 3466 1637 3531 cuiusdam
1655 3466 1775 3532 nobilis
1791 3470 1852 3533 viri

199 3582 233 3644 in
250 3580 333 3645 loeis
357 3581 403 3643 sic
426 3580 620 3643 nominatis:
642 3576 876 3662 Magedeburg,
899 3579 1017 3660 Vrosa,
1041 3577 1259 3660 Inantesleba,
1283 3577 1561 3662 Hartaratesdorf,
1585 3579 1752 3664 Dudulon,
1776 3583 1853 3646 item

199 3683 366 3766 Dudulon,
396 3682 605 3766 Iscatesdorf,
635 3683 906 3766 Imenuuattinge,
939 3683 1215 3767 Osteruuattinge,
1247 3680 1388 3766 Suldorf‚
1424 3682 1638 3766 Otteresleba,
1673 3682 1852 3770 Apendorf‚

199 3789 276 3851 item
298 3786 479 3873 Apendorf,
502 3786 793 3869 Ruodhartesdorf,
815 3787 976 3870 Buchuvi,
999 3785 1192 3869 Predalitze,
1222 3786 1517 3869 Fridumaresleba,
1548 3787 1751 3873 Trumpsice,
1773 3788 1852 3853 Vui-

147 3899 181 3946 30
199 3890 408 3956 tirichesdorf
416 3900 437 3974 ⁰,
471 3889 749 3973 11010111110111,
783 3893 915 3976 insuper
943 3901 976 3955 et
1007 3889 1170 3976 plebeiam
1203 3889 1377 3954 ecclesiam
1410 3892 1444 3954 in
1478 3889 1712 3975 Magedeburg.
1758 3891 1852 3972 Quae

200 3998 310 4062 omnia
330 3997 393 4061 hoc
417 3997 538 4081 scripto
562 3995 606 4060 ad
635 3996 818 4081 praefatam
839 3993 1175 4080 Magedeburgensem
1204 3992 1399 4058 aecclesiam
1427 3994 1461 4056 in
1489 3994 1657 4079 proprium
1684 3993 1852 4060 firmamus

199 4112 231 4165 et
253 4099 297 4164 ad
319 4099 584 4164 certificationem
606 4121 705 4164 manu
728 4101 863 4185 propria
885 4097 1135 4164 corroboramus
1158 4107 1190 4162 et
1212 4097 1309 4162 auido
1334 4095 1469 4181 sigillari
1492 4097 1656 4161 iussimus.

301 4238 315 4318 Ε
337 4237 473 4321 Signum
496 4236 607 4301 domni
633 4235 763 4302 Ottonis
786 4236 850 4317 (M.)
872 4236 1079 4300 invictissimi
1102 4236 1199 4319 regis.
1222 4238 1236 4319 1

301 4343 315 4426 ,1,
335 4343 451 4427 Poppo
475 4341 625 4406 advicem
646 4339 809 4406 Fridurici
832 4339 1009 4423 recognovi
1032 4348 1065 4402 et
1086 4343 1100 4424 ξ
1123 4340 1192 4417 (SR.
1215 4339 1292 4418 NN.)
1721 4338 1777 4418 (SI.
1801 4339 1853 4418 D.)

148 4501 182 4548 35
302 4482 391 4546 Data
419 4503 495 4546 non.
524 4479 591 4544 kal.
621 4481 696 4544 mai.
724 4501 810 4543 anno
834 4477 1018 4542 dominicae
1048 4477 1282 4541 incarnationis
1312 4485 1517 4558 Dccccxw,
1552 4473 1730 4539 indictione
1759 4491 1850 4558 xlm,

200 4607 285 4651 anno
310 4585 441 4652 Ottonis
464 4586 550 4670 regis
573 4601 612 4666 v3
635 4593 744 4648 aetum
767 4583 800 4646 in
822 4579 1063 4666 Magedeburg3
1086 4602 1192 4644 amen.

991 4768 1054 4842 38.

209 4929 290 5006 Ouo
313 4929 534 5005 becerkuodet
555 4928 734 5002 uocleeuols
757 4926 815 5000 die
837 4926 917 5000 dem
931 4923 1076 4999 Kloster
1091 4923 1150 4999 das
1165 4924 1198 5000 le.
1216 4924 1335 4998 Moriz
1348 4950 1394 4998 zo
1409 4921 1636 5022 Maqdeburp
1647 4923 1853 5022 pemocltteo

201 5048 469 5150 Scltenlcaapea.
1594 5099 1636 5108 ..
1680 5099 1722 5110 ..
1767 5099 1808 5110 ..

1277 5227 1283 5238 o

1242 5286 1248 5296 ι

147 5259 181 5308 40
306 5241 555 5318 Oricinaldiplom
577 5245 619 5302 im
641 5242 669 5302 1.
694 5239 898 5302 Stoolsareliio
918 5257 959 5298 aa
980 5238 1166 5314 Moqeletary
1188 5233 1239 5318 (A)

303 5385 486 5458 Scaitterius
514 5381 586 5442 Ant.
615 5381 807 5456 Maqdebarq.
839 5380 882 5440 ed.
909 5390 933 5450 J,
957 5384 998 5441 99
1028 5379 1099 5453 Rea.
1129 5395 1187 5438 aas
1216 5376 1284 5437 MS.
1313 5375 1364 5437 dea
1390 5376 1527 5437 Olearius
1550 5401 1591 5432 =
1613 5379 1797 5454 Soqittorim
1819 5379 1853 5438 io

303 5553 344 5607 37.
374 5550 482 5620 [Siekel]
587 5551 614 5616 a)
633 5556 660 5603 et
676 5551 729 5615 ores
740 5549 829 5602 eam
928 5549 957 5612 b)
973 5547 1041 5598 acels
1059 5544 1121 5599 Do,
1142 5549 1175 5597 'l9
1195 5562 1227 5596 m
1244 5548 1368 5610 wilm
1384 5548 1518 5612 pertinens
1536 5547 1631 5598 habuit
1729 5547 1755 5608 c)
1773 5563 1788 5595 e
1806 5543 1858 5607 aas

372 5621 460 5675 Bucar
562 5621 590 5684 d)
607 5621 744 5672 vatem
766 5635 815 5670 eeu
837 5617 886 5670 dos
987 5618 1013 5684 e)
1029 5623 1104 5668 111111·
1120 5615 1171 5667 cleu
1193 5615 1283 5668 11111111
1301 5613 1469 5666 Macetae
1491 5617 1524 5666 tet
1547 5622 1611 5667 trote
1629 5615 1717 5669 Bauer
1739 5613 1804 5665 noel
1821 5629 1852 5664 aa

373 5690 500 5741 eleemon
517 5701 586 5742 m.

1585 5772 1647 5833 16*
