4508 6428
278 429 342 496 430
729 421 730 426 '
875 434 1330 494 nursnsusnuunns.

279 644 337 707 pro
360 619 503 686 remedio
526 621 633 686 anime
655 618 751 685 beate
773 619 928 684 memorie
951 619 1053 704 patris
1076 617 1179 682 nostri
1203 616 1314 684 domni
1338 617 1485 683 Heinrici
1507 617 1611 703 regis,
1645 639 1703 703 pro
1728 626 1819 683 statu
1843 614 1945 700 regni

279 726 398 808 nostri,
430 746 490 809 pro
519 723 740 788 incolomitate
768 732 880 788 nostra
911 721 1093 808 dilectaque
1120 721 1269 806 coniugis
1295 731 1405 788 nostre
1429 721 1612 788 Adalheidc
1633 721 1857 809 imperatricis
1881 742 1944 784 au-

279 837 372 912 guste
403 827 576 913 dilectique
605 825 662 891 filii
694 828 796 890 nostri
826 824 958 891 Ottonis
986 828 1072 910 regis
1101 825 1145 890 ad
1175 824 1337 911 capellam
1367 847 1466 911 quam
1495 824 1569 891 dive
1599 828 1753 891 memorie
1784 825 1942 891 Karalus

278 936 455 1019 imperator
477 941 634 1016 augustus
659 929 701 995 ob
724 929 853 994 culmen
876 938 908 994 et
930 929 1096 1013 fastigium
1125 929 1175 994 sui
1204 929 1331 1014 imperii
1362 929 1396 992 in
1424 927 1581 994 honorem
1609 928 1781 995 salvatoris
1807 928 1943 994 domini

278 1037 381 1101 nostri
405 1035 480 1100 Iesu
503 1031 622 1100 Christi
646 1033 779 1119 eiusque
803 1034 970 1118 genitricis
994 1043 1106 1098 sancte
1128 1032 1232 1098 Maria
1255 1033 1288 1098 in
1312 1032 1435 1118 palatio
1460 1031 1659 1120 Aquisgrani
1687 1041 1941 1116 construxerat,
1962 1055 1979 1103 5

278 1151 311 1205 et
333 1140 376 1205 sd
397 1139 522 1203 victum
544 1146 735 1224 ceterasque
758 1137 914 1203 utilitates
936 1138 1074 1203 fratrum
1096 1138 1175 1203 inibi
1199 1137 1260 1204 deo
1284 1139 1494 1204 servientium
1513 1148 1636 1205 curtem
1652 1137 1808 1204 Galmina
1827 1138 1941 1203 nomi·

277 1255 404 1325 natam,
439 1265 501 1328 que
524 1241 691 1328 quondam
714 1241 844 1306 Rudolfi
873 1252 958 1326 erat,
993 1241 1051 1308 sed
1075 1243 1116 1309 ob
1132 1231 1366 1310 'infidelitatem
1389 1245 1458 1310 eius
1482 1266 1580 1330 quam
1602 1247 1636 1309 in
1657 1254 1807 1310 nostrum
1830 1245 1940 1330 impe·

276 1350 361 1414 rium
389 1355 596 1428 excreuerat,
631 1346 664 1409 in
694 1355 841 1412 nostrum
868 1348 918 1411 ius
948 1344 1143 1430 diiudicata,
1180 1348 1275 1412 sitam
1298 1348 1332 1412 in
1353 1369 1441 1434 pago
1464 1347 1691 1434 Haspengewe
1714 1350 1748 1413 in
1770 1349 1940 1414 comitatu

277 1450 483 1516 Werenharii
507 1472 581 1514 oum
605 1449 755 1515 omnibus
779 1449 822 1514 ad
844 1472 916 1515 eam
940 1451 1178 1537 pertinentibus
1201 1453 1441 1536 concessimus,
1476 1475 1575 1539 quam
1603 1451 1813 1538 postmodum
1842 1451 1940 1518 fideli

277 1565 388 1621 nostro
419 1555 530 1620 comiti
557 1553 696 1618 Immoni
725 1555 794 1618 iure
826 1555 1011 1620 concambii
1034 1555 1268 1640 possidendam
1292 1554 1567 1639 condonavimus,
1601 1564 1733 1622 econtra
1755 1576 1835 1620 vero
1859 1576 1938 1640 pre·
1961 1575 1993 1622 10

277 1662 463 1725 nominatus
490 1679 600 1722 comes
628 1657 734 1722 Immo
764 1657 871 1723 eidem
901 1658 1024 1745 capelle
1054 1670 1087 1725 et
1113 1663 1186 1724 usui
1214 1659 1352 1725 fratrum
1377 1659 1457 1725 inibi
1482 1658 1543 1724 deo
1571 1659 1780 1725 servientium
1802 1681 1848 1722 ex
1873 1679 1939 1722 sua

276 1763 476 1850 proprietate
498 1760 637 1826 contidit
659 1761 815 1847 quiequid
836 1763 870 1827 in
892 1765 986 1848 pagis
1009 1772 1041 1828 ct
1063 1764 1145 1828 locis
1170 1763 1284 1829 subtus
1306 1764 1482 1828 nominatis
1505 1763 1615 1849 aliquo
1642 1764 1712 1827 iure
1734 1760 1937 1847 possideret,

276 1868 340 1932 hoe
362 1875 412 1930 est
434 1866 468 1929 in
490 1886 577 1950 pago
600 1865 787 1950 Liuhgouui
810 1867 844 1930 in
867 1871 1023 1934 comitatu
1041 1870 1183 1934 Richarii
1202 1870 1323 1952 Furon,
1349 1867 1509 1952 Curcella,
1533 1872 1668 1954 inpage
1685 1865 1938 1932 Mulehlreuue¹

276 1973 310 2035 in
333 1969 490 2034 comitatu
512 1967 693 2032 Eremfredi
717 1967 940 2055 Herklenzeb,
971 1972 1144 2057 Hostrich,
1174 1974 1295 2058 Berge,
1325 1971 1529 2056 Rieolferod,
1553 1971 1760 2054 Wazzerlar,
1785 1972 1936 2056 inpage

276 2072 449 2156 Auvlgowi
472 2073 506 2134 in
529 2071 685 2136 comitatu
708 2071 890 2139 Eberhardi
918 2077 1093 2161 Limberge
1106 2087 1127 2161 ⁰,
1156 2078 1404 2161 Rameresdorf,
1434 2074 1666 2160 Dullendorfl,
1697 2075 1934 2159 Breitenbach,
1957 2094 1990 2141 15

277 2177 506 2262 Zeirendorp⁰
529 2198 604 2241 cum
628 2177 778 2242 omnibus
801 2178 844 2243 ad
867 2202 906 2243 ea
928 2180 1003 2247 loca
1027 2181 1272 2268 pertinentibus,
1295 2180 1465 2247 curtilibus
1488 2180 1624 2246 edificiis
1648 2179 1822 2265 mancipiis
1841 2180 1935 2264 agris

277 2284 372 2349 cultis
396 2293 428 2346 et
451 2281 582 2346 incultis
605 2281 710 2347 vineis
739 2285 833 2369 aquis
861 2307 1085 2374 aquarumque
1114 2285 1306 2352 decursibus
1333 2285 1528 2351 molendinis
1558 2282 1795 2370 piscationibus
1825 2285 1934 2367 pratis

278 2389 409 2475 pascuis
433 2386 524 2452 silvis
547 2385 689 2452 exitibus
713 2397 744 2452 et
765 2388 923 2455 reditibus
947 2400 979 2455 et
1002 2413 1076 2456 cum
1100 2389 1252 2456 omnibus
1274 2389 1486 2455 utilitatibus:
1509 2388 1594 2453 hane
1618 2389 1687 2452 eins
1710 2386 1935 2452 tradicionem

276 2495 374 2559 etiam
401 2498 514 2555 nostro
544 2488 827 2558 corroboravimus
856 2503 1023 2578 precepto.
1068 2494 1185 2559 Eidem
1208 2493 1334 2580 capelle
1357 2503 1389 2559 et
1411 2495 1484 2558 usui
1506 2493 1643 2558 fratrum
1667 2492 1728 2557 deo
1758 2490 1839 2556 inibi
1866 2515 1933 2556 ser

275 2593 453 2661 vientiumf
480 2594 653 2660 ecclesiam
681 2596 714 2659 in
737 2595 816 2660 villa
844 2620 906 2683 quc
936 2597 1055 2663 dicitur
1077 2599 1200 2664 Thuira
1228 2620 1304 2663 cum
1334 2596 1484 2662 omnibus
1514 2596 1557 2661 ad
1585 2618 1658 2662 eam
1687 2594 1934 2681 pertinentibus
1953 2613 1989 2660 ao

276 2700 507 2787 perpetualiter
522 2698 755 2786 possidendam
771 2700 929 2768 dedimus.
952 2703 983 2767 N
985 2725 1022 2768 os
1038 2705 1136 2768 etiam
1152 2701 1338 2788 periculosa
1353 2710 1500 2785 tempora
1516 2700 1782 2785 predecessorum
1799 2708 1939 2789 nostro-¹

274 2828 346 2871 rum
369 2807 601 2890 imperatorum
624 2827 681 2869 seu
703 2827 817 2890 regum
838 2807 1016 2889 intuentes,
1052 2829 1190 2894 quorum
1213 2805 1313 2892 aliqui
1337 2803 1497 2889 quasdam
1521 2802 1672 2869 abbatias
1696 2825 1758 2890 que
1782 2802 1844 2868 sub
1870 2805 1933 2870 tui·

275 2910 369 2973 cione
393 2918 425 2972 et
446 2909 638 2973 inmunitate
661 2909 893 2993 imperatorum
909 2919 941 2974 et
955 2933 1069 2995 regum
1086 2918 1178 2974 erant
1194 2908 1449 2993 electionemque
1463 2909 1549 2972 inter
1565 2929 1598 2972 se
1614 2905 1755 2991 eligendi
1771 2905 1933 2972 abbatem

275 3012 475 3094 habebantss,
510 3011 554 3076 ad
576 3013 743 3097 episcopia
767 3035 824 3078 seu
847 3011 890 3077 ad
913 3012 1065 3079 abbatias
1089 3036 1146 3079 seu
1168 3010 1303 3096 etiami,
1340 3011 1429 3099 quod
1451 3013 1543 3098 peius
1566 3019 1624 3094 est,
1648 3010 1742 3075 laicis
1766 3008 1932 3096 dissipan-

275 3114 355 3182 dasi
379 3138 437 3181 suo
461 3124 615 3201 precepto
639 3115 865 3200 tradidissent,
892 3117 990 3184 modo
1013 3141 1091 3184 vero
1116 3116 1359 3182 succedentium
1380 3125 1564 3202 temporum
1585 3117 1820 3200 imperatorum
1845 3113 1930 3199 [seu]
1954 3140 1987 3187 25

274 3242 387 3304 regum
411 3218 532 3303 [statui]
558 3219 765 3285 consulentes
788 3243 863 3286 cum
894 3223 1059 3286 communi
1088 3220 1224 3286 consilio
1255 3242 1429 3307 procerum
1458 3228 1661 3302 nostrorum,
1694 3220 1932 3304 episcoporum

274 3321 426 3387 videlicet
453 3321 738 3404 Mogunciacensis
767 3322 1005 3412 archiepiscopi
1029 3326 1229 3391 Willehelmi
1253 3336 1285 3391 et
1307 3326 1501 3393 Theoderici
1527 3325 1737 3389 Treverensis
1767 3323 1931 3410 archiepi—

275 3426 382 3511 scopi,
412 3422 605 3489 Theoderici
627 3425 784 3490 Metensis
807 3429 954 3515 episcopi
967 3428 991 3512 ¹¹,
1026 3429 1176 3497 Annonis
1199 3429 1445 3496 Wormacensis
1468 3427 1605 3494 ecclesie
1628 3427 1791 3512 episcopi,
1825 3426 1931 3492 Lant-

273 3531 376 3596 wardi
391 3528 616 3594 Mindonensis
631 3528 770 3594 ecclesie
785 3533 942 3618 episcopi,
967 3533 1126 3599 Gerardi¹
1149 3533 1312 3600 Tulleusis
1331 3531 1470 3598 ecclesie
1491 3533 1636 3618 episcopi
1659 3529 1931 3616 reliquorumque

272 3636 448 3720 primatum
470 3642 657 3697 nostrorum
679 3632 836 3698 abbatum
860 3635 981 3702 ducum
1000 3638 1258 3704 marchionumm
1280 3639 1436 3704 comitum
1457 3635 1520 3702 hoc
1547 3633 1706 3720 palatium
1720 3633 1928 3719 Aquisgrani
1950 3657 1984 3706 30

274 3741 462 3824 precipuam
477 3737 524 3801 cis
540 3736 642 3821 Alpes
660 3739 785 3822 regiam
803 3738 913 3804 sedem
932 3739 1241 3826 [frequentantium],
1263 3741 1327 3808 hoc
1349 3749 1503 3828 precepto
1525 3738 1692 3803 firmamus
1714 3747 1751 3802 ut
1773 3741 1929 3804 canonici

272 3844 306 3906 in
330 3841 457 3926 prefata
479 3839 623 3925 capella,
654 3842 707 3904 cui
730 3841 828 3908 modo
852 3844 941 3908 Brun
965 3844 1162 3910 venerabilis
1185 3849 1364 3912 canonicus
1388 3866 1518 3931 preesse
1541 3842 1736 3924 dinoscitur,
1766 3841 1930 3908 salvatori

273 3955 384 4010 nostro
409 3944 541 4008 domino
565 3944 639 4009 lesu
658 3943 814 4010 Christo¹¹
837 3949 970 4032 eiusque
993 3950 1087 4013 matri
1111 3949 1215 4014 Marie
1237 3950 1434 4015 famulantes
1457 3947 1592 4012 liberam
1615 3947 1699 4011 inter
1722 3968 1757 4010 se
1779 3945 1930 4012 habeant

272 4050 437 4114 licentiam
468 4051 662 4114 canonicum
690 4048 830 4134 eligendi
859 4051 1014 4116 abbatem
1042 4075 1138 4138 quem
1161 4053 1258 4118 modo
1288 4053 1426 4118 dicimus
1454 4051 1696 4136 prepositum03
1732 4047 1822 4135 quod
1845 4071 1928 4115 vero

230 4179 233 4184 ·
273 4153 374 4236 absit,
405 4153 431 4216 si
455 4153 538 4216 inter
560 4174 616 4217 eos
640 4151 713 4218 talis
735 4155 872 4219 inveniri
895 4177 962 4220 non
984 4157 1088 4242 possit
1111 4158 1165 4242 qui
1189 4180 1245 4222 eos
1267 4179 1379 4241 regere
1402 4155 1522 4240 possit,
1555 4155 1733 4238 imperator
1764 4153 1834 4216 sive
1866 4175 1929 4218 rex
1949 4175 1983 4222 35

273 4256 371 4322 talem
393 4257 589 4322 canonicum
611 4259 770 4342 inveniat,
793 4281 859 4323 non
882 4261 1088 4345 episcopum,
1111 4282 1178 4325 non
1199 4260 1412 4341 monachum,
1442 4258 1500 4323 sed
1521 4279 1595 4322 eum
1619 4257 1672 4342 qui
1696 4254 1748 4319 dei
1772 4256 1929 4322 timorem

273 4359 394 4424 habeat
416 4382 538 4446 eosque
560 4361 869 4428 iuxta'canonicam
891 4363 1039 4449 regulam
1062 4385 1197 4448 arguere
1219 4365 1389 4450 inerepare
1413 4361 1585 4428 obsecrare
1607 4368 1639 4423 et
1654 4359 1761 4444 sapiat
1777 4368 1810 4422 et
1825 4370 1930 4444 queat

274 4473 306 4528 et
327 4463 415 4528 velit.
461 4464 504 4528 Et
526 4472 562 4527 ut
583 4463 691 4529 nullus
714 4488 868 4551 umquam
892 4488 1118 4532 successorum
1142 4478 1328 4534 nostrorum
1354 4469 1587 4551 imperatorum
1610 4463 1677 4527 sive
1699 4483 1813 4546 regum
1837 4461 1928 4528 hanc

273 4566 433 4652 prefatam
455 4566 616 4651 capellam
640 4591 698 4633 seu
720 4569 845 4656 aliquid
867 4570 910 4635 ad
932 4570 1017 4635 hanc
1040 4572 1205 4657 pertinens
1234 4570 1357 4635 sivein
1380 4578 1466 4633 terra
1489 4569 1557 4632 sive
1580 4567 1614 4629 in
1637 4563 1773 4630 edificiis
1798 4566 1869 4631 sive
1893 4568 1929 4633 in

272 4670 442 4754 mancipiis
465 4671 534 4734 sive
556 4671 590 4735 in
613 4671 723 4758 aliqua
743 4695 779 4737 re
802 4672 855 4739 vel
878 4674 921 4739 ad
943 4673 1088 4760 aliquam
1111 4672 1285 4738 ecelesiam
1306 4672 1360 4737 vel
1383 4671 1482 4737 alicui
1505 4673 1539 4737 in
1561 4669 1728 4756 proprium
1746 4668 1799 4733 vel
1821 4669 1984 4738 alieniso

272 4776 500 4864 opiscoporum
516 4774 567 4839 vel
589 4776 687 4841 alicui
711 4799 848 4862 persone
871 4779 904 4842 in
926 4777 1115 4842 benefitium
1139 4777 1202 4859 det,
1228 4776 1286 4841 sed
1308 4785 1343 4840 ut
1366 4796 1494 4861 semper
1515 4777 1549 4839 in
1571 4775 1706 4838 tuitione
1729 4782 1761 4838 et
1782 4774 1927 4840 inmuni·

272 4889 338 4943 tate
365 4881 599 4964 imperatorum
627 4888 660 4943 et
687 4901 801 4963 regum
831 4880 1062 4966 [permaneat],
1096 4881 1250 4945 iussimus
1278 4879 1343 4945 hoc
1372 4901 1506 4964 presens
1535 4885 1730 4964 preceptum·
1756 4876 1927 4941 conscribi

272 4983 424 5069 anulique
447 4984 551 5048 nostri
573 4985 786 5068 impressione
809 4985 957 5069 insigniri
979 5006 1143 5070 manuque
1166 4985 1299 5069 propria
1323 4981 1437 5048 subtus
1459 4980 1541 5047 illud
1562 4979 1772 5044 firmavimus.

375 5120 511 5206 Signum
534 5120 646 5185 domni
669 5119 801 5186 Ottonis
823 5121 888 5202 (M.)
912 5124 1023 5206 magni
1047 5133 1079 5186 et
1101 5123 1307 5186 invictissimi
1330 5121 1535 5206 imperatoris
1558 5117 1697 5200 augusti.

373 5223 565 5290 Luitolfusp
587 5223 802 5288 cancellarius
825 5224 974 5292 advicem
996 5226 1194 5292 Willehelmi
1218 5223 1472 5310 archicapellani
1495 5221 1707 5305 recognovi‘l
1947 5243 1983 5290 45

354 5395 413 5452 310,
444 5393 552 5463 [Sickel]
635 5397 660 5456 a)
682 5395 714 5458 B,
734 5395 953 5448 MulehkeuusA
1034 5398 1062 5459 b)
1083 5398 1223 5449 Herclinze
1242 5397 1269 5446 B
1349 5395 1373 5458 c)
1390 5379 1549 5461 LibcrgcA,
1566 5391 1739 5458 LinbergeB
1821 5391 1852 5452 d)
1872 5393 1929 5444 Ra·

443 5465 601 5530 meresdoyf,
621 5463 787 5530 Dullendoyf
805 5465 829 5516 Β
920 5467 943 5530 e)
961 5467 1127 5532 Zamendorp
1145 5463 1177 5528 A,
1196 5463 1359 5529 Zcizsndoyf
1373 5463 1408 5525 B,
1427 5462 1491 5528 jaat
1508 5461 1664 5528 Zisnoudors
1753 5458 1927 5526 flprecepto

442 5533 528 5586 eidem
547 5533 683 5599 prefatos.
697 5533 790 5586 stuf.
809 5535 876 5584 inibi
895 5535 953 5587 ds.
973 5535 998 5584 B
1084 5536 1111 5600 g)
1122 5533 1192 5597 fehlt
1210 5536 1239 5582 in
1256 5533 1286 5592 A,
1304 5532 1432 5582 haberent
1450 5531 1475 5580 B
1561 5530 1590 5597 h)
1609 5536 1696 5580 autem
1713 5527 1740 5578 B
1827 5529 1848 5592 i)
1869 5529 1928 5581 dis·

442 5603 562 5666 sipandis
581 5600 631 5683 313
716 5601 743 5666 k)
761 5603 886 5653 videlieet
904 5605 946 5686 W.
965 5605 1158 5670 Maguntiensis
1177 5604 1289 5685 ecclesio
1308 5617 1341 5664 a.,
1358 5599 1517 5651 Theoderici
1534 5600 1566 5651 T.
1584 5600 1697 5682 ecclesie
1713 5613 1747 5716 pi,
1766 5595 1928 5683 Theoterici
1948 5671 1985 5719 50

436 5667 689 5807 ,suerrum
709 5671 1016 5807 >,
1034 5669 1281 5806 ..uuam
1329 5669 1695 5806 ..causam
1827 5669 1856 5728 ο)
