4538 6436
954 487 955 490 p
1016 415 1463 474 nsrsuuumcuuoeu.

1192 596 1279 670 357.

425 752 505 831 Otto
532 753 693 850 bestbtc'qt
718 751 798 824 dem
824 749 988 824 Bestltum
1014 750 1140 823 Persae
1167 749 1225 822 die
1247 749 1496 848 Besitzaapeo,
1525 749 1596 822 ders
1621 748 1879 847 Kbuiysscbutz
1908 743 2000 818 und
2029 742 2095 815 die

417 876 638 948 Immunita'l.
1033 889 1093 950 Am
1110 892 1206 950 Flass
1223 893 1350 952 Riearia
1371 894 1405 949 in
1428 891 1478 949 der
1496 891 1674 963 Grcfselmtt
1696 891 1796 949 Preme
1817 893 1884 952 968
1910 889 1990 948 Mai
2011 891 2044 946 4.

523 1102 635 1175 Uylielli
663 1099 759 1158 Italia
787 1116 875 1158 saera
902 1097 946 1156 ed.
966 1104 990 1168 1,
1016 1102 1045 1167 7,
1069 1100 1154 1157 1309
1183 1113 1239 1156 aas
1268 1096 1335 1154 dem
1358 1095 1617 1156 Gutbedrularehio
1637 1115 1678 1154 eu
1699 1096 1800 1154 Penne
1822 1095 1874 1175 (A)
1902 1120 1944 1147 z
1971 1094 2023 1153 ed.
2045 1100 2091 1162 11,

519 1209 549 1274 1,
573 1209 666 1264 1114.
690 1238 732 1247 —
756 1205 884 1262 Bobmer
906 1203 979 1274 Req.
1003 1203 1076 1260 345.
1100 1234 1143 1240 —
1166 1198 1295 1273 Stampf
1313 1201 1384 1272 Rea.
1409 1203 1481 1260 445.
2112 1205 2129 1251 s

519 1359 579 1418 Die
599 1359 808 1433 Verpleielumq
829 1360 885 1417 mit
907 1356 1005 1416 DDO.
1022 1359 1096 1426 356,
1114 1359 1177 1415 408
1199 1355 1264 1414 ared
1286 1356 1417 1414 anderen
1439 1373 1494 1415 oon
1517 1375 1575 1414 aas
1598 1357 1638 1416 It.
1656 1357 1693 1415 B.
1718 1357 1892 1430 beiyeleqten
1911 1351 2092 1412 Urkunden

523 1463 596 1521 lebet
618 1464 688 1522 dass
710 1465 774 1522 bier
793 1466 843 1520 ein
856 1462 959 1520 Dictat
975 1460 1121 1519 desselben
1136 1461 1248 1518 Notars
1265 1478 1306 1516 ru
1325 1460 1450 1517 Grande
1465 1460 1541 1533 lieet,
1565 1462 1635 1519 aber
1656 1461 1783 1533 oielsucb
1803 1459 1932 1519 errtstellt
1956 1457 2091 1516 worden

520 1568 577 1623 ist:
600 1567 665 1624 dem
684 1565 808 1637 Ausfall
831 1567 942 1638 eiaiqer
964 1565 1062 1624 Worte
1084 1565 1158 1620 stelit
1181 1565 1229 1620 eia
1246 1563 1322 1620 Plus
1344 1580 1402 1620 voa
1423 1564 1543 1623 Wortea
1563 1566 1729 1637 peyeabber
1751 1565 1854 1623 welche
1874 1564 1950 1634 sicle,
1979 1561 2089 1618 indere

521 1671 564 1728 sie
587 1670 730 1727 entweder
751 1671 813 1727 sich
835 1669 916 1726 nieht
938 1671 970 1725 in
988 1667 1036 1725 die
1053 1665 1259 1726 Constructica
1274 1666 1414 1739 austera
1430 1667 1500 1724 oder
1515 1668 1567 1724 der
1582 1668 1866 1742 Urtaadeaspracbe
1882 1669 1935 1726 des
1951 1669 2010 1725 10.
2029 1665 2087 1723 Jls.

519 1774 592 1831 aoeb
620 1774 792 1831 unbekannt
820 1772 904 1842 sind,
937 1771 982 1828 als
1010 1774 1126 1842 sectere
1148 1769 1401 1842 interpolatioaen
1422 1772 1595 1843 serastes,-
1624 1771 1674 1830 des
1696 1773 1832 1830 weiterea
1853 1772 1971 1830 sebeiat
1997 1769 2089 1826 ἀαηη
2111 1776 2142 1822 10

455 1909 456 1914 κ
522 1895 563 1934 aa
586 1876 651 1933 elem
672 1893 705 1934 so
728 1875 939 1934 eatstcndeaen
961 1873 1025 1932 aad
1046 1875 1093 1931 bie
1115 1872 1179 1930 aad
1208 1873 1247 1930 do
1273 1874 1551 1932 unverstdndlmben
1579 1875 1667 1933 Teate
1695 1877 1743 1933 eia
1767 1873 1868 1948 Copist
1898 1873 1975 1932 oder
2004 1872 2088 1930 uach

523 1981 576 2038 der
598 1982 804 2053 Heroaspeber
825 1978 1039 2037 ommhaliebe
1055 1976 1263 2050 Besseraayea
1284 1993 1505 2049 vorpenommea
1526 1995 1566 2035 eu
1588 1979 1691 2036 baben
1727 1978 1785 2036 Bei
1806 1977 1917 2036 diesem
1934 1977 2088 2036 Saehoer-

522 2085 601 2142 bulte
623 2085 756 2142 orechten
777 2087 834 2143 wir
854 2101 913 2142 aas
940 2101 981 2141 eu
1008 2080 1142 2140 eiemlieb
1170 2079 1391 2153 einqreiseaden
1421 2081 1657 2139 Emendationea
1685 2082 1854 2154 berecbtiqt,
1884 2079 1943 2151 srtr
1974 2079 2088 2138 coelebs

524 2188 581 2244 wir
602 2204 658 2245 mes
681 2189 715 2244 ia
737 2186 960 2259 mammetem
982 2203 1038 2244 vor
1059 2184 1316 2258 ocreasqebendea
1338 2183 1409 2242 oder
1431 2183 1664 2258 nacifolqendea
1678 2185 1749 2244 DD.
1773 2185 1829 2256 sur
1850 2185 1915 2243 dies
1931 2183 2086 2242 Bistlram

525 2289 705 2347 aameatlieb
727 2307 768 2348 aa
790 2290 845 2348 das
867 2307 918 2347 am
939 2289 1081 2348 machaea
1102 2285 1272 2346 temerenda
1293 2287 1360 2347 DO.
1378 2290 1442 2347 408
1461 2288 1596 2362 petoltea
1618 2289 1722 2348 habea.
2107 2293 2138 2340 1⁵

629 2493 668 2558 In
690 2495 820 2559 nomine
845 2504 956 2577 sancte
979 2501 1012 2557 et
1033 2490 1201 2576 individue
1225 2494 1389 2556 trinitatis.
1431 2491 1509 2557 Otto
1534 2491 1645 2555 divina
1667 2492 1797 2557 favente
1820 2492 1999 2558 clementia
2021 2493 2085 2556 im-

424 2606 556 2684 perator
586 2608 754 2682 augustus.
856 2596 955 2660 Iustis
982 2594 1127 2659 fidelium
1157 2605 1342 2659 nostrorum
1374 2594 1602 2680 petitionibus,
1636 2597 1780 2660 maxime
1814 2589 1928 2660 eorum
1959 2593 2085 2681 quibus

425 2699 563 2766 suadent
591 2700 752 2785 largitatis
781 2711 913 2766 nostrae
943 2722 1077 2765 munera
1105 2697 1187 2762 locis
1218 2701 1320 2762 saeris
1351 2709 1383 2762 et
1412 2699 1522 2763 divino
1552 2697 1652 2763 cultui
1681 2701 1875 2785 mancipatis
1907 2699 2085 2785 praebere,

425 2825 520 2869 aures
550 2804 791 2868 munificentiae
820 2804 1011 2886 inclinare⁸‚
1046 2800 1221 2887 plurimum
1243 2801 1338 2866 nobis
1362 2801 1406 2865 ad
1427 2805 1553 2889 imperii
1584 2803 1795 2869 stabilitatem
1818 2814 1850 2869 et
1876 2803 2011 2868 divinae
2034 2827 2086 2868 re·

425 2909 658 2972 munerationis
683 2909 863 2992 praemium
886 2907 1042 2993 prodesse
1066 2904 1277 2988 confidimus,
1306 2927 1367 2968 nec
1397 2929 1464 2971 non
1493 2917 1526 2970 et
1556 2906 1669 2971 fideles
1698 2916 1828 2972 nostros
1857 2909 2084 2992 promptiores
2103 2923 2137 2970 so

426 3020 458 3075 et
492 3010 675 3076 devotiores
709 3011 744 3075 id
777 3011 907 3076 efficere
940 3011 984 3075 ad
1016 3009 1210 3074 famulatum
1247 3007 1416 3094 [nostrum]
1453 3010 1686 3095 ambigimus.b
1744 3010 1909 3092 Quocirca
1951 3013 2088 3077 noverit

427 3115 570 3200 omnium
601 3125 736 3179 sanotae
764 3114 923 3179 ecclesiae
950 3111 1096 3178 fidelium
1127 3110 1401 3199 nostrorum[que]
1433 3115 1655 3198 praesentium
1683 3113 1806 3180 scilieet
1835 3124 1867 3178 et
1894 3116 2086 3180 futurorum

427 3219 568 3300 solertia,
593 3217 808 3284 Adelaidem⁰
829 3229 976 3284 nostram
1001 3217 1153 3283 dilectam
1170 3219 1342 3300 coniugem
1362 3219 1601 3303 imperatricem
1617 3227 1789 3303 augustam
1806 3217 1960 3282 culminis
1978 3221 2086 3283 nostri

428 3321 659 3386 sublimitatem
683 3322 814 3406 adiisse,
838 3323 958 3388 obnixe
981 3321 1179 3408 postulando
1204 3331 1364 3407 quatenus
1387 3343 1445 3405 pro
1470 3320 1523 3385 dei
1546 3344 1658 3387 amore
1680 3322 1928 3409 facinorumque
1951 3333 2086 3388 nostro·

426 3447 497 3489 rum
521 3425 726 3490 absolutione
749 3428 953 3512 episcopatui
978 3436 1113 3490 sanctae
1129 3425 1308 3490 Pennensis
1324 3424 1494 3506 ecclesiae,
1519 3423 1689 3489 dedicatae
1704 3423 1856 3488 videlieet
1869 3426 1905 3488 in
1921 3424 2085 3489 honorem
2104 3445 2137 3491 25

429 3530 534 3592 sancti
563 3528 701 3593 Maximi
731 3531 884 3614 martyris
917 3527 1035 3593 Christi
1042 3579 1052 3611 ,
1087 3531 1141 3592 cui
1169 3551 1321 3614 praeesse
1349 3527 1479 3593 videtur
1506 3528 1710 3592 venerandus
1738 3529 1914 3614 episcopus
1938 3529 2086 3594 Ioannes

427 3644 539 3695 noster
567 3633 755 3696 carissimus
782 3631 889 3696 fidelis
901 3629 925 3714 ἆ,
956 3632 1149 3696 confirmare
1173 3642 1205 3696 et
1229 3634 1360 3696 omnino
1385 3631 1600 3697 corroborare
1629 3630 1837 3716 dignaremur
1860 3634 1975 3696 omnia
1998 3655 2086 3719 quae

429 3733 470 3798 ab
500 3734 762 3800 antecessoribus
790 3738 909 3800 nostris
939 3745 972 3800 et
1000 3738 1141 3800 ceteris⁰
1170 3735 1356 3800 hominibus
1386 3736 1483 3800 deum
1512 3735 1700 3800 timentibus
1734 3736 1839 3801 eidem
1874 3737 2086 3822 episcopatui

430 3859 587 3902 concessa
610 3847 685 3902 sunt
707 3847 740 3902 et
762 3836 869 3924 quaer
890 3838 975 3902 idem
1000 3841 1209 3925 episcopatus
1233 3840 1336 3904 tenuit
1362 3850 1395 3904 et
1416 3848 1505 3904 tenet
1527 3862 1569 3903 ex
1594 3862 1658 3925 quo
1676 3839 1833 3906 fundatus
1852 3848 1911 3924 est,
1934 3849 2007 3904 tam
2026 3864 2087 3926 per

429 3950 607 4026 praecepta
629 3940 920 4026 praedecessorum
942 3951 1130 4006 nostrorum
1154 3964 1210 4005 seu
1233 3942 1331 4005 etiam
1354 3964 1413 4027 per
1435 3945 1585 4028 precaria
1608 3955 1641 4008 et
1663 3943 1849 4006 offertiones
1864 3952 1897 4007 et
1912 3941 2085 4007 chartulas
2104 3961 2138 4008 so

431 4042 618 4108 donationis
641 4053 739 4129 atque
762 4066 821 4129 per
842 4047 1069 4110 investituram
1092 4054 1125 4109 et
1146 4043 1464 4110 commendationem
1488 4055 1519 4108 et
1542 4068 1600 4131 per
1623 4067 1837 4132 quaecunque
1862 4048 2086 4111 instrumenta

430 4146 617 4211 chartarum
641 4169 698 4210 ssu
720 4169 779 4232 per
801 4149 1023 4234 cuiuscunque
1046 4150 1232 4233 scriptionis
1251 4148 1391 4212 titulum.
1426 4149 1494 4215 Nos
1510 4171 1639 4235 quoque
1658 4148 1774 4232 [ratam
1790 4151 1858 4214 eius
1874 4147 2083 4236 petitionem]

431 4248 677 4313 considerantes
707 4263 804 4335 atque
833 4251 1023 4317 fidelitatem
1053 4260 1086 4316 et
1116 4253 1324 4317 sanctitatem
1347 4251 1508 4337 praedicti
1529 4253 1664 4318 Ioannis
1688 4254 1833 4338 episcopi
1856 4255 1966 4317 animo
1991 4253 2086 4318 incli-

432 4354 500 4417 nati
523 4351 675 4438 precibus
698 4354 778 4437 eius,
805 4353 884 4438 <nos
909 4355 1049 4441 denique
1070 4355 1161 4420 illum
1183 4354 1396 4440 investimus>
1420 4356 1651 4422 confirmamus
1671 4365 1703 4422 et
1721 4357 1973 4422 corroboramus
1990 4379 2087 4442 prae-

434 4457 540 4522 dictae
561 4456 741 4521 Pennensis
765 4457 923 4524 ecclesiae
948 4460 1116 4544 episcopio
1141 4460 1251 4522 omnia
1277 4455 1371 4544 [quae
1394 4459 1463 4544 per]
1494 4469 1697 4545 praecepta⁸
1725 4483 1747 4524 a
1773 4460 2087 4546 praedecessoribus
2107 4479 2141 4526 so

316 4593 318 4596 ·
433 4561 553 4623 nostris
576 4558 682 4624 eidem
705 4571 917 4626 sacrosancto
940 4560 1014 4628 loco
1039 4560 1161 4627 collata
1184 4584 1241 4624 seu
1263 4583 1322 4646 per
1344 4561 1586 4628 instrumentah
1610 4585 1800 4649 quecunque
1823 4586 1844 4627 a
1865 4561 2030 4646 religiosis
2054 4576 2089 4628 et

433 4663 529 4728 deum
560 4663 769 4748 diligentibus
798 4665 985 4731 hominibus
1014 4686 1175 4730 concessa
1204 4674 1295 4746 sunt,
1328 4674 1396 4728 tam
1419 4687 1478 4749 per
1500 4667 1648 4751 precaria
1671 4675 1703 4730 et
1727 4666 1911 4730 offertiones
1934 4676 1967 4730 et
1990 4665 2088 4731 char·

433 4767 519 4833 tulas
543 4768 729 4834 donationis
753 4780 786 4835 et
807 4772 1034 4835 investituram
1057 4777 1089 4832 et
1113 4767 1431 4832 commendationem
1454 4791 1511 4833 seu
1533 4771 1631 4834 etiam
1655 4771 1740 4834 sicut
1762 4791 1861 4854 snpra
1882 4769 2004 4853 legitur
2027 4793 2090 4856 per

434 4894 647 4960 quaecunque
675 4876 890 4938 instrumenta
919 4873 1106 4938 chartarum
1132 4870 1361 4954 <concedimus
1384 4869 1475 4955 tibi>,
1507 4875 1615 4938 omnia
1643 4875 1677 4938 in
1706 4875 1868 4957 integrum
1895 4872 1939 4937 ad
1961 4873 2089 4939 haben-

434 4975 510 5040 dum
533 4976 711 5042 tenendum
733 4988 765 5041 et
788 4980 822 5041 in
846 4985 1038 5062 perpetuum
1052 4973 1310 5062 possidendum,
1341 4997 1407 5038 una
1435 4981 1509 5040 cum
1538 4978 1672 5041 civitate
1695 4985 1727 5041 et
1750 4975 1900 5040 omnibus
1923 4976 2090 5042 aedificiis
2111 4995 2146 5043 40

436 5103 534 5167 super
557 5105 591 5146 se
613 5082 810 5147 habentibus
834 5083 959 5166 campis
983 5081 1086 5145 vineis
1110 5081 1212 5164 pratis
1237 5081 1369 5163 pascuis
1392 5078 1483 5144 silvis
1507 5081 1599 5166 aquis
1623 5101 1780 5165 aquarum
1804 5078 1997 5145 decursibus
2023 5084 2091 5166 pis-

435 5183 620 5249 cationibus
643 5183 776 5249 salectis
799 5183 995 5249 molendinis
1017 5182 1193 5248 mobilibus
1217 5191 1249 5246 et
1270 5181 1491 5247 immobilibus
1514 5184 1681 5268 utriusque
1705 5203 1803 5247 sexus
1826 5181 1958 5247 familiis
1981 5187 2092 5251 servis

436 5295 469 5351 et
491 5285 617 5352 ancillis
641 5285 782 5352 aldionis
806 5296 838 5350 et
859 5285 1011 5351 aldiabus
1033 5296 1066 5350 et
1088 5307 1164 5349 oum
1188 5284 1339 5350 omnibus
1363 5285 1555 5350 adiacentiis
1578 5294 1611 5349 et
1633 5285 1836 5370 pertinentiis
1867 5282 1910 5347 ad
1938 5287 1990 5350 ius
2021 5288 2094 5354 iam

523 5490 581 5545 857.
610 5491 766 5561 [Ottenthal]
870 5497 897 5556 a)
916 5493 1035 5545 inclinati
1054 5493 1075 5546 A
1180 5493 1209 5557 b)
1227 5491 1274 5546 der
1291 5493 1516 5559 aaqewiihnlicbcn
1536 5492 1651 5559 statmo
1668 5494 1716 5544 der
1733 5491 1818 5544 Worts
1835 5493 1864 5541 in
1881 5491 1904 5543 rt
1924 5492 1995 5543 asie
2019 5495 2096 5546 disee

608 5563 667 5612 dem
685 5561 806 5612 Dictator
820 5562 945 5629 peltafipe
962 5563 1126 5615 ammiates
1142 5566 1199 5614 aeia
1302 5567 1327 5628 c)
1345 5562 1533 5615 hddaidemrt
1597 5611 1600 5617 ,
1630 5564 1657 5628 d)
1676 5563 1805 5614 ecclesiae
1823 5562 1959 5612 declarare
1978 5562 2095 5616 debere-
2114 5565 2150 5613 4⁵

609 5648 667 5681 mus
679 5631 850 5683 videlicet-
863 5631 962 5682 Christi
973 5635 1044 5698 qnod
1058 5650 1115 5685 esse
1128 5634 1232 5683 ridetur
1245 5637 1271 5681 et
1284 5632 1434 5683 venerando
1448 5635 1573 5698 episcopo
1586 5633 1682 5684 Ioanni
1695 5637 1783 5682 nostm
1802 5631 1957 5682 charissimo
1976 5630 2056 5684 fideli
2070 5634 2096 5685 A

610 5699 635 5770 ο)
655 5702 750 5750 exteris
774 5698 797 5749 A
904 5702 1015 5767 qunod
1037 5701 1060 5752 A
1170 5702 1198 5766 g)
1217 5703 1306 5751 omnia
1329 5705 1494 5767 perceptaria
1514 5699 1537 5752 Δ
1640 5700 1669 5764 h)
1687 5716 1735 5752 seu
1759 5715 1848 5751 eoram
1872 5714 2034 5770 quecunque
2060 5703 2095 5754 Δ,
