4500 6428
404 413 468 480 286
1000 418 1457 478 KAISERURKUNDnn.
1574 395 1576 400 '

405 604 664 691 Spiancesbeim‚
698 603 811 689 'liciae
833 603 867 668 in
888 603 1047 682 comitatu
1069 600 1260 666 Emicbonis
1283 601 1428 685 comitis,
1461 598 1611 667 similiter
1632 609 1665 666 et
1686 603 1720 665 in
1742 621 1828 687 pago
1852 603 1908 689 qui
1938 601 2071 668 dicitur

405 705 715 795 Cuningbessundra
741 709 775 773 in
797 706 877 772 villa
898 704 1097 771 Uualdboffa
1127 707 1161 770 in
1192 706 1349 770 comitatu
1380 703 1550 770 Hatboddi
1579 705 1725 788 comitis,
1760 727 1799 771 eo
1829 705 1918 793 quod
1949 707 2070 772 omnis

403 812 566 879 hereditas
589 820 622 877 et
643 813 826 898 proprietas
849 810 987 897 predicti
1009 807 1156 875 Hunaldi
1178 817 1290 894 nostre
1311 810 1400 893 regie
1422 811 1576 894 potestati
1599 810 1634 874 in
1655 808 1787 896 publico
1810 809 1909 877 mallo
1933 810 2068 876 indicio

405 916 633 983 scabineorum
660 917 729 981 iure
757 911 926 979 iudicatab
955 923 1013 978 est.
1057 913 1127 978 Nos
1149 934 1228 978 vero
1252 912 1357 977 eidem
1378 911 1468 978 fideli
1489 925 1603 982 nostro
1626 915 1812 1001 'lbiatgw
1839 919 2069 1004 proscriptam

403 1020 617 1086 hereditatem
646 1019 864 1106 prenominati
895 1016 1043 1084 Hunaldi
1072 1039 1147 1084 cnm
1183 1015 1334 1082 omnibus
1369 1016 1572 1103 appendiciis
1601 1029 1634 1084 et
1663 1017 1882 1104 ad[i]acentiis
1912 1023 1982 1088 suis
2017 1020 2106 1085 ads

403 1125 493 1192 illam
515 1126 585 1191 iure
606 1124 815 1210 legitimeque
837 1122 1075 1209 pertinentibus
1097 1124 1133 1186 in
1154 1123 1323 1208 proprium
1345 1124 1580 1189 concessimus.
1620 1125 1779 1190 Iussimus
1801 1125 1876 1190 inde
1897 1125 1963 1192 hoc
1986 1149 2069 1212 pre·

404 1252 478 1295 sens
493 1237 682 1315 preceptum
697 1227 860 1293 conscribi
876 1248 934 1313 per
950 1226 1039 1314 quod
1050 1225 1201 1292 volumus
1216 1225 1415 1312 firmiterque
1429 1225 1578 1293 iubemus
1587 1224 1610 1310 ⁶,
1629 1237 1665 1294 ut
1679 1238 1877 1294 memoratus
1891 1229 2067 1314 Tbiatgaz

404 1332 444 1396 de
465 1331 516 1396 bis
540 1330 691 1397 omnibus
713 1339 826 1397 nostro
851 1329 937 1396 dono
961 1328 1024 1395 sibi
1046 1331 1080 1394 in
1102 1331 1271 1415 proprium
1293 1331 1459 1395 concessis
1482 1329 1702 1397 firmissimam
1725 1340 1835 1397 teneat
1856 1342 2067 1419 potestatem

403 1434 559 1524 quicquid
580 1433 643 1500 sibi
666 1433 785 1500 exinde
806 1434 948 1500 voluerit
970 1432 1127 1516 faciendi,
1162 1455 1262 1499 manu
1292 1435 1426 1521 propria
1454 1434 1619 1500 firmatum
1641 1445 1673 1500 et
1695 1434 1784 1500 anuli
1806 1438 1908 1502 nostri
1931 1439 2067 1524 inpres-

340 1573 343 1578 ·
402 1541 494 1606 sione
519 1539 706 1625 sigillatum.
2088 1558 2126 1607 ιο

504 1697 519 1782 ξ
541 1695 678 1782 Signum
701 1694 811 1761 domni
836 1694 966 1761 Ottonis
989 1693 1194 1760 invictissimi
1220 1694 1284 1774 (Μ.)
1309 1695 1404 1778 regis.
1427 1691 1441 1771 3

505 1816 520 1900 l
540 1817 705 1884 Lintuli'us
721 1817 938 1884 cancellarius
955 1817 1106 1886 advicem
1117 1816 1282 1882 Brunonis
1298 1813 1577 1881 archicancellarii
1593 1818 1792 1901 recognovit.
1812 1817 1826 1901 ξ
1842 1819 1899 1900 (sl.
1915 1821 1956 1901 1.)
1976 1821 2069 1904 (SR.)

504 1972 593 2038 Data
615 1991 663 2038 vl.
686 1972 753 2039 kal.
777 1996 857 2039 mar.
880 1995 968 2039 anno
991 1973 1175 2039 dominicae
1198 1972 1435 2037 incarnationis
1453 1986 1638 2056 mesconis,
1673 1971 1852 2040 indictione
1873 1991 1932 2058 111,
1969 1997 2066 2041 anno

400 2099 478 2142 vero
501 2077 594 2162 regni
616 2078 753 2163 piissimi
775 2079 862 2163 regis
887 2076 1019 2144 Ottonis
1042 2095 1131 2161 xxv3
1154 2085 1264 2143 actum
1286 2077 1487 2142 Uuormacia
1509 2077 1653 2142 civitate.

1181 2335 1266 2411 208.
2086 2367 2118 2416 rs

409 2492 490 2571 Otto
512 2493 653 2569 schmitt
673 2494 744 2568 dem
762 2494 943 2570 Mommsen
959 2519 1031 2567 vom
1049 2493 1210 2567 Diserttis
1228 2493 1287 2567 die
1304 2493 1436 2568 Kome
1458 2519 1503 2567 zo
1520 2491 1708 2593 &meson
1728 2505 1858 2566 sammt
1875 2492 2064 2586 Meter,

399 2616 586 2690 obcmeist
604 2615 714 2690 moen
736 2615 808 2689 dem
829 2613 1047 2713 Klostcrbof
1060 2641 1106 2688 zm
1128 2615 1218 2690 Fam
1240 2614 1321 2687 ond
1339 2614 1487 2688 verbm
1507 2613 1617 2688 ilicem
1639 2613 1706 2687 dos
1729 2610 1935 2688 Waslrecm.

1576 2752 1759 2826 Olosieim
1782 2757 1845 2815 960
1867 2754 1937 2813 Mai
1960 2757 2014 2815 16.

501 2949 540 3008 K.
558 2948 590 3008 J.
607 2947 708 3008 Foeta
728 2947 866 3008 Vetermm
888 2950 1145 3007 monumentorum
1167 2945 1301 3016 collectio,
1325 2944 1392 3006 MS.
1408 2962 1473 3005 vom
1491 2945 1524 3005 J.
1542 2948 1628 3008 1792
1644 2961 1678 3019 ι).
1696 2949 1739 3006 17
1759 2947 1793 3004 in
1814 2944 1868 3004 der
1883 2945 2060 3006 Komtonal-

502 3051 657 3113 bibliotlmk
677 3069 719 3110 m
743 3051 855 3111 Zamcb
876 3047 938 3130 (Β).
2077 3081 2113 3130 20

501 3189 595 3252 θυῖεν
615 3190 727 3251 Raetia
749 3191 812 3250 106
835 3189 884 3250 cit.
907 3222 950 3232 -
972 3188 1123 3248 Eioblrom
1145 3189 1246 3263 Epeo.
1265 3185 1347 3259 Uar„
1366 3189 1452 3262 prob.
1474 3190 1518 3249 28
1539 3193 1574 3247 η’
1594 3190 1639 3249 23
1661 3204 1698 3248 ee
1719 3187 1799 3247 arch.
1822 3185 1973 3250 nemen.
1998 3206 2059 3249 ass-

500 3294 675 3368 vollstcindip
700 3291 768 3373 (Β).
799 3327 841 3336 -
871 3293 963 3352 Moles
985 3291 1048 3354 01).
1071 3294 1158 3353 aas.
1183 3299 1218 3366 1,
1244 3297 1286 3376 78
1307 3301 1342 3353 m⁰
1364 3296 1404 3355 55
1434 3312 1491 3353 oms
1513 3294 1551 3353 Β.
1582 3328 1625 3338 -
1653 3293 1783 3354 Bdbmer
1809 3293 1882 3368 neo.
1904 3296 1981 3355 234.
2015 3328 2059 3338 —

502 3398 631 3472 Stmmpf
648 3399 722 3472 neo.
745 3401 819 3460 270.
843 3430 885 3440 -
908 3397 1023 3457 Hidber
1042 3398 1116 3472 aeq.
1140 3400 1235 3459 1055.

505 3536 639 3610 Versasst
660 3554 717 3596 oon
734 3537 801 3596 ΒΡ.
823 3569 866 3578 -
889 3536 921 3596 Β
941 3538 981 3596 ist
1003 3536 1136 3610 efferebar
1154 3537 1248 3609 oleion
1264 3537 1294 3596 Β
1307 3537 1370 3608 osef
1380 3536 1428 3596 dio
1442 3536 1615 3596 vidimirlen
1629 3535 1821 3608 Absohrillm
1835 3552 1901 3596 mm
1916 3536 1949 3596 J.
1967 3541 2056 3598 1399

503 3640 537 3719 (s.
556 3640 651 3702 Stckel
665 3639 826 3701 Scammos
840 3640 875 3699 K
877 3641 911 3701 U.
929 3638 982 3718 50)
1006 3640 1281 3713 commessatorem
1307 3674 1345 3684 —
1363 3640 1511 3713 Ololbes'm
1534 3639 1607 3700 lacet
1628 3641 1691 3699 sici
1711 3640 1792 3699 nieht
1813 3642 1868 3699 mit
1891 3639 2057 3701 simoneis
2077 3655 2111 3704 ac

500 3745 617 3804 deutera.
653 3744 713 3804 Am
734 3747 893 3819 empsim
914 3745 953 3804 ist
976 3762 1017 3803 am
1031 3745 1185 3805 Kostbcim
1207 3745 1379 3806 bellissime
1399 3764 1441 3804 sm
1463 3746 1586 3815 desim,
1608 3743 1751 3803 melleicht
1772 3761 1814 3802 om
1835 3743 1883 3806 die
1902 3744 2057 3819 Wastsmo

500 3848 641 3922 Kloppen
663 3845 705 3927 (so
720 3849 878 3908 Damnler
894 3848 1000 3910 Jahrb.
1021 3847 1054 3909 0.
1075 3856 1098 3908 Ι.
1116 3846 1192 3928 319)
1213 3849 1284 3908 oder
1306 3867 1347 3909 om
1368 3849 1587 3923 Kbppmbcim
1611 3849 1655 3907 bei
1676 3847 1859 3908 Wiesbcdm.
1882 3880 1925 3892 -
1947 3849 2058 3909 Doroa

500 3951 548 4010 die
561 3951 662 4011 Dotem
683 3951 735 4010 der
756 3950 912 4026 solqcssdm
933 3952 1004 4011 DD.
1028 3954 1139 4014 seboim
1161 3953 1214 4013 der
1235 3955 1287 4014 15.
1304 3953 1385 4013 Jmi
1407 3953 1452 4014 als
1475 3951 1735 4026 Aosstcllmrqstaq
1756 3953 1994 4027 oospeseblossem
2015 3972 2059 4012 eu

500 4054 618 4114 werden
639 4055 703 4114 mid
725 4073 789 4115 mor
809 4055 927 4116 desholb
949 4057 1003 4115 der
1024 4057 1133 4117 Lesort
1154 4059 1188 4116 im
1210 4058 1242 4117 E
1261 4057 1314 4117 der
1333 4056 1449 4132 Vorsmq
1470 4076 1511 4118 sm
1530 4057 1630 4131 pabore.

603 4259 642 4323 In
665 4260 795 4324 nomine
819 4269 953 4324 sanctae
979 4269 1011 4324 et
1036 4259 1228 4326 individuae
1258 4261 1422 4326 trinitatis.
1469 4260 1547 4327 Otto
1578 4260 1689 4326 divina
1717 4263 1849 4328 favente
1877 4261 2108 4330 clementiaco

397 4387 466 4430 rex.
555 4364 677 4429 Notum
700 4365 742 4428 sit
765 4364 916 4430 omnibus
942 4362 1126 4449 [sanctae]⁸
1149 4364 1200 4430 dei
1223 4364 1382 4430 ecclesiae
1403 4365 1555 4432 fidelibus
1578 4365 1789 4453 nostrisquel
1811 4377 1879 4432 tam
1897 4370 2056 4453 presenti-

397 4468 459 4534 bus
475 4490 573 4555 quam
589 4478 621 4534 et
634 4467 763 4551 futuris,
787 4468 926 4554 qualiter
949 4491 1008 4534 nos
1031 4491 1091 4554 pro
1114 4469 1258 4535 remedio
1283 4471 1411 4535 animae
1433 4481 1565 4536 nostrae
1589 4471 1656 4537 ob⁰
1677 4473 1895 4537 interventum
1914 4471 2057 4538 dilectae

397 4573 546 4659 coniugis
567 4571 904 4638 nostraeAdelbeide
927 4595 966 4637 ac
988 4573 1172 4640 Burchardi
1200 4574 1292 4640 ducis
1316 4572 1535 4640 Alemaniae‘³
1566 4577 1687 4641 sanctis
1718 4576 1773 4661 qui
1805 4584 1880 4640 sunt
1908 4575 2057 4642 Deserti·

397 4681 507 4744 nensis
530 4677 699 4761 ecclesiae,
724 4700 807 4765 quae
829 4677 1011 4744 inhonore
1034 4679 1140 4743 sancti
1162 4678 1296 4744 Martini
1319 4689 1507 4746 constructa
1531 4688 1614 4764 θεῖ’,
1637 4681 1690 4746 cui
1713 4679 1872 4766 pastorali
1894 4683 2055 4766 regimine

395 4782 483 4848 abba
494 4781 611 4848 Victor
626 4803 778 4867 praeesse
795 4781 977 4847 dinoscitur
989 4778 1007 4865 f,
1030 4782 1292 4869 monachisque⁸
1313 4785 1347 4849 in
1362 4784 1530 4869 praedicto
1546 4784 1620 4850 loco
1637 4784 1698 4851 deo
1714 4795 1893 4872 sanctoque
1908 4785 2051 4852 Martino
2071 4807 2104 4856 ss

397 4887 606 4953 devotissime
630 4885 845 4951 servientibus
872 4885 1068 4952 donavimus
1097 4896 1196 4973 atque
1225 4885 1420 4954 tradidimus
1448 4890 1482 4954 in
1514 4887 1634 4954 ducatu
1660 4886 1879 4954 Alemaniae¹¹
1905 4890 1938 4954 in
1963 4913 2052 4976 pago

396 4986 644 5074 Zuricbgeuuci
671 4991 706 5054 in
729 4990 887 5054 comitatu
909 4989 1060 5056 Luitonis
1084 4993 1212 5058 comitis
1235 4994 1269 5056 in
1291 4991 1372 5057 villa
1394 4989 1648 5076 Pfafiingboue¹
1671 4991 1844 5058 ecclesiam
1867 5015 1942 5059 cum
1965 4993 2053 5059 deci·

395 5096 457 5160 mis
480 5093 523 5159 ad
545 5093 636 5158 illam
658 5093 911 5180 pertinentibus,
946 5094 1139 5161 donavimus
1163 5105 1261 5182 atque
1284 5094 1500 5161 tradidimus¹
1523 5095 1633 5162 dotem
1657 5118 1786 5182 quoque
1810 5096 1985 5181 ecclesiae,
2017 5098 2053 5165 id

395 5207 445 5262 est
467 5196 549 5264 duas
571 5197 677 5263 hobas
700 5219 871 5283 possessas
894 5208 927 5263 et
948 5198 1143 5264 beneficium
1165 5198 1347 5286 presbyteri
1369 5202 1403 5265 in
1426 5200 1543 5266 codem
1564 5199 1638 5266 loco
1662 5199 1723 5265 deo
1744 5201 1925 5284 servientis,
1948 5200 2053 5267 idest

396 5322 496 5366 unam
522 5299 659 5384 hobam,
694 5299 852 5365 ecelesias
875 5323 1005 5389 qnoque
1035 5302 1079 5368 ad
1107 5302 1311 5390 praedictam
1342 5305 1515 5371 eeclesiam
1545 5307 1744 5391 pertinentes
1762 5328 1851 5372 cum
1880 5305 2051 5372 beneficiis
2071 5327 2107 5375 40

481 5487 540 5542 2⁰7.
567 5490 596 5557 b)
615 5490 686 5542 indic
710 5505 777 5542 corr.
797 5507 844 5542 asu
867 5495 924 5543 inre
1027 5496 1051 5558 c)
1071 5501 1101 5562 ig
1122 5511 1188 5546 corr.
1206 5509 1255 5545 aas
1277 5512 1308 5546 ao
1413 5495 1442 5563 d)
1458 5494 1522 5548 Βόα·
1538 5495 1586 5548 der
1602 5497 1673 5549 Zeila
1689 5497 1884 5566 mhqmqm.

481 5593 538 5649 2⁰8.
566 5595 675 5665 [Siclrel]
786 5599 812 5659 a)
830 5597 900 5663 sella
922 5601 952 5650 in
976 5599 1001 5649 Β
1111 5599 1141 5667 b)
1164 5601 1261 5654 nostris
1284 5606 1339 5652 tam
1362 5601 1389 5652 B
1501 5601 1527 5665 c)
1545 5601 1584 5666 Β,
1612 5607 1639 5653 ot
1661 5602 1689 5653 Β
1800 5602 1829 5665 d)
1852 5602 2002 5654 Alimanias
2025 5602 2054 5654 Β

567 5667 592 5728 e)
610 5665 643 5730 Β,
655 5665 727 5730 ssblt
744 5669 772 5718 in
783 5668 810 5719 Β
896 5669 917 5730 f)
935 5667 969 5731 Β,
989 5669 1152 5736 dignoscitur
1164 5670 1191 5720 Β
1277 5672 1305 5738 g)
1317 5669 1388 5735 fehlt
1405 5671 1434 5721 im
1449 5669 1477 5722 Β
1563 5672 1591 5732 b)
1604 5671 1777 5724 Alamanniae
1789 5669 1817 5723 Β
1900 5671 1920 5734 i)
1939 5671 2049 5722 anicb-

563 5751 659 5802 gouws
670 5736 698 5789 Β
782 5737 811 5800 k)
829 5737 1024 5806 anftingboue
1036 5737 1064 5790 Β
1148 5739 1169 5798 l)
1187 5739 1221 5803 Β,
1239 5740 1397 5792 donavimus
1415 5747 1495 5809 atque
1514 5741 1669 5793 tradidimus
1680 5741 1751 5805 sebit
1768 5745 1796 5792 ln
1808 5741 1842 5792 Β,
