4576 6420
899 411 1025 470 ΟΤΤΟ
1047 412 1071 467 Ι.
1094 408 1167 466 960.
1624 465 1625 470 ,
1799 400 1863 466 295

210 609 403 658 immunitatem
432 612 548 658 nostram
577 606 733 656 adderemus
762 607 947 656 auctoritatem
973 622 1021 670 per
1043 621 1122 671 quem
1144 607 1196 655 iam
1220 606 1319 656 dictum
1342 608 1531 658 monasterium
1554 608 1603 657 sub
1627 613 1716 658 nostre
1738 609 1860 656 immuni·

210 713 273 762 tatis
295 713 409 762 tuitione
431 712 529 761 noshis
551 711 701 775 futurisque
723 709 886 774 temporibus
909 711 1054 760 consistere
1076 703 1209 760 valeret.⁰
1253 709 1336 759 Cuius
1359 711 1537 774 peticionibus
1561 725 1698 761 assensum
1720 710 1860 775 prebentes

209 816 277 864 hanc
300 821 417 865 nostram
439 815 624 864 auctoritatem
647 813 719 862 circa
740 812 853 862 eundem
875 813 1064 863 nionnsterium
1085 811 1143 862 fieri
1167 813 1331 863 decrevimus
1354 827 1401 878 per
1423 829 1502 878 quam
1525 813 1676 878 specialiter
1694 799 1860 862 decernimus

209 925 289 984 atque
315 920 451 980 iubemus,
486 923 516 967 ut
537 919 625 982 ipsum
647 917 835 966 monasterium
859 931 915 965 una
936 932 995 966 cum
1018 917 1166 967 rectoribus
1189 918 1244 966 suis
1267 922 1293 966 et
1315 918 1394 968 rebus
1417 918 1502 982 ipsius
1525 919 1678 968 monasterii
1701 919 1728 967 in
1751 917 1859 982 quibus-

174 1020 274 1071 blibet
295 1022 372 1086 pagis
395 1027 421 1070 et
443 1019 583 1070 territoriis
605 1025 658 1068 tam
681 1018 714 1068 de
737 1001 904 1069 donationer
923 1035 1014 1084 regum
1038 1019 1134 1069 ducum
1157 1025 1205 1069 aut
1228 1019 1344 1070 iudicum
1368 1019 1410 1071 vel
1432 1020 1594 1087 reliquorum
1616 1021 1694 1071 deum
1709 1021 1859 1069 timentium

209 1126 359 1188 hominnm,
392 1124 464 1182 unde
489 1126 549 1189 ipsa
572 1138 635 1174 cess
657 1123 699 1173 dei
722 1121 801 1172 modo
824 1123 921 1172 vestita
943 1139 1000 1172 esse
1024 1121 1172 1172 dinoscitur
1194 1129 1220 1172 et
1243 1125 1352 1174 inantea
1373 1125 1465 1174 divine
1486 1127 1572 1189 pietas
1594 1125 1722 1188 ampliare
1745 1124 1860 1173 voluerit

208 1243 255 1277 seu
277 1233 396 1292 potestas
418 1229 502 1291 ipsius
524 1243 596 1277 nunc
617 1226 754 1292 possidere
776 1225 896 1288 videtur,
931 1226 980 1276 sub
1010 1231 1102 1275 nostra
1128 1233 1234 1276 maneat
1263 1229 1437 1278 immunitatis
1466 1231 1580 1280 tuitione
1603 1234 1682 1294 atque
1705 1227 1858 1278 defensione

208 1333 306 1382 nostris
328 1332 477 1397 futurisque
499 1331 671 1396 temporibus,
694 1335 825 1395 quatenus
847 1328 938 1379 nullus
960 1329 1040 1379 iudex
1062 1329 1186 1394 publicus
1209 1331 1237 1380 in
1260 1335 1348 1380 curtes
1369 1331 1412 1406 uel
1435 1330 1513 1380 villas
1536 1347 1583 1381 sen
1606 1313 1767 1392 castellot
1790 1315 1857 1377 slve

209 1436 290 1485 celles
312 1441 360 1484 ant
381 1450 459 1500 agros
480 1435 565 1499 ipsius
587 1435 741 1484 monasterii
764 1448 830 1498 quos
852 1431 978 1483 moderno
1001 1437 1119 1498 tempore
1141 1415 1237 1482 infrah
1265 1434 1408 1485 dictionem
1435 1437 1509 1501 regni
1533 1437 1616 1486 nostri
1630 1437 1708 1486 'iuste
1731 1440 1758 1485 et
1779 1435 1858 1482 ratio-

159 1545 191 1591 10
209 1541 335 1590 nobiliter
356 1539 474 1604 possidet
496 1544 523 1589 et
545 1555 596 1604 que
619 1539 743 1602 deinceps
766 1539 823 1586 iure
845 1538 930 1600 ipsius
952 1537 1005 1586 loci
1027 1536 1119 1586 divina
1141 1539 1227 1601 pietas
1249 1539 1342 1603 augeri
1364 1539 1493 1602 voluerit,
1528 1539 1562 1588 ad
1590 1554 1685 1589 census
1712 1537 1858 1588 audiendas

208 1644 251 1694 vel
273 1643 349 1693 freda
370 1643 501 1707 exigenda
522 1658 569 1692 seu
592 1644 742 1693 mansiones
765 1647 812 1691 aut
833 1624 959 1706 paratasi
988 1639 1123 1690 iaciendas
1152 1657 1201 1692 nec
1229 1641 1397 1692 fideiussores
1424 1643 1555 1694 tollendos
1578 1649 1625 1694 sut
1647 1644 1767 1693 homines
1790 1643 1857 1692 eius-

208 1747 267 1797 dem
289 1747 400 1798 ecclesie
422 1753 477 1796 tam
500 1749 630 1813 ingenuos
652 1762 731 1812 quam
755 1761 845 1796 servos
868 1760 947 1809 super
969 1749 1065 1796 terram
1089 1747 1173 1810 ipsius
1202 1733 1389 1795 monasterll
1420 1753 1611 1798 commorantes
1639 1732 1729 1798 nullo
1759 1730 1857 1798 modo

207 1849 403 1916 distringendos
431 1865 480 1899 nec
508 1850 577 1899 ullos
605 1849 777 1900 redibitiones
806 1853 853 1899 ant
881 1848 988 1898 illicitas
1017 1850 1170 1899 occasiones
1198 1850 1371 1914 requirendas
1398 1852 1495 1900 nostris
1524 1855 1551 1900 et
1573 1851 1670 1901 futuris
1693 1851 1857 1916 temporibus
1923 1921 1925 1926 ,

206 1953 310 2018 ingredi
332 1952 430 2002 audeat
452 1953 495 2002 vel
518 1967 550 2003 ea
571 1969 623 2018 que
645 1967 727 2016 supra
747 1957 893 2002 memorata
914 1957 977 2001 sunt
999 1938 1130 2021 exigere
1152 1959 1219 2001 non
1242 1960 1392 2018 presumat,
1415 1954 1462 2004 sed
1480 1955 1560 2005 liceat
1577 1960 1721 2004 memorato
1740 1935 1857 2004 abbatik

157 2061 188 2107 lb
207 2058 315 2120 suisque
338 2057 535 2106 successoribus
558 2072 599 2106 res
622 2057 734 2121 predicti
756 2055 909 2106 monasterii
932 2055 982 2105 sub
1006 2057 1171 2106 immunitate
1194 2056 1356 2107 defensionis
1378 2051 1468 2108 nostre
1490 2060 1580 2124 quieto
1604 2058 1695 2108 ordine
1722 2057 1857 2123 possidere

207 2176 268 2210 cum
290 2161 414 2210 omnibus
436 2160 470 2210 ad
493 2176 521 2210 se
544 2161 613 2210 iuste
635 2161 827 2224 aspicientibus
850 2158 892 2207 vel
915 2160 1111 2222 pertinentibus
1137 2160 1237 2224 absque
1265 2161 1380 2210 alicuius
1402 2178 1418 2210 ιι
1440 2164 1642 2224 contrarietate,
1676 2168 1702 2212 et
1730 2160 1857 2227 quicquid

207 2262 301 2312 exinde
324 2262 403 2312 fiscus
425 2267 515 2313 noster
537 2278 642 2327 sperare
665 2267 802 2326 potuerat,
825 2267 910 2312 totum
933 2279 982 2312 nos
1004 2279 1052 2328 pro
1071 2269 1162 2313 eterne
1185 2268 1397 2316 remuneratione
1419 2269 1522 2331 prefato
1544 2267 1703 2317 monasterio
1726 2267 1856 2316 concessi·

207 2383 272 2430 mus,
295 2370 371 2417 utin
394 2369 521 2418 alimonia
542 2383 689 2433 pauperum
713 2364 747 2418 et*
762 2368 894 2432 stipendia
916 2369 1106 2420 monachorum
1128 2369 1227 2419 ibidem
1250 2369 1300 2419 deo
1323 2369 1509 2419 famulantium
1531 2370 1673 2434 perhennis
1691 2369 1856 2434 temporibus

206 2471 328 2536 proficiat
359 2473 388 2521 in
416 2454 616 2538 ιιιιςιιιιιιιιιιιι.1
658 2456 722 2521 Pro
752 2456 936 2521 firmitatem
969 2479 1111 2543 namque
1139 2459 1232 2542 regni
1259 2459 1362 2523 nostri
1393 2467 1425 2521 et
1457 2458 1721 2542 augmentatione
1755 2457 1856 2541 prolis

156 2575 189 2622 20
207 2569 317 2624 nostre
339 2571 371 2625 et
393 2581 451 2645 pro
476 2559 579 2625 salute
603 2560 747 2624 omnium
770 2567 942 2644 parentum
964 2569 1150 2625 nostrorum
1172 2563 1353 2628 animarum
1376 2560 1586 2627 concedimus
1605 2561 1710 2626 eidem
1728 2560 1854 2645 prefato

207 2673 320 2728 sancto
348 2663 423 2728 loco
452 2662 637 2750 eisdemque
667 2665 912 2747 prememoratis
941 2663 1003 2728 deo
1030 2664 1264 2730 famulantibus
1295 2665 1464 2730 monachis
1487 2681 1614 2747 quiequid
1636 2680 1728 2730 haberi
1750 2679 1856 2728 videtur

206 2782 289 2830 nostri
318 2782 383 2831 iuris
410 2782 479 2831 inter
504 2797 587 2846 aquas
610 2781 771 2842 defluentes,
805 2781 855 2831 hoc
878 2786 917 2832 est
939 2784 1008 2832 inter
1029 2783 1218 2833 Tiliamentum
1241 2789 1267 2834 et
1289 2785 1457 2850 Liquentiam
1481 2789 1508 2833 et
1530 2785 1599 2833 sicut
1621 2785 1666 2833 via
1688 2783 1854 2849 Vngarorum

204 2886 324 2934 cernitur
345 2890 372 2934 et
393 2885 505 2950 paludes
527 2886 615 2947 maris,
648 2887 736 2936 omnia
755 2891 781 2935 et
798 2887 826 2934 in
844 2886 967 2936 omnibus
986 2886 1020 2936 ad
1043 2889 1142 2952 regiam
1164 2893 1322 2951 potestatem
1344 2889 1548 2953 pertinentibus,
1571 2889 1674 2939 scilicet
1695 2890 1855 2953 piscationes

206 2989 361 3039 venationes
383 2989 465 3039 silvas
488 2995 571 3040 terras
594 2990 683 3054 fruges
699 2994 726 3039 et
740 2989 866 3054 quicquid
890 2973 954 3038 illel
970 2973 1022 3037 vel
1046 2991 1177 3040 nominari
1199 2995 1287 3054 potest
1309 2990 1343 3040 ad
1364 2997 1482 3041 nostram
1504 2992 1604 3056 regiam
1622 2995 1778 3055 potestatem
1797 3005 1854 3056 per·

154 3090 188 3138 25
206 3093 341 3156 boontem,
364 3094 414 3144 sub
438 3095 509 3143 omui
531 3095 682 3159 integritate
705 3095 757 3143 iam
780 3093 851 3142 dicto
875 3092 965 3142 abbati
981 3091 1126 3143 Adalberto
1149 3095 1258 3159 suisque
1276 3095 1473 3144 successoribus
1488 3095 1517 3143 in
1531 3093 1650 3158 predicto
1665 3094 1724 3144 loco
1739 3111 1756 3143 ιι
1771 3095 1854 3144 lemu-

205 3197 323 3247 lantibns
346 3202 436 3247 nostra
457 3191 602 3262 preceptali
626 3199 784 3248 auctoritate
806 3211 854 3261 per
877 3212 953 3245 omne
976 3203 1080 3260 tempus
1103 3191 1280 3246 habendum¹¹
1303 3195 1487 3246 confirmamus
1511 3201 1537 3245 et
1554 3196 1718 3246 roboramus.
1752 3195 1854 3261 Siquis

206 3305 294 3350 autem
317 3299 385 3349 hanc
407 3305 522 3350 noemam
546 3301 731 3350 auctoritatem
754 3299 854 3350 violare
877 3302 1073 3366 presumpserit,
1097 3301 1164 3350 sciat
1187 3316 1215 3350 se
1237 3300 1389 3366 frequenter
1410 3300 1545 3349 nominato
1567 3300 1727 3350 monasterio
1746 3300 1855 3364 triginta

205 3403 287 3452 libras
315 3404 374 3453 anri
403 3404 618 3468 compositurum.
663 3404 699 3453 Et
726 3409 757 3452 nt
784 3405 833 3454 hec
862 3409 952 3454 nostra
980 3405 1125 3454 auctoritas
1153 3396 1335 3454 inconvulsa⁰
1363 3418 1411 3467 per
1438 3403 1529 3453 lutura
1558 3404 1648 3453 secula
1673 3404 1708 3453 ab
1731 3404 1854 3453 omnibns

917 3477 921 3494 ι

205 3509 294 3558 verius
317 3507 439 3558 credatur
461 3513 488 3557 et
510 3508 664 3573 diligentius
687 3509 850 3571 observetur,
874 3524 954 3559 mann
976 3511 1083 3574 propria
1106 3511 1200 3559 subtus
1223 3507 1413 3558 affirmavimus
1436 3514 1463 3558 et
1484 3508 1558 3558 anuli
1576 3510 1660 3558 nostri
1682 3510 1853 3573 impressione

154 3609 188 3657 30
206 3609 317 3674 sigillari
340 3611 473 3661 iussimus.

307 3908 397 3972 Data
419 3927 469 3974 111.
493 3910 566 3974 idus
589 3910 657 3976 iulii
681 3933 767 3975 anno
790 3910 1026 3974 incarnationis
1050 3907 1172 3972 domini
1195 3909 1297 3973 nostri
1319 3907 1396 3971 Iesu
1418 3903 1537 3971 Christi
1560 3921 1728 3989 beccensi,
1751 3905 1852 3971 indic·

204 4010 293 4074 tione
320 4014 439 4095 tercia,
472 4023 628 4098 regnante
660 4017 740 4099 piol’
768 4036 844 4098 rege
869 4011 989 4078 Ottone
1016 4034 1102 4077 enno
1126 4029 1216 4095 xxv3
1249 4020 1358 4076 actum
1381 4008 1643 4091 Machdeburch3
1676 4012 1709 4074 in
1733 4009 1853 4074 Christi

204 4113 336 4176 nomine
359 4112 497 4179 feliciter
518 4137 624 4181 amen.

153 4398 186 4445 as
983 4374 1069 4448 214.

213 4523 293 4599 Ouo
315 4525 455 4600 scheold
477 4526 556 4600 dem
573 4527 718 4602 Klostcr
740 4527 799 4601 des
820 4528 853 4602 Ιι.
874 4529 993 4603 Moriz
1014 4557 1059 4602 zu
1079 4531 1305 4628 Mopdeburp
1323 4531 1381 4603 dic
1398 4556 1470 4602 oon
1488 4529 1632 4627 Rediop
1653 4528 1733 4600 und
1748 4527 1851 4601 Duo·
1926 4495 1927 4498 Ἴ

205 4644 306 4720 dicho
334 4648 614 4745 cinpctauscltten
640 4650 877 4748 Besitzuoqcn
903 4676 948 4723 zu
974 4650 1097 4723 Boane
1123 4649 1203 4723 mm
1228 4650 1370 4736 andero
1403 4649 1629 4748 Ortsclaastcn
1659 4648 1739 4722 und
1763 4649 1854 4746 ,stipi

205 4764 262 4839 die
284 4764 498 4868 Schenknnp
519 4796 590 4842 von
616 4768 942 4869 Gromonioyorod
961 4771 1082 4846 hinnu.
1212 4761 1214 4768 ¹
1322 4808 1507 4882 deebm
1530 4811 1592 4868 960
1615 4806 1735 4881 Ama
1756 4812 1808 4869 21.

310 5028 558 5104 Ompiooldiplom
579 5032 621 5088 im
644 5029 671 5090 lc.
697 5028 899 5090 Stootsurcbiv
919 5048 960 5089 su
982 5029 1086 5089 Berlin
1108 5029 1167 5110 (A).

153 5202 187 5250 ιο
306 5183 423 5243 Lcubcr
442 5184 579 5257 Dinonis.
602 5184 738 5256 stapulas
756 5184 864 5245 Sanun.
882 5187 968 5245 1597
989 5202 1046 5244 ons
1069 5183 1107 5256 A,
1131 5188 1185 5245 mit
1208 5200 1240 5246 x.
1257 5186 1315 5244 hal.
1333 5189 1407 5260 sept.
1433 5209 1473 5239 =
1496 5179 1765 5259 IatniqRA.10⁶‚
1787 5188 1853 5246 342

303 5293 337 5344 ιιο
359 5292 410 5358 10,
434 5289 489 5346 mit
511 5290 584 5348 958.
607 5321 649 5331 -
671 5287 801 5346 Bdhmcr
821 5289 894 5362 Rep.
920 5292 984 5350 232
1004 5307 1045 5348 su
1067 5289 1130 5350 959
1152 5287 1273 5362 Amos
1295 5293 1347 5351 23.
1370 5323 1413 5333 -
1436 5289 1565 5363 &omps
1581 5289 1652 5363 Rey.
1676 5292 1749 5350 275.

290 5487 349 5543 tlt.
377 5491 402 5552 e)
420 5489 533 5542 raletA
619 5491 809 5554 fidationeA
896 5495 923 5560 g)
943 5491 1107 5545 castellana
1196 5493 1225 5558 h)
1243 5488 1353 5543 ulmea
1444 5491 1464 5552 i)
1484 5491 1614 5558 pratosA
1707 5493 1736 5555 lr)
1754 5494 1851 5546 abbate

375 5560 398 5610 Δ
489 5561 509 5619 l)
527 5568 557 5611 nt
574 5561 700 5613 alimonia
716 5579 742 5630 p.
761 5569 787 5612 et
805 5569 836 5615 st
855 5579 1024 5614 monacorum
1043 5565 1060 5612 i.
1079 5562 1104 5612 d.
1123 5562 1141 5615 i.
1159 5563 1300 5614 herhennis
1318 5563 1480 5627 temporibus
1498 5563 1576 5614 nobis
1594 5563 1716 5628 proficiat
1732 5565 1761 5612 in
1778 5580 1802 5614 a.
1819 5563 1852 5627 A,

152 5701 185 5749 46
375 5627 512 5748 mis?
530 5628 738 5765 ιιιιιιῙιΡ)ῑἾρΙ;οΙΑΙ
797 5635 834 5695 ιιι)
852 5633 895 5683 vel
914 5631 1084 5682 firmitatisA
1183 5634 1210 5694 ιι)
1231 5633 1319 5683 οιιιιιίιι
1336 5637 1440 5696 tempus
1458 5630 1617 5682 habendiA
1715 5633 1741 5694 o)
1760 5634 1850 5682 incon·
