4606 6428
983 429 985 432 ·
1018 411 1468 470 KAISERURKUNDEN.

523 591 652 666 licpende
673 593 713 652 D.
737 594 877 653 Koarods
898 594 977 652 aiclst
1004 595 1134 654 orbabas
1162 597 1210 654 ist.
1248 596 1329 655 Duas
1356 597 1426 658 aber
1454 596 1584 656 lctstmcs
1612 597 1716 657 Simon
1743 597 1789 656 als
1815 597 1937 671 Vernae
1963 597 2067 667 dicante,

523 696 633 769 folperc
659 697 706 755 icb
734 697 847 757 dorcas
876 697 944 756 dass
972 716 1005 757 cr
1024 717 1086 758 our
1107 700 1147 758 15
1171 699 1257 759 Gaas
1280 698 1363 778 (sicit
1385 704 1428 759 17
1449 701 1491 758 im
1513 700 1553 759 D.
1576 699 1714 778 Amiolsa)
1738 699 1876 772 cassabit
1898 702 1963 760 aad
1984 702 2070 760 dcbci

523 799 674 871 ascbrfocb
695 801 804 859 codas
825 800 1073 873 Nommusormeo
1095 803 1250 874 derb-istst,
1274 804 1413 862 waltrano
1435 803 1483 862 dic
1505 805 1659 864 baoadero
1681 805 1812 880 Sorpfalt
1835 805 1937 864 welclie
1958 824 1991 864 cr
2011 806 2073 878 auf

521 901 568 959 dic
585 904 779 976 betreffeudcn
794 904 999 976 Sobristaeilcn
1020 905 1180 964 comendes
1203 907 1260 965 den
1278 906 1439 966 Gedumbcn
1460 925 1501 965 oa
1523 909 1746 983 eipmmcicbtipc
1760 907 1976 982 Aeodcrmspcn
1997 927 2068 969 ous-

521 1005 659 1066 scbliesst.
704 1008 795 1068 Ueber
821 1008 870 1067 die
890 1009 1109 1068 versclsicrlcocn
1131 1009 1311 1082 nemimem
1332 1028 1388 1069 von
1409 1010 1480 1070 ΒΗ.
1498 1014 1518 1070 6
1539 1029 1563 1072 s.
1583 1012 1691 1072 Hirscb
1714 1012 1819 1073 Jahrb.
1844 1011 1885 1073 Η.
1904 1020 1945 1071 ΙΙ.
1969 1017 1998 1084 2,
2016 1018 2102 1074 ius

523 1209 583 1291 (C.)
605 1210 620 1294 ff
640 1210 680 1275 In
707 1211 837 1276 nomine
866 1219 1000 1276 sanctae
1028 1220 1061 1276 et
1089 1211 1278 1278 individuae
1305 1214 1470 1279 trinitatis.
1509 1213 1684 1280 Heinricus
1713 1214 1825 1280 divina
1851 1215 1982 1282 favente
2004 1217 2068 1283 cle-

419 1313 540 1377 mentia
562 1337 632 1378 rex·
720 1329 846 1394 Regalem
868 1329 1052 1381 celsitudinem
1075 1335 1179 1395 oportet
1200 1337 1396 1382 antecessorum
1419 1348 1527 1384 snorum
1548 1335 1593 1398 pia
1613 1333 1685 1383 iacta
1702 1350 1755 1384 non
1774 1333 1860 1384 solum
1878 1335 2069 1388 inviolabiliter

419 1447 583 1494 conservare,
607 1448 698 1483 verum
721 1435 800 1484 etiam
822 1415 836 1496 ᾗ
858 1435 1016 1484 auctoritate
1038 1449 1087 1484 sua
1109 1434 1232 1486 alacriter
1253 1435 1416 1487 confirmare.
1450 1437 1566 1488 Proinde
1584 1439 1687 1488 noverit
1702 1440 1820 1489 omnium
1835 1437 1953 1489 fidelium
1967 1447 2068 1490 nostro-

419 1551 476 1584 rum
497 1538 674 1600 praesentium
696 1537 798 1588 seilicet
819 1543 845 1587 et
864 1538 1014 1588 rutinorum
1034 1538 1174 1602 industria,
1195 1541 1260 1606 quia
1279 1525 1476 1590 venerabilis
1492 1527 1667 1611 episcopua
1683 1525 1865 1591 aecclesiae
1879 1526 2068 1593 Uuircibur-

418 1625 528 1707 gensis
541 1624 660 1689 Thioto
675 1633 882 1711 nuncupatus
898 1643 995 1691 nostris
1010 1642 1108 1692 obtulit
1123 1643 1261 1694 obtutibus
1276 1643 1405 1709 quaedam
1421 1649 1616 1694 antecessorum
1632 1649 1782 1694 nostrorum
1795 1651 1945 1711 praecepta,
1960 1646 2067 1712 Pippini
2089 1655 2121 1702 10

418 1726 580 1811 videlicet,
604 1744 803 1806 uarolomanni,
826 1744 993 1795 Hludouuici
1014 1739 1112 1816 atque
1132 1730 1257 1796 Arnolfi
1277 1754 1338 1796 nec
1359 1754 1425 1796 non
1441 1729 1631 1797 Chuonradi
1652 1755 1766 1817 regum
1786 1743 1908 1819 atque“
1929 1735 2067 1820 impera-

418 1838 525 1896 torum
548 1849 575 1896 iu
597 1849 694 1912 quibus
715 1849 914 1912 continebatur,
937 1849 1051 1914 qualiter
1072 1851 1122 1914 ipsi
1143 1866 1192 1914 pro
1214 1865 1278 1900 suae
1301 1849 1428 1900 mercedis
1450 1857 1592 1916 augmento
1614 1851 1648 1900 ad
1668 1851 1807 1902 basilicam
1822 1855 1906 1902 sancti
1922 1851 2068 1903 Salvatoris

419 1951 465 2000 ubi
481 1957 589 2002 sanctus
604 1951 728 2002 Killanua
744 1953 835 2002 martir
850 1952 948 2003 Christi
969 1954 1122 2018 praeciosus
1143 1969 1253 2019 corpore
1274 1954 1429 2018 requiescit,
1453 1953 1580 2004 decimam
1602 1954 1695 2003 tributi
1713 1955 1829 2019 quaeda
1846 1956 1967 2020 partibus
1983 1957 2067 2006 orien-

418 2054 512 2104 talium
527 2055 690 2106 Francorum
707 2055 750 2106 vel
765 2056 797 2106 de
813 2053 915 2106 Sclavia
931 2057 965 2106 ad
980 2056 1073 2108 fiscum
1090 2056 1251 2107 dominicum
1269 2059 1406 2106 annuatim
1428 2056 1577 2121 persolvere
1599 2057 1729 2121 solebant,
1751 2073 1820 2123 quae
1842 2059 1987 2109 secundum
2009 2059 2066 2109 illo-

419 2175 476 2209 rum
498 2159 616 2226 linguam
637 2162 719 2210 stiora
742 2158 785 2210 vel
806 2160 993 2225 ostarstuoplra
1015 2166 1138 2222 vocatur,
1161 2166 1192 2210 ιιι
1210 2160 1243 2211 de
1260 2160 1307 2211 illo
1326 2160 1426 2210 tributo
1444 2163 1500 2212 sive
1518 2161 1605 2212 reditu
1621 2163 1697 2212 annis
1713 2161 1825 2227 singulis
1841 2176 1901 2226 pars
1917 2161 2019 2212 decima
2033 2162 2067 2211 ad
2087 2169 2120 2217 15

418 2262 583 2327 praedictum
604 2263 691 2313 locum
713 2262 908 2328 persolveretur
929 2264 985 2314 sive
1003 2265 1031 2313 in
1050 2263 1127 2314 melle
1143 2265 1199 2314 sive
1214 2266 1242 2313 in
1257 2263 1372 2328 paltenis
1388 2279 1435 2314 scu
1450 2265 1477 2313 iu
1493 2265 1547 2315 alia
1562 2265 1682 2331 qualibet
1698 2264 1858 2315 redibitione
1873 2279 1941 2329 quae
1957 2269 1987 2314 ut
2001 2265 2067 2314 dixi·

418 2382 477 2415 mus
494 2383 511 2414 ιι
529 2366 562 2417 de
582 2369 658 2433 pagis
680 2365 847 2417 orientalium
868 2367 1032 2417 Francorum
1053 2367 1269 2432 persolvebatur,
1292 2368 1319 2416 id
1335 2372 1375 2417 est
1390 2367 1423 2418 dc
1438 2383 1507 2434 pago
1523 2368 1683 2419 Uualdsaaai
1699 2373 1726 2418 et
1741 2367 1773 2418 de
1788 2369 1865 2433 pagis
1879 2368 2067 2434 Tuburgouue,

418 2469 660 2536 Uuiugartuueiba,
682 2471 858 2537 Iagasgouue,
881 2471 1070 2537 Mulabgouue,
1093 2471 1310 2536 Ncccbargouue,
1332 2469 1558 2537 Chohhaugouue,
1581 2472 1737 2537 Raugouue,
1759 2487 1776 2520 ιι
1797 2471 1954 2536 Iphigouue,
1982 2471 2066 2521 Haaa-

417 2589 514 2638 gouuc,
537 2574 673 2639 Grapt‘eld,
696 2575 839 2637 Tulliueld,
862 2575 1015 2641 Salageuui,
1037 2592 1054 2624 ιι
1076 2575 1195 2637 Gozield,
1218 2575 1425 2640 Badanacgeuui
1449 2559 1556 2643 dictis,
1580 2580 1606 2624 et
1629 2574 1757 2624 decimam
1780 2573 1813 2624 de
1830 2573 1901 2624 fiscis
1919 2574 2066 2637 dominicis,

418 2676 445 2725 id
463 2683 503 2726 est
521 2676 553 2727 de
571 2677 757 2743 Ingilunheim,
780 2677 897 2728 Riotfeld
919 2680 947 2728 in
969 2679 1123 2744 Rangeuue,
1145 2677 1302 2729 Ruodeshoi
1321 2679 1348 2727 in
1363 2677 1531 2740 Uclcieldon,
1555 2678 1582 2726 in
1605 2677 1771 2727 Crucinacha
1793 2681 1820 2726 et
1842 2676 1983 2739 Neristein,
2005 2677 2065 2727 Om-
2085 2687 2119 2733 ρο

418 2785 574 2842 muntestnt,
597 2781 723 2844 Albsteti,
746 2781 986 2847 Chaningeshoua,
1009 2781 1235 2844 Sundcrunhoua,
1258 2781 1421 2843 Golleboua,
1444 2779 1616 2842 Berenheim,
1639 2779 1810 2842 Ikilenheim,
1833 2779 2067 2840 Vnielautesheim‚

397 2901 399 2905 ¹
417 2867 580 2947 Ramneldb,
603 2884 771 2935 Gouunheim
788 2886 816 2934 in
831 2879 998 2936 Gonielrlon⁰
1014 2891 1040 2936 et
1054 2886 1285 2947 Broaaoltesheim,
1308 2884 1478 2934 Halazneatat
1493 2885 1521 2932 in
1535 2883 1727 2948 Ratinzgouue,
1749 2882 1980 2947 Clruningeahoue,
2002 2886 2065 2933 item

418 2985 683 3064 Clruningesboue'et
698 2986 766 3051 Sala,
788 2987 1003 3054 Hamulnnburg,
1024 2988 1170 3054 Iphalroue,
1192 2987 1352 3050 Tettilebah,
1374 2968 1537 3048 Bleihicldd,
1559 2985 1777 3036 Heilacbrunneu
1799 2990 1826 3034 et
1840 2985 1959 3035 Louien:
1982 2988 2009 3034 in
2025 2987 2066 3035 liis

417 3089 488 3139 fiscis
508 3061 535 3140 et
555 3090 627 3140 villis
650 3091 789 3141 dominicis
811 3107 858 3142 seu
881 3093 910 3141 in
931 3093 1073 3156 praedictis
1095 3093 1170 3158 pagis
1190 3096 1244 3141 tam
1266 3090 1299 3141 de
1319 3091 1367 3140 illa
1389 3089 1491 3140 decima
1509 3095 1627 3138 census
1649 3096 1747 3158 quam
1766 3088 1798 3139 de
1814 3089 1884 3138 omni
1901 3089 2065 3138 collaboratu

417 3193 488 3258 quod
504 3195 569 3258 ipsis
583 3194 664 3244 inerit
678 3195 827 3245 laboratum
843 3195 877 3244 ad
892 3195 1056 3259 praedictum
1071 3196 1159 3246 locum
1176 3211 1225 3246 sua
1240 3196 1398 3245 auctoritate
1416 3194 1615 3243 concessissent.
1653 3191 1792 3256 Suggessit
1809 3193 1888 3241 etiam
1906 3197 2065 3240 memoratus
2083 3200 2118 3248 25
2162 3227 2168 3236 .

417 3303 444 3345 et
463 3298 624 3347 venerabilis
646 3299 751 3362 praesul
774 3283 893 3348 Thioto
910 3289 975 3349 unii
990 3306 1065 3350 eum
1081 3284 1241 3350 Bobbone
1256 3285 1390 3365 comite,
1414 3303 1444 3347 ut
1467 3297 1532 3346 haec
1553 3295 1644 3346 eadem
1665 3294 1699 3344 ad
1720 3296 1772 3344 iam
1793 3294 1890 3344 dictam
1911 3294 2065 3345 aecclesiam

417 3404 508 3450 nostra
528 3403 687 3451 auctoritate
709 3401 931 3452 confirmaremus.
968 3387 1092 3452 Eorum
1113 3387 1302 3469 petitionibus,
1324 3402 1389 3468 quia
1408 3403 1494 3451 iustae
1515 3405 1542 3450 et
1562 3398 1734 3449 rationabiles
1749 3399 1823 3448 visae
1839 3402 1901 3447 sunt
1918 3397 2003 3460 nobis,
2026 3413 2065 3448 aa·

417 3519 523 3553 sensnm
544 3488 682 3554 libenter
697 3490 907 3575 praebuimus
930 3511 957 3555 et
971 3507 1096 3556 iussimus
1112 3507 1136 3557 ei
1152 3507 1202 3557 hoc
1217 3510 1323 3556 nostrae
1339 3504 1505 3554 auctoritatis
1520 3507 1690 3567 praeceptum
1707 3501 1768 3552 inde
1784 3502 1915 3551 conscribi
1931 3517 1978 3566 pcr
1994 3501 2066 3566 quod

417 3606 583 3684 decemimus
605 3607 766 3674 firmiterque
788 3609 924 3672 iubemus,
947 3614 977 3658 ιιι
998 3611 1067 3659 sicut
1091 3613 1194 3660 constat
1215 3609 1248 3658 ab
1272 3609 1369 3659 eisdem
1391 3608 1588 3674 gloriosissimis
1609 3608 1717 3674 regibus
1738 3591 1791 3656 Vel
1814 3591 2066 3677 imperatoribus

416 3711 551 3776 praefatis,
569 3697 708 3782 Pippiuo
725 3696 859 3780 scilicet,
882 3697 1117 3780 Karlomanno,
1140 3697 1361 3780 Hludouuico,
1377 3695 1516 3762 Arnolfo
1532 3705 1630 3782 atque
1646 3693 1855 3777 Chuonrado,
1875 3709 1908 3760 do
1923 3709 2065 3774 praedictis
2084 3715 2118 3762 30

417 3819 493 3882 pagis
508 3821 535 3867 et
549 3816 620 3866 villis
635 3817 769 3881 praefatae
785 3816 929 3867 aecclesiae
944 3832 1106 3878 concessum,
1126 3817 1164 3865 ita
1178 3815 1303 3880 deinceps
1318 3817 1415 3866 nostris
1431 3820 1457 3866 et
1472 3817 1607 3881 perpetuis
1626 3815 1789 3879 temporibus
1804 3829 1850 3877 pcr
1865 3814 1933 3864 hanc
1949 3819 2064 3863 nostram

417 3921 601 3970 auctoritatem
623 3926 775 3984 pennaneat
795 3919 985 3982 confirmatum,
1009 3925 1035 3969 ιι
1056 3919 1146 3969 nullus
1167 3935 1199 3969 ex
1220 3918 1344 3970 fidelibus
1363 3921 1461 3968 nostrin
1482 3935 1528 3969 seu
1546 3917 1673 3983 quislibet
1687 3916 1769 3967 ullam
1785 3916 1943 3966 calumniam
1959 3921 2006 3965 aut
2026 3917 2064 3964 iu-

416 4022 598 4088 quieturlinem
622 4024 769 4072 rectoribus
792 4027 951 4073 memoratae
975 4022 1119 4073 aecclesiae
1140 4027 1188 4072 aut
1209 4023 1267 4072 eius
1287 4023 1414 4073 ministris
1434 4022 1521 4073 facere
1544 4026 1696 4087 praesumat
1717 4021 1759 4071 vel
1779 4021 1884 4071 audeat.
1907 4021 1942 4069 Et
1964 4025 1994 4069 ιιι
2015 4021 2065 4070 hoc

416 4120 627 4197 praeceptum
640 4128 728 4176 verius
744 4127 866 4177 credatur
882 4132 909 4176 et
923 4127 1076 4191 perlatura
1089 4131 1209 4190 tempora
1223 4141 1240 4176 a
1254 4126 1357 4175 cunctis
1372 4124 1496 4175 fidelibus
1511 4127 1608 4176 uostris
1623 4125 1776 4190 diligentius
1792 4127 1969 4186 conservetur,
1985 4138 2064 4172 manu

417 4236 508 4279 nostra
522 4231 630 4294 propria
645 4231 735 4280 subur
752 4214 834 4279 illud
854 4229 1067 4280 confirmavimus
1089 4223 1121 4278 ct
1136 4213 1234 4300 sigilli
1250 4214 1352 4278 nostri
1369 4215 1582 4299 impressione
1597 4213 1745 4297 insigniri
1761 4212 1997 4296 praecepimus.
2082 4230 2116 4275 aa

519 4367 533 4454 ξ
555 4369 690 4454 Signum
713 4369 824 4435 domni
847 4370 993 4436 Heinrici
1018 4372 1083 4452 (Μ.)
1109 4370 1307 4435 serenissimi
1329 4370 1463 4454 regist

516 4488 531 4569 3
553 4490 665 4556 Simon
688 4489 905 4555 cancellarius
927 4491 1077 4555 advicem
1100 4490 1250 4575 Herigeri
1278 4489 1555 4577 archicappellani
1583 4489 1760 4573 recognovi
1788 4497 1821 4552 et
1847 4487 1862 4567 ᾖ
1892 4489 1961 4670 (SR(.
1985 4488 2062 4668 Nu}

1129 4615 1131 4620 ’
1958 4597 2002 4654 SI.
2020 4593 2048 4652 2.

520 4748 609 4813 Data
625 4749 1198 4834 v1.id.april.ann0incarnationis
1221 4749 1343 4815 dommi
1366 4763 1577 4828 nccccxxnl,
1600 4746 1837 4811 ἱιιιΙίοιίοιιιιιιιο
1859 4763 1884 4826 1,
1906 4751 2063 4829 regnante

417 4850 573 4916 Heinrico
597 4851 740 4934 glorioso
763 4874 840 4936 rege
862 4874 948 4917 anuo
971 4871 1042 4935 11113
1072 4861 1181 4917 actum
1204 4854 1238 4916 in
1260 4851 1333 4917 loco
1357 4850 1623 4936 Quitilingoburg
1644 4859 1849 4935 nuncupato3
1875 4850 1908 4912 in
1932 4847 1983 4911 dei
2006 4869 2062 4911 no·
2080 4861 2116 4908 40

417 4954 503 5017 mine
526 4953 664 5018 feliciter
685 4976 791 5019 amen.

536 5139 560 5192 b.
588 5139 695 5208 [Siclrcl]
794 5143 820 5208 a)
838 5159 891 5194 non
909 5168 941 5178 -
960 5147 1039 5209 atque
1057 5143 1110 5207 ιιι]
1121 5143 1241 5222 Ιιιιιιιιβ
1306 5144 1335 5204 b)
1353 5143 1383 5193 ru
1401 5159 1467 5193 corr.
1485 5159 1533 5191 orsa
1549 5159 1578 5194 re
1674 5139 2062 5206 c).Gounnbeim.1ngoziel-
2158 5201 2159 5206 ¹

588 5228 691 5278 don.A
779 5229 807 5294 il)
824 5245 890 5278 corr.
908 5245 956 5278 αιιι
973 5229 1024 5280 Bla
1116 5231 1142 5290 e)
1160 5229 1244 5280 indict
1260 5226 1293 5279 Δ.
