4560 6426
427 407 469 473 36
1023 410 1477 474 KAISERURKUNDEN.

427 598 572 662 fidolium
600 597 772 681 industrie,
807 596 946 683 qualiter
967 621 1029 663 nos
1052 621 1110 682 pro
1134 619 1245 662 amore
1268 597 1334 680 vite
1358 607 1467 681 eterne
1493 593 1545 681 <et
1568 605 1776 680 sacrosancte
1806 594 1981 682 christiane
2008 592 2088 662 reli-

429 704 534 784 gionis
558 724 669 765 amore
692 700 908 786 preelegimus
931 701 1038 765 locum
1059 701 1234 765 Fuldcnsis
1257 702 1445 765 monasterii
1476 700 1628 785 specialis
1659 703 1865 785 prerogative
1895 703 2088 786 patrocina-

426 807 516 868 tione
547 805 743 868 sanctissimi
773 805 936 869 Bonisacii
965 804 1154 870 defensione
1185 807 1302 872 muniri
1335 805 1508 890 locumque
1543 805 1665 888 requici
1695 813 1770 890 post
1797 804 1894 868 finem
1922 807 1990 868 vite
2020 805 2087 869 deo

428 915 590 971 annuente
619 909 791 992 consequi:
825 907 911 972 unde
934 911 1010 993 quia
1032 911 1158 974 incerta
1181 919 1230 974 est
1252 911 1321 973 vita
1349 908 1488 973 hominis
1520 930 1617 992 snper
1649 918 1783 989 terram,
1820 919 2014 993 oportunum
2044 931 2088 972 ac

428 1011 524 1075 valde
546 1013 767 1076 necessarium
789 1011 918 1076 videtur
939 1023 976 1075 ut
998 1015 1225 1096 preveniamus
1249 1013 1387 1077 districti
1411 1011 1527 1074 iudicis
1550 1013 1633 1075 iram
1653 1013 1686 1074 in
1705 1012 1908 1075 consessione
1925 1021 1956 1075 et
1973 1014 2120 1097 puris-5

429 1116 508 1179 sime
532 1125 630 1200 atquc
652 1115 865 1180 mundissime
889 1118 1087 1200 conscientie
1112 1113 1307 1200 oblatione>
1346 1114 1519 1180 Offerimus
1542 1117 1641 1199 igitur
1663 1126 1695 1179 et
1717 1116 1939 1181 contradimus
1963 1117 2026 1180 deo
2053 1125 2087 1178 et

430 1221 637 1284 sanctissimo
658 1221 728 1284 eius
743 1221 867 1284 martiri
883 1220 1056 1284 Bonifacio
1081 1221 1194 1304 predia
1218 1220 1281 1284 duo
1305 1242 1326 1283 a
1349 1218 1539 1304 parentibus
1562 1220 1682 1283 nostris
1704 1218 1899 1283 hereditario
1923 1221 1992 1284 iure
2015 1218 2087 1283 col-

429 1322 498 1386 lata
528 1323 638 1405 nobis,
672 1320 734 1387 hoc
758 1333 808 1387 ost
830 1325 863 1387 in
885 1324 1003 1408 Hagen
1027 1334 1059 1388 et
1083 1325 1239 1389 Sumerde
1263 1347 1336 1388 cum
1361 1322 1511 1388 omnibus
1536 1324 1602 1386 suis
1626 1324 1845 1408 appendiciis,
1880 1347 1955 1387 eum
1983 1325 2088 1388 certis

429 1435 588 1491 terrarum
611 1449 650 1490 ac
675 1426 830 1491 silvarum
851 1429 1014 1510 termium,
1050 1452 1089 1492 ea
1119 1428 1311 1492 condicione
1340 1428 1585 1511 certissimaque
1613 1429 1764 1511 pactione
1787 1437 1823 1492 ut
1844 1427 1982 1512 predicti
2006 1427 2088 1491 Ful-

430 1529 540 1593 densis
563 1531 752 1594 monasterii
775 1531 876 1594 fatres
898 1531 1021 1594 victum
1044 1541 1076 1594 et
1099 1533 1252 1595 vestitum
1275 1531 1350 1595 inde
1373 1530 1516 1594 habeant
1539 1539 1571 1594 et
1594 1552 1652 1614 pro
1681 1533 1788 1594 anime
1817 1541 1926 1595 nostre
1954 1532 2088 1594 matris-
2111 1544 2147 1590 ro

432 1655 494 1717 que
516 1643 627 1717 nostre
651 1632 822 1718 Glismude
846 1633 1037 1698 liberatione
1060 1657 1174 1718 preces
1198 1636 1315 1718 iugiter
1338 1633 1398 1698 dco
1423 1634 1570 1698 fundant.
