4538 6436
886 431 1010 488 ΟΤΤΟ
1033 433 1058 488 Ι.
1082 427 1153 488 970.
1578 495 1579 498 ¹
1779 421 1844 487 525

301 617 365 676 ond
387 618 417 676 Β
438 617 622 676 verschiedeo
646 616 803 676 lootorrdorr
821 617 1004 690 Tooescloteo
1025 635 1066 676 ru
1088 619 1269 690 bespreoben.
1304 617 1401 676 Beoor
1416 615 1544 690 Stampf
1556 619 1630 677 olme
1644 619 1847 692 sticbboItioeo

301 721 410 780 Grund
431 739 472 780 oo
494 721 546 780 der
563 720 756 794 Oriyioolo'to't
779 739 833 779 oon
856 722 885 780 Β
907 725 967 780 irre
986 723 1140 796 oewordoo
1162 739 1233 792 war,
1257 721 1336 780 hatte
1358 739 1390 779 er
1411 735 1481 782 xvl.
1506 721 1563 780 kal.
1588 724 1660 795 sept.
1685 723 1717 779 io
1740 721 1769 779 Β
1791 719 1847 792 fer

300 827 499 884 eersolrrieben
526 826 646 883 melon.
693 823 792 884 Soloke
820 824 963 898 Doutuoq
991 825 1083 884 roollto
1110 827 1182 884 uber
1203 825 1312 883 Ficler
1334 825 1428 882 Boitr.
1451 828 1483 894 2,
1507 826 1569 884 184
1592 841 1645 882 om
1667 841 1699 882 so
1720 825 1848 898 weomer

297 931 394 1004 polteo
416 930 523 998 loeson,
548 929 589 988 do
611 933 668 988 erst
692 929 785 986 duret
808 929 900 987 dieses
923 929 1040 987 Dolum
1062 948 1088 988 a.
1106 929 1173 1004 imp.
1190 944 1227 991 lx
1250 914 1356 1002 risorio
1375 929 1488 1003 postollt
1512 929 1629 988 worden
1651 931 1701 988 set.
1741 929 1848 988 Fictor

300 1052 364 1092 soor
385 1033 472 1092 dubet
494 1037 657 1106 eutqanpeo
680 1032 749 1091 does
772 1032 888 1089 letrtero
910 1033 1031 1106 Anpobe
1054 1035 1087 1090 iu
1109 1033 1186 1091 olleo
1208 1033 1324 1093 domols
1346 1051 1402 1092 oon
1424 1033 1493 1093 IrH.
1514 1033 1685 1106 oelieferten
1707 1033 1771 1091 med
1792 1036 1847 1092 mit

205 1211 206 1214 Ἴ
301 1137 515 1198 Joouordoton
543 1138 717 1195 oerselrenen
743 1134 814 1194 DD.
847 1137 989 1210 beoeqoet.
1033 1138 1072 1198 So
1094 1155 1177 1196 musa
1199 1139 1264 1196 bier
1285 1137 1357 1196 doeh
1379 1139 1428 1195 eiu
1449 1135 1663 1208 Selreibfelsler
1683 1138 1726 1194 im
1749 1136 1848 1210 Sotae

298 1243 363 1300 seio
385 1240 449 1298 uod
470 1258 553 1299 emor
574 1256 657 1298 moes
680 1257 712 1297 er
733 1241 767 1297 iu
791 1239 819 1296 Β
840 1239 962 1310 stoeben,
994 1238 1035 1297 do
1057 1239 1109 1297 dor
1130 1241 1164 1296 io
1186 1239 1214 1296 A
1236 1222 1430 1297 oereoiclmete
1458 1239 1582 1298 Joouor
1604 1241 1666 1298 970
1696 1239 1847 1298 ourctoos

298 1363 339 1402 eu
361 1345 456 1402 Porio
473 1347 569 1416 posst.
612 1343 655 1401 Ee
677 1343 759 1400 raon
782 1343 852 1400 eber
874 1343 950 1400 ouolr
972 1341 1055 1400 douo
1076 1342 1149 1400 noch
1172 1343 1220 1400 die
1237 1343 1336 1416 Frooe
1357 1341 1565 1415 ousoeworfeo
1587 1341 1712 1413 werden,
1735 1344 1769 1401 ob
1793 1343 1846 1402 dos

300 1447 465 1518 &ereptor
486 1447 541 1503 mit
564 1446 715 1518 riohtioem
736 1443 853 1502 Dolum
876 1445 947 1504 oder
968 1445 1022 1504 dos
1045 1447 1099 1504 mit
1122 1447 1317 1519 ouriclrtiyeor
1347 1445 1401 1504 dos
1429 1449 1529 1503 rueret
1559 1443 1768 1517 ousoefertiote
1797 1447 1845 1504 ist.

302 1549 364 1608 Voo
391 1551 541 1622 sonetiqeu
565 1548 727 1606 Varianten
756 1548 863 1606 leonte
890 1549 1040 1608 horestone
1062 1551 1135 1609 noch
1156 1553 1190 1608 io
1212 1550 1353 1608 Betroolrt
1372 1566 1497 1622 orroeon
1520 1547 1634 1606 werden
1657 1548 1726 1607 does
1758 1550 1846 1608 situm

301 1655 346 1710 est
369 1655 400 1710 er
423 1653 452 1710 Β
474 1653 518 1710 ols
539 1653 752 1723 Verbessoruoo
774 1668 830 1709 oon
852 1652 938 1710 situm
963 1655 992 1710 et
1014 1655 1047 1710 io
1069 1653 1098 1711 A
1121 1655 1270 1713 ersobeint.
1311 1653 1390 1712 Abor
1411 1652 1451 1711 du
1479 1652 1564 1722 Lm,
1597 1654 1652 1709 tote
1677 1651 1771 1726 ploiek
1801 1652 1848 1710 die

300 1759 396 1813 ersten
418 1755 517 1814 Worte
539 1754 679 1824 (loretum,
710 1754 788 1811 nicht
812 1755 941 1812 coortlr'elr
965 1757 1059 1827 oopirt
1081 1756 1140 1826 hot,
1171 1773 1290 1829 oermoo
1312 1757 1391 1814 diosc
1413 1755 1566 1827 Differoor
1586 1756 1666 1813 oiolt
1689 1755 1746 1813 den
1769 1755 1847 1814 Aus-

299 1860 396 1932 sollop
424 1878 464 1918 aa
489 1861 589 1933 orben.
629 1858 747 1917 Auders
775 1859 850 1916 stelit
879 1874 908 1915 es
937 1859 991 1915 mit
1020 1858 1076 1916 den
1098 1860 1266 1917 aweienden
1287 1858 1396 1918 Dotem.
1436 1859 1524 1918 Sollte
1546 1858 1616 1918 ΒΗ.
1640 1860 1686 1917 bei
1709 1856 1848 1930 foul-orer

300 1960 502 2036 Ansertiouop
524 1981 580 2021 oon
603 1962 632 2019 Β
654 1964 738 2020 cireen
754 1962 862 2020 Felrler
884 1964 924 2018 ior
941 1963 1169 2020 Monotsnomeu
1189 1964 1331 2036 consociet,
1356 1964 1409 2020 ibn
1431 1963 1501 2022 uber
1522 1964 1597 2020 belm
1612 1962 1778 2022 Moodiren
1793 1981 1847 2022 oon

291 2051 328 2121 'A
351 2067 604 2140 orobryenommen
627 2065 690 2123 uod
711 2066 744 2122 io
767 2065 793 2121 A
817 2065 982 2122 comedes
1003 2066 1105 2135 leuben,
1129 2082 1161 2124 so
1184 2066 1264 2124 britte
1285 2083 1319 2123 er
1341 2065 1414 2123 wobl
1435 2067 1511 2124 acob
1533 2066 1605 2124 ooolt
1628 2066 1658 2123 Β
1679 2067 1847 2127 verbessert.

301 2169 419 2228 Seuero
442 2186 474 2226 er
496 2169 624 2242 dooeyeo
647 2168 677 2226 Β
697 2169 773 2226 noch
794 2167 824 2225 A
847 2168 910 2248 uod
933 2172 1006 2226 <two
1029 2173 1086 2227 orst
1115 2169 1189 2228 noct
1219 2170 1367 2227 mebroren
1389 2168 1549 2238 Maeotae,
1582 2169 1622 2227 do
1649 2170 1711 2227 ihm
1739 2170 1861 2228 undere

300 2272 454 2344 Deliruop
477 2274 581 2331 beroits
601 2270 729 2344 oelciofio
751 2289 823 2341 soor,
846 2288 878 2329 so
900 2271 1007 2330 konote
1029 2289 1061 2330 er
1083 2271 1167 2330 leieht
1190 2274 1223 2328 to
1245 2273 1310 2329 olom
1332 2274 1453 2330 awriten
1468 2273 1717 2345 Exemplorum
1734 2273 1848 2332 solohou

301 2373 515 2446 Sobreibfobler
536 2375 687 2445 versellen.
726 2373 817 2432 Doro
846 2375 956 2433 lcootort
985 2377 1033 2433 ein
1062 2376 1187 2433 underer
1214 2374 1270 2446 fiir
1292 2375 1339 2432 die
1360 2375 1505 2434 Potoritot
1529 2393 1583 2434 eon
1605 2375 1635 2434 A
1656 2377 1849 2449 spreobooder

243 2511 244 2516 κ
303 2479 456 2538 Umstood.
494 2478 559 2538 ΒΟ.
584 2481 647 2538 385
670 2479 801 2538 schliesst
823 2480 884 2537 siole
906 2481 939 2536 o'o
962 2479 1026 2536 olem
1046 2483 1181 2553 proestare
1207 2480 1306 2538 Thalle
1328 2480 1380 2537 der
1402 2480 1543 2552 Fussuoo
1567 2498 1607 2537 ao
1629 2479 1697 2540 Do.
1722 2483 1785 2540 383
1807 2499 1848 2540 oo

300 2583 364 2640 uod
383 2600 515 2656 percooer
526 2587 627 2656 ycsoot
643 2600 683 2641 oo
699 2583 753 2641 dos
769 2582 934 2654 Eroumlor
947 2581 984 2652 A,
1008 2600 1040 2642 so
1063 2583 1132 2642 dass
1156 2584 1248 2642 dieses
1271 2583 1341 2642 oder
1363 2586 1536 2658 weoiosteos
1558 2584 1612 2642 dos
1636 2586 1754 2657 etoooioe
1772 2582 1847 2642 Con-

300 2690 362 2760 cept
384 2689 472 2746 selon
489 2689 534 2746 bei
557 2687 609 2745 der
623 2685 816 2759 Ausstellony
838 2704 893 2744 ooo
915 2685 984 2746 ΒΟ.
1001 2690 1064 2746 385
1088 2690 1205 2746 existirt
1227 2689 1320 2746 leuben
1344 2705 1434 2747 orosa.
1475 2687 1578 2746 Iodom
1598 2689 1642 2746 iob
1657 2690 1744 2747 somit
1759 2687 1793 2758 A
1803 2688 1848 2746 ele

300 2796 374 2852 erote
397 2791 614 2865 Ausfmtiouoo
638 2792 790 2860 betroelrte,
815 2791 887 2849 bote
909 2793 955 2849 ich
978 2808 1007 2850 es
1029 2792 1105 2850 ouolr
1127 2792 1192 2850 deor
1218 2793 1306 2850 Teate
1327 2811 1367 2850 aa
1387 2792 1511 2852 Grande
1529 2791 1631 2865 oeleqt.

303 2981 361 3060 (0.)
391 2978 405 3056 ξ
432 2978 472 3044 In
500 2978 631 3042 nomine
661 2985 794 3061 sanctae
824 2986 856 3040 et
882 2975 1046 3062 individue
1077 2978 1241 3042 trinitatis.
1287 2977 1364 3043 Otto
1389 2977 1501 3043 divina
1523 2978 1655 3043 favente
1677 2977 1849 3043 clementia

198 3085 375 3168 imperator
397 3091 566 3167 augustus.
654 3081 813 3146 Noverint
836 3102 947 3146 omnes
969 3080 1084 3146 fideles
1107 3083 1211 3146 nostri
1233 3091 1301 3146 tam
1323 3093 1490 3167 presentes
1513 3105 1611 3168 quam
1633 3083 1647 3166 ξ
1670 3081 1794 3146 seilicet
1815 3092 1848 3147 et

148 3197 181 3246 ao
199 3189 297 3254 futuri
309 3197 331 3269 ⁸,
355 3187 494 3271 qualiter
515 3208 576 3252 nos
599 3186 784 3250 interventu
807 3183 924 3269 dileetq
948 3185 1097 3268 coniugis
1120 3196 1230 3270 nostre
1254 3185 1446 3250 Adalheidis
1469 3186 1591 3273 filiique
1614 3197 1646 3250 et
1669 3187 1847 3271 coimpera-

199 3294 278 3357 toris
301 3291 403 3356 nostri
427 3289 567 3372 Ottonis,
592 3311 650 3374 pro
674 3297 761 3352 statu
783 3287 835 3352 vel
857 3287 1080 3354 incolomitate
1102 3291 1193 3374 regni
1222 3288 1279 3354 etb
1308 3290 1434 3374 imperii
1461 3291 1564 3354 nostri
1588 3290 1753 3376 quoddam
1776 3311 1846 3375 pre-

199 3395 311 3462 diumc
334 3394 423 3481 quod
439 3393 662 3459 Guntramnus
686 3391 792 3457 fidelis
819 3402 931 3458 noster
959 3413 1001 3456 ex
1029 3415 1087 3457 suo
1112 3416 1233 3479 sueque
1256 3394 1403 3476 coniugis
1426 3394 1558 3479 proprio
1581 3394 1615 3459 in
1636 3392 1722 3458 villis
1745 3393 1847 3458 Uuik·

199 3501 281 3566 kara
301 3509 335 3564 et
356 3495 561 3565 Noranstatd
584 3487 759 3562 nominatis
782 3495 877 3561 nobis
901 3495 1044 3580 tradidit,
1066 3499 1263 3562 monasterio
1287 3498 1392 3562 sancti
1415 3496 1570 3562 Iohannis
1591 3497 1735 3583 baptiste
1759 3496 1849 3583 quod

198 3604 232 3668 in
254 3602 409 3670 suburbio
433 3601 730 3688 Magadeburgensi
753 3602 850 3666 situm
873 3609 905 3664 et
917 3611 939 3683 ⁰,
969 3623 1043 3666 eum
1067 3600 1217 3666 omnibus
1241 3601 1444 3686 appendiciis
1467 3610 1499 3665 et
1522 3600 1732 3682 utilitatibus,
1764 3600 1848 3664 sicut

148 3715 181 3762 30
199 3706 285 3772 idem
313 3705 538 3772 Guntramnus
568 3705 724 3770 haetenus
755 3703 923 3790 possidere
952 3705 1042 3768 visus
1074 3715 1137 3785 est,
1170 3714 1238 3768 tam
1266 3705 1297 3769 in
1330 3706 1501 3790 mancipiis
1530 3728 1627 3791 quam
1656 3704 1792 3789 edificiis
1816 3712 1848 3767 et

198 3811 293 3874 tertia
316 3821 407 3895 parte
431 3811 526 3874 unius
550 3805 753 3872 aeeclesiac‘
776 3808 894 3870 vinetis
918 3809 1019 3893 pratis
1043 3809 1174 3893 pascuis
1198 3807 1287 3872 silvis
1311 3811 1405 3894 aquis
1428 3831 1626 3894 aquarumve
1656 3807 1846 3872 decursibus

199 3913 340 3978 exitibus
364 3923 396 3978 et
417 3913 575 3978 reditibus
604 3913 738 3998 quesitis
768 3921 800 3975 et
828 3911 1046 3996 inquirendis,
1076 3913 1220 3997 inpage
1245 3921 1277 3975 et
1299 3914 1455 3977 comitatu
1479 3911 1773 3996 Kuningessundra
1795 3914 1848 3976 cui

199 4016 318 4082 lmmat
335 4039 444 4082 comes
467 4025 624 4103 preesseg
646 4016 783 4096 videtur,
807 4015 850 4078 ad
873 4038 956 4100 opus
980 4015 1213 4081 monachorum
1236 4018 1269 4079 in
1293 4017 1473 4102 prescripto
1493 4018 1691 4081 monasterio
1708 4015 1769 4080 deo
1787 4015 1846 4080 sub

198 4120 311 4204 regula
339 4123 443 4185 sancti
467 4119 637 4185 Benedicti
668 4119 876 4183 servientium
906 4117 1084 4184 liberaliter
1114 4119 1306 4200 obtulimus,
1337 4128 1374 4183 ut
1395 4127 1526 4183 teneant
1549 4128 1581 4183 et
1603 4119 1794 4205 possideant
1816 4129 1849 4182 et

148 4239 181 4286 ³5
201 4226 266 4289 suis
290 4235 325 4288 ut
347 4249 398 4289 res
420 4227 619 4290 monasticas
642 4225 735 4288 iuxta
758 4221 886 4286 libitum
909 4222 1021 4287 usibus
1052 4223 1242 4306 adiungant.
1287 4223 1331 4286 Et
1353 4231 1388 4286 ut
1410 4221 1473 4288 hoe
1496 4223 1715 4308 munificentie
1738 4233 1847 4307 nostre

198 4350 315 4392 munus
337 4328 466 4393 firmum
489 4338 521 4392 et
544 4325 660 4391 stabile
682 4335 873 4412 permaneat
902 4337 933 4390 et
964 4348 984 4389 a
1012 4328 1133 4391 nostris
1162 4322 1386 4410 sanctaequel
1416 4325 1466 4389 dei
1490 4324 1667 4410 eeclesiaei
1696 4325 1847 4390 fidelibus

199 4431 308 4496 verius
337 4430 504 4514 credatur,
535 4439 661 4495 cartam
688 4430 774 4493 hanc
804 4429 967 4494 conscribi
990 4441 1022 4494 et
1044 4430 1133 4495 anuli
1157 4431 1260 4495 nostri
1289 4432 1504 4514 impressione
1533 4432 1655 4514 signari
1683 4432 1846 4511 iussimus,

200 4558 297 4620 quam
321 4545 353 4599 et
375 4557 474 4600 manu
496 4535 630 4620 propria
654 4533 768 4599 subtus
791 4534 1001 4598 firmavimus.

301 4691 315 4772 ll
337 4688 473 4775 Signum
496 4689 607 4755 domni
632 4687 761 4754 Ottonis
785 4690 895 4774 magni
919 4699 950 4753 et
972 4690 1177 4754 invictissimi
1203 4693 1267 4772 (M.)
1290 4693 1499 4777 imperatoris
1522 4693 1661 4776 augusti.
1684 4695 1698 4778 ξ

148 4831 181 4879 40
300 4813 315 4898 ξ
337 4810 544 4898 Liudgeruel
559 4811 789 4879 cancellarius¹
804 4812 951 4878 advicem
959 4812 1115 4878 Hattonis
1129 4812 1407 4899 archicappellani
1418 4823 1438 4852 ¹¹¹
1451 4815 1572 4878 notavi.
1584 4810 1598 4892 l
1609 4814 1667 4894 (SI.
1681 4813 1751 4895 D.)¹¹
1766 4813 1848 4893 (SR.)

304 4967 392 5032 Data
406 4984 478 5033 xv1.
494 4966 562 5033 kal.
578 4967 642 5032 feb.
656 4974 667 5004 ⁰
690 4988 777 5032 anno
795 4966 978 5031 dominicae
996 4968 1232 5035 incarnationis
1249 4985 1442 5052 ncccctxx,
1466 4968 1643 5033 indictione
1659 4985 1735 5050 xm,
1761 4989 1846 5032 anno

199 5073 326 5158 imperii
348 5071 460 5138 domni
477 5069 609 5136 Ottonis
632 5072 838 5155 imperatoris
861 5072 991 5154 augusti
1007 5073 1141 5137 maioris
1158 5090 1246 5156 vnn,
1269 5071 1327 5137 filii
1343 5094 1422 5138 vero
1439 5073 1507 5136 eius
1524 5089 1580 5155 1113
1604 5081 1714 5136 actum
1729 5071 1846 5156 Papie3

199 5176 233 5240 in
255 5174 307 5240 dei
330 5175 461 5241 nomine
485 5174 647 5240 feliciterp
670 5196 776 5240 amen.

286 5363 344 5416 ³8³.
372 5362 481 5433 [Siekel]
585 5369 610 5428 a)
629 5366 666 5428 A,
693 5367 797 5416 noverit
822 5367 937 5414 omnium
962 5364 1078 5414 fidelium
1104 5371 1253 5416 nostrorum
1277 5372 1331 5416 tam
1355 5367 1517 5431 presentium
1540 5382 1618 5433 quam
1643 5365 1791 5416 futurorum
1810 5367 1848 5417 in·

148 5434 182 5481 45
369 5435 470 5486 dustria
492 5435 531 5497 B,
561 5434 651 5486 ἅωοη
677 5435 835 5499 oerlllnqerte
862 5432 962 5498 Sebrifl
988 5434 1027 5484 oie
1053 5435 1166 5500 qualiter
1192 5436 1274 5486 rateto
1386 5437 1414 5496 b)
1432 5436 1475 5485 vel
1500 5435 1525 5485 Β
1633 5437 1657 5496 c)
1678 5435 1800 5501 predium
1823 5435 1850 5486 B

371 5505 397 5568 d)
415 5506 550 5556 Norinstat
573 5504 599 5555 B
709 5503 733 5570 e)
751 5511 790 5554 est
814 5503 839 5553 Β
949 5503 1119 5570 ancclesie
1142 5504 1169 5555 B
1281 5506 1309 5574 g)
1325 5521 1431 5570 preesse
1455 5504 1480 5555 Β
1592 5505 1620 5566 h)
1639 5511 1799 5570 sanctaeque
1823 5504 1850 5555 Β

370 5573 390 5639 i)
409 5573 539 5640 aecclesie
563 5572 588 5623 Β
690 5573 718 5636 k)
739 5575 767 5622 in
794 5572 817 5623 A
843 5588 874 5621 ru
901 5574 1030 5624 Lindertm
1059 5591 1077 5640 g
1103 5572 1303 5639 uocbqetroyen,
1329 5575 1488 5641 Lindigerus
1512 5573 1537 5623 Β
1646 5576 1664 5638 l)
1682 5577 1800 5625 notarius
1823 5574 1850 5625 B

370 5661 406 5742 m)
417 5659 632 5780 Srchieapellani
655 5659 682 5710 Β
785 5669 813 5721 n)
835 5657 958 5710 utbrend
977 5660 1002 5709 Β
1021 5662 1066 5710 mit
1090 5661 1129 5711 SI.
1148 5663 1174 5710 4.
1193 5659 1314 5712 roselon
1331 5662 1364 5711 ist
1469 5662 1496 5720 o)
1514 5647 1591 5726 septb
1609 5661 1635 5710 Β
1740 5665 1767 5728 p)
1780 5659 1849 5724 suble

370 5743 399 5780 m
443 5763 449 5778 .
