4508 6428
421 417 485 484 352
1017 423 1472 483 KAISERURKUNDEN.

332 633 334 638 ‘
421 612 512 695 ipsas
535 619 638 674 terras
661 617 693 672 et
715 606 823 671 waldu
846 607 1002 671 antedicti
1025 608 1212 671 monasterii
1235 616 1268 670 et
1290 605 1389 672 aliam
1411 616 1532 670 terram
1555 607 1672 692 profati
1703 609 1834 672 cenovii
1867 631 1939 696 que
1971 608 2100 672 dicitur

422 711 461 777 (16
485 714 623 778 Tortora
646 723 678 776 et
700 723 801 776 terras
828 708 967 774 aliorum
995 709 1164 774 hominum
1193 711 1280 795 quod
1310 710 1354 774 ibi
1385 711 1500 775 affines
1530 719 1620 791 sunt,
1655 720 1686 774 et
1716 714 1802 775 sicut
1832 715 1961 796 incipit
1995 735 2099 796 super

421 817 527 900 ipsam
549 817 710 901 piscinam
733 824 765 878 et
788 812 926 898 qualiter
948 812 1087 878 revolvit
1109 815 1197 876 circa
1219 815 1290 898 ipsa
1315 823 1401 877 terra
1425 813 1466 878 de
1489 813 1605 878 eodem
1621 813 1729 878 waldo
1747 824 1779 878 et
1796 818 1867 880 iam
1887 815 1986 879 dicta
2006 825 2096 879 terra

422 942 483 1005 que
514 919 632 983 dicitur
660 918 700 982 (16
730 918 871 982 Tortora
899 927 931 981 et
957 917 1048 981 vadit
1077 915 1121 980 ad
1148 918 1255 1000 ipsam
1285 916 1468 982 Pantanmn
1499 917 1636 1003 predicti
1664 921 1855 983 monasterii
1883 929 1918 982 ct
1943 917 2098 1004 qualiter

356 1033 359 1040 “
420 1022 512 1088 vadit
534 1033 566 1087 61
588 1023 715 1109 perexit
737 1022 923 1107 peripsum
946 1019 1129 1085 Pantanum
1153 1030 1185 1084 et
1208 1019 1291 1085 silva
1321 1031 1352 1086 61
1381 1020 1535 1106 paludem
1564 1043 1666 1107 nsque
1694 1024 1728 1087 in
1756 1025 1868 1107 ipsum
1893 1023 2128 1108 Frigidum‚a

420 1150 440 1190 a
463 1136 579 1213 quarta
607 1135 717 1190 autem
744 1134 836 1209 parte
865 1146 967 1210 usque
995 1125 1028 1186 in
1055 1126 1123 1188 iam
1151 1122 1274 1188 dictum
1301 1123 1471 1207 Frigidum
1501 1133 1532 1190 et
1555 1124 1735 1209 predictam
1758 1125 1916 1188 Laneam
1940 1161 1990 1170 -—
2014 1148 2092 1190 cunr

420 1229 570 1295 omnibus
594 1252 656 1315 que
679 1229 764 1293 infra
787 1228 847 1292 has
869 1228 950 1292 fines
974 1229 1181 1292 6666161661ιι
1203 1226 1256 1290 161
1278 1237 1419 1309 manent,
1443 1229 1521 1292 item
1543 1228 1661 1293 cellam
1677 1231 1780 1292 sancti
1797 1229 1975 1293 Uinccntii
2001 1230 2092 1294 infra

418 1335 584 1398 civitatem
600 1330 784 1418 Neapolim,
808 1330 927 1396 cellam
950 1331 1054 1396 sancti
1070 1330 1235 1396 Vincentii
1255 1329 1295 1394 (16
1312 1330 1431 1414 Cume,
1454 1329 1539 1394 cella
1563 1334 1666 1395 sancti
1691 1347 1762 1396 Petri
1785 1333 1883 1396 iuxta
1909 1333 2091 1396 civitatem

418 1453 631 1505 Beneventanum
655 1458 757 1523 prope
780 1452 862 1501 fluvio
885 1449 1009 1512 Sabbas,
1045 1435 1161 1500 cellam
1191 1445 1302 1499 sancte
1325 1434 1428 1498 Maria
1452 1434 1492 1499 de
1516 1432 1694 1499 Castanetu
1724 1459 1785 1521 quc
1816 1445 1868 1500 est
1899 1437 1936 1500 iu
1971 1447 2089 1500 castro

418 1543 573 1624 Pinian0,
605 1540 723 1606 cellam
747 1541 852 1604 sancti
875 1540 979 1603 Marci
1003 1537 1042 1602 de
1065 1538 1162 1603 Petra
1185 1537 1376 1621 Outuliana,
1408 1538 1527 1603 cellam
1550 1541 1653 1602 sancti
1673 1539 1759 1602 Petri
1783 1538 1823 1602 de
1847 1539 1986 1624 Uipera
2009 1563 2089 1604 cum
2110 1555 2139 1600 ro

417 1647 489 1730 ipsc
514 1644 624 1709 casale
649 1645 703 1730 qui
727 1641 846 1706 dicitur
869 1641 990 1722 Leoni,
1014 1640 1130 1706 cellam
1154 1652 1267 1705 sancte
1289 1641 1393 1706 Marie
1417 1641 1457 1706 (16
1479 1642 1619 1724 Planisi,
1645 1641 1761 1706 cellam
1784 1645 1892 1706 sancti
1917 1643 2087 1708 Iohannis

418 1747 458 1813 de
483 1749 619 1832 Lucere,
647 1747 765 1813 cellam
788 1756 900 1810 sancte
923 1745 1026 1809 Maria
1050 1744 1090 1809 dc
1114 1745 1266 1830 Quinque
1288 1743 1390 1826 Milia,
1420 1743 1537 1809 cellam
1560 1746 1665 1808 sancti
1690 1744 1855 1808 Uinccntii
1881 1745 1924 1809 de
1950 1745 2086 1828 Telesc,

418 1852 535 1917 cellam
559 1853 662 1916 sancti
685 1849 841 1914 Iohannis
865 1848 905 1913 de
929 1849 1049 1912 Lisene
1072 1869 1146 1913 cum
1169 1850 1243 1932 ipsa
1265 1847 1396 1932 molina,
1421 1848 1539 1913 cellam
1561 1850 1665 1913 sancti
1688 1847 1868 1914 Eleutherii
1892 1852 1928 1914 in
1954 1851 2087 1916 Fundi-

416 1956 524 2038 liano,
555 1955 673 2020 cellam
696 1963 808 2019 sancte
831 1953 935 2017 Maris
957 1951 997 2016 de
1020 1952 1111 2015 Loco
1138 1974 1233 2035 sano,
1268 1949 1386 2016 cellam
1408 1954 1513 2016 sancti
1536 1952 1700 2016 Uinccntii
1724 1953 1763 2016 dc
1786 1953 1919 2036 Tocco,
1959 1953 2087 2018 cellam

417 2061 502 2124 infra
518 2073 711 2124 Salernitanum
727 2057 891 2121 civitatem
913 2055 1126 2122 inhonorem
1148 2074 1233 2122 suncti
1256 2074 1365 2139 Georgii
1388 2067 1611 2122 constructam
1632 2080 1707 2122 cum
1730 2057 1884 2122 omnibus
1909 2062 1985 2123 suis
2010 2083 2085 2145 per·
2106 2079 2136 2124 15

417 2165 571 2246 tinentiis,
595 2162 713 2227 cellam
737 2164 840 2226 sancti
863 2159 1030 2224 Ualentini
1053 2163 1086 2226 in
1108 2161 1208 2226 iluvio
1231 2162 1420 2245 Uixentino,
1453 2163 1557 2226 sancti
1581 2161 1745 2226 Uinccntii
1768 2160 1889 2226 cellam
1913 2164 1951 2226 in
1976 2164 2084 2228 116116

416 2270 593 2350 Τ66616116,
621 2264 737 2330 6611616
761 2267 865 2330 666611
887 2265 1052 2330 Uinccntii
1074 2267 1107 2329 in
1129 2265 1229 2330 fluvio
1253 2266 1362 2330 Tcnsa
1386 2275 1417 2328 61
1441 2266 1551 2329 omnia
1573 2264 1705 2328 adium
1728 2264 1877 2329 dictam⁰
1902 2265 2085 2334 abbatiam

416 2372 611 2457 pertinentia
634 2393 710 2436 cum
733 2368 883 2435 omnibus
906 2369 980 2432 aliis
1003 2367 1139 2454 capellis
1163 2378 1195 2434 et
1217 2371 1419 2454 pertinentiis
1443 2392 1571 2451 earum,
1606 2390 1681 2433 cum
1703 2368 1846 2433 castellis
1872 2369 1967 2434 villis
1993 2374 2085 2434 casis

417 2477 615 2540 massariciis
639 2476 762 2540 mansis
785 2473 875 2538 silvis
899 2474 1031 2558 pascuis
1054 2470 1282 2536 venationibus
1306 2471 1542 2556 piscationibus
1558 2473 1662 2537 116616
1682 2472 1823 2537 arbustis
1841 2475 1954 2556 pratis
1973 2476 2084 2537 servis

415 2578 544 2644 ancillis
567 2576 753 2644 aldionibus
776 2577 916 2642 aldianis
939 2575 1211 2640 reddivitionibus
1233 2597 1293 2639 nec
1315 2597 1381 2639 non
1404 2597 1479 2641 cum
1503 2576 1652 2642 omnibus
1676 2598 1737 2662 que
1760 2574 1824 2639 dici
1848 2585 1883 2639 61
1906 2579 2134 2641 nominarim

415 2693 569 2770 possunt,
603 2685 637 2748 in
659 2682 786 2770 prefato
810 2681 1007 2746 monasterio
1031 2679 1242 2744 concedimus
1265 2688 1297 2742 ct
1319 2679 1565 2761 confirmamus,
1599 2701 1639 2742 ea
1661 2678 1811 2742 videlicet
1836 2681 1973 2745 ratione
1999 2704 2083 2767 qua-

415 2792 502 2855 tinus
526 2790 770 2875 prenominatus
794 2785 899 2850 abbas
922 2793 954 2848 61
976 2786 1052 2849 suia
1075 2805 1281 2848 successores
1305 2781 1345 2846 de
1370 2783 1520 2849 omnibus
1539 2782 1682 2848 castellis
1700 2782 1885 2868 otcapellis
1903 2785 2082 2850 cancellis

414 2892 466 2956 vel
497 2892 702 2956 monasteriis
732 2899 800 2953 tam
827 2891 859 2953 in
889 2886 952 2951 hoo
982 2897 1135 2973 precepto
1168 2909 1329 2972 quamque
1358 2891 1392 2951 in
1420 2886 1494 2952 aliis
1523 2889 1684 2973 preceptis
1715 2887 1946 2954 offertionibus
1976 2898 2081 2974 atque

415 2994 646 3082 scriptionibus
677 3017 739 3080 quc
768 2995 935 3057 continere
964 2990 1131 3072 videntur,
1166 2990 1311 3056 habeant
1341 3001 1538 3075 potestatem
1566 2991 1697 3055 tenendi
1727 2993 1810 3055 iuste
1840 2993 2079 3058 commutandi

414 3101 546 3186 regendi
569 3098 762 3184 regulariter
783 3095 963 3162 instruendi
979 3095 1031 3160 vel
1054 3097 1210 3183 quicquid
1232 3099 1353 3160 iustum
1376 3098 1423 3160 cis
1439 3098 1546 3162 visum
1568 3098 1665 3160 fuerit
1686 3095 1830 3160 faciendi
1847 3095 1980 3182 absque
1997 3121 2080 3164 con·
2098 3110 2130 3156 25

413 3204 608 3268 tradictione
637 3200 856 3288 quorumlibet
885 3200 1065 3265 hominum.
1110 3198 1281 3265 Sancimus
1311 3201 1445 3285 insuper
1472 3209 1504 3264 61
1531 3207 1643 3264 nostra
1672 3198 1830 3284 imperiali
1860 3200 2079 3266 institutione

413 3305 665 3372 corroboramus
688 3325 726 3384 ut,
749 3321 771 3369 61
795 3315 886 3384 aliquo
907 3305 940 3367 111
956 3313 1102 3388 tempore
1125 3320 1201 3370 horta
1223 3319 1304 3369 fuerit
1326 3321 1460 3369 contentio
1484 3318 1516 3369 de
1538 3319 1618 3368 rebus
1640 3304 1706 3366 lam
1722 3303 1880 3367 nominati
1905 3323 2077 3380 niquitatem,

413 3411 521 3476 nullus
550 3409 671 3474 audeat
699 3409 854 3493 deinceps
883 3430 941 3492 per
969 3417 1142 3492 parentum
1165 3408 1390 3494 possessiones
1413 3406 1722 3493 ipsas-hereditates
1745 3406 1889 3472 residere
1912 3408 1969 3472 vel
1996 3432 2077 3475 con-

413 3512 545 3578 tendere
560 3521 736 3599 presumat,
760 3517 899 3594 excepto
915 3531 973 3595 per
988 3511 1177 3576 verissimas
1193 3509 1336 3575 cartulas
1352 3521 1384 3574 61
1398 3513 1502 3575 iustas
1519 3512 1800 3595 consignationem
1823 3533 1942 3575 verum
1959 3521 2076 3577 tamen

413 3619 586 3681 statuimus
609 3625 706 3701 atque
728 3614 897 3679 firmamus
921 3612 962 3678 ob
986 3635 1098 3679 amore
1121 3623 1230 3679 eterne
1251 3615 1318 3678 vite
1341 3624 1373 3679 et
1397 3614 1598 3680 orationibus
1626 3614 1763 3679 fratrum
1786 3636 1929 3699 quorum
1953 3635 2125 3701 preessae

413 3721 601 3802 annuimus,
635 3728 671 3783 ut
698 3720 805 3803 ipsam
835 3739 963 3803 semper
989 3716 1093 3802 legem
1116 3740 1175 3803 per
1197 3741 1356 3782 annorum
1379 3718 1541 3783 curricula
1564 3740 1641 3803 pars
1664 3713 1801 3803 predicti
1825 3719 1959 3783 cenobii
1984 3723 2074 3785 acci-

403 3825 482 3908 piat
509 3822 550 3887 de
579 3821 729 3886 omnibus
759 3823 825 3886 suis
855 3823 1025 3886 territoriis
1056 3821 1098 3886 ab
1130 3821 1280 3887 omnibus
1309 3820 1495 3886 hominibus
1526 3845 1623 3908 quarn
1652 3823 1792 3886 instituit
1821 3820 1978 3888 Astulfus
2010 3847 2073 3888 rex

412 3925 709 4010 Langobardorum
732 3924 772 3989 (16
795 3924 957 4008 ecclesiis3
980 3947 1058 3990 nam
1080 3947 1122 3988 ex
1146 3947 1185 3988 66
1208 3947 1337 4011 quoque
1360 3947 1395 3988 re
1417 3923 1472 3988 lex
1495 3924 1561 3988 alia
1583 3947 1643 3988 666
1665 3925 1843 4008 recipiatur
1864 3947 1928 3988 nec
1948 3949 1970 3989 a
1990 3949 2073 4011 qua·
2161 3983 2167 3994 .

412 4029 492 4094 libet
515 4029 649 4095 ulterius
672 4029 834 4093 iudicetur
856 4051 1012 4115 persona3
1037 4030 1063 4092 si
1087 4050 1165 4092 vero
1188 4028 1285 4093 fuerit
1307 4030 1472 4092 contentio
1496 4027 1536 4090 do
1560 4030 1660 4092 661116
1678 4028 1730 4092 161
1753 4028 1793 4091 (16
1817 4026 1885 4091 alia
1908 4052 2072 4115 quacum-

412 4156 474 4219 que
490 4156 524 4198 re
540 4134 624 4196 inter
647 4132 789 4218 aliquem
804 4133 946 4197 vicinum
971 4155 1065 4197 suum
1088 4155 1146 4197 seu
1169 4131 1438 4218 qualemcumque
1461 4133 1635 4214 hominem,
1659 4130 1757 4196 liceat
1772 4133 1818 4195 eis
1835 4155 1871 4195 se
1888 4131 2072 4198 defendere
2090 4153 2122 4198 as

412 4237 496 4300 sicut
518 4237 627 4321 prisca
649 4235 850 4301 consuetudo
872 4237 934 4301 fuit
957 4259 1015 4319 per
1037 4238 1203 4300 scariones
1227 4235 1372 4300 eiusdem
1394 4239 1593 4318 monasterii,
1617 4259 1676 4300 nec
1700 4235 1820 4300 audeat
1836 4233 1959 4321 aliquis
1974 4241 2070 4323 ipsos

412 4338 549 4405 abbates
578 4340 630 4405 161
660 4339 839 4406 1116666166
869 4339 913 4403 ad
941 4349 1179 4405 sacramentum
1208 4342 1346 4405 invitare
1375 4341 1464 4426 quod
1493 4353 1607 4405 contra
1637 4340 1748 4404 divina
1777 4343 2011 4406 auctoritatem
2037 4352 2071 4406 61

411 4453 526 4508 contra
542 4443 656 4531 regula
674 4453 733 4509 esi.
767 4459 946 4523 Pracipientes
968 4459 1077 4524 insuper
1099 4459 1221 4508 iubemus
1244 4464 1274 4508 61
1296 4458 1386 4509 661166
1408 4468 1467 4509 rex
1490 4460 1543 4510 (161(
1565 4447 1717 4530 princeps
1740 4459 1856 4508 marchio
1880 4475 1973 4508 comes
1996 4462 2069 4510 ricc·

410 4581 497 4614 comes
525 4565 678 4633 gastaldeus
708 4548 852 4614 sculdais
881 4548 932 4612 vel
963 4546 1080 4632 aliquis
1110 4546 1240 4633 puplice
1268 4550 1314 4612 161
1338 4559 1475 4614 exactor
1496 4551 1563 4612 iam
1586 4549 1709 4613 dictum
1732 4545 1888 4610 abbatem
1910 4546 1967 4610 vel
1993 4570 2069 4613 suc-

409 4676 555 4719 cessores
579 4677 655 4720 6666
679 4664 735 4718 661
759 4653 939 4718 monachos
962 4675 1004 4715 ex
1027 4653 1096 4715 eius
1113 4653 1249 4716 cenovio
1265 4651 1317 4717 vel
1339 4655 1408 4718 cius
1424 4651 1514 4718 cellis
1538 4653 1717 4738 inquietare
1739 4650 1863 4714 laniare
1879 4650 1922 4714 de
1939 4651 2068 4736 prediis
2088 4667 2121 4716 1ο

409 4760 597 4824 (6666616111
627 4769 684 4824 661
713 4756 876 4844 aliquibus
904 4755 1002 4820 rebus
1031 4753 1201 4819 disvestire
1230 4765 1286 4820 661
1314 4779 1373 4841 per
1401 4755 1523 4841 placita
1547 4755 1705 4819 secularia
1728 4753 1846 4818 ducere
1870 4761 2069 4834 [pransuri.i

409 4878 567 4942 Recepimus
595 4883 715 4943 preterea
741 4879 909 4940 pretaxatum
937 4874 1125 4923 monasterinm
1154 4889 1213 4923 cum
1241 4874 1363 4924 omnibus
1385 4875 1530 4938 pretaxatis
1552 4875 1718 4924 monasteriis
1741 4889 1772 4924 ac
1794 4873 1869 4923 collis
1892 4876 1977 4925 rebus
2000 4893 2069 4942 quo-

408 4995 460 5045 que
481 4981 532 5030 hac
554 4979 663 5029 familiis
686 4978 784 5028 ibidem
807 4976 998 5041 aspicientibus
1021 4993 1081 5026 cum
1103 4977 1230 5027 fratribus
1253 4978 1303 5027 hac
1326 4979 1461 5028 monachis
1489 4978 1587 5029 ibidem
1610 4977 1659 5028 deo
1682 4977 1874 5026 famulantibus
1897 4980 1950 5028 suh
1975 4987 2071 5032 nostre

408 5084 529 5133 tuitionis
558 5079 744 5130 munburdum.
789 5062 1007 5128 Concedimus
1037 5085 1164 5150 quoque
1193 5074 1226 5129 et
1255 5066 1505 5132 corroboramus
1534 5077 1571 5131 ut
1598 5064 1706 5131 nullus
1736 5088 1777 5128 61(
1808 5068 1912 5130 661116
1937 5077 1999 5132 ant
2023 5091 2069 5133 ex

408 5169 533 5233 familia
561 5167 707 5231 eiusdem
735 5167 926 5230 monasterii
949 5165 1001 5229 vel
1030 5189 1086 5232 eos
1117 5189 1199 5252 quos
1228 5171 1423 5234 cortisianos
1446 5179 1566 5235 vocant
1587 5169 1708 5234 audeat
1729 5171 1911 5254 inquietare
1937 5173 2121 5238 66166146

407 5271 573 5357 puplicam
596 5269 648 5335 vel
672 5271 828 5334 comitum
850 5269 1006 5354 placitum
1029 5271 1148 5336 ducere
1172 5283 1229 5337 aut
1251 5272 1395 5337 iudicare
1418 5296 1523 5357 neque
1545 5275 1579 5336 in
1602 5271 1752 5337 domibus
1775 5270 1827 5334 vel
1857 5273 1947 5336 casis
1978 5276 2068 5338 eius-

409 5373 484 5438 dem
505 5375 693 5438 monasterii
717 5371 873 5436 iudicium
895 5384 951 5437 aut
974 5374 1130 5458 placitum
1153 5386 1272 5458 tenere,
1297 5377 1358 5440 nisi
1378 5375 1466 5440 abba
1483 5377 1598 5460 prefati
1615 5376 1742 5439 cenovii
1757 5385 1814 5438 aut
1831 5397 1910 5439 suus
1927 5381 2068 5460 missus,

408 5485 482 5541 ante
505 5478 599 5541 cuius
621 5485 834 5561 conspectum
858 5499 969 5542 omnes
994 5482 1043 5544 sui
1067 5481 1244 5545 residentes
1269 5482 1352 5544 siout
1375 5489 1450 5543 ante
1473 5489 1619 5543 nostram
1642 5479 1837 5564 presentiam
1853 5477 1964 5562 legem
1984 5482 2068 5547 faci-

408 5588 466 5643 ant
480 5589 512 5644 et
526 5579 697 5663 recipiant,
720 5600 826 5664 neque
845 5576 1052 5663 placiaticum
1075 5584 1272 5668 portaticum
1295 5584 1507 5666 pontanicum
1530 5582 1709 5646 6666116661
1732 5595 1774 5645 vei
1790 5594 1931 5660 ‹piiuilibea
1947 5615 2068 5661 pensum

480 5711 811 5790 2151.6)66661116111Δ’
913 5717 941 5784 6)
960 5720 1031 5768 dicta
1048 5716 1079 5768 A'
1183 5722 1211 5785 p)
1229 5722 1284 5769 suis
1307 5718 1338 5769 A'
1442 5721 1468 5784 q)
1486 5718 1557 5796 saliit
1579 5721 1609 5767 in
1632 5716 1671 5768 A'.
2087 5721 2121 5767 50
