4560 6426
976 415 1425 472 KAISERURKUNDEN.

481 600 641 684 Signum⁸
664 599 774 663 domni
797 598 943 662 Heinrici
969 598 1033 678 (Μ.)
1059 597 1256 661 serenissimi
1278 598 1375 681 regis.

481 721 591 787 Simon
615 721 761 785 notarius
784 719 933 783 advicem
956 717 1124 782 Hiltiberti
1147 717 1401 802 archicapellani
1423 717 1598 800 recognovi
1622 724 1655 780 et
1679 718 1748 796 (SR
1772 715 1849 794 NN.)

479 881 568 943 Data
584 897 631 943 v1.
647 877 714 942 kal.
730 880 795 941 ian.
818 899 904 940 anno
927 877 1161 940 incarnationis
1185 874 1306 940 domini
1330 891 1567 956 Dccccxxvm,
1590 872 1702 938 indict.
1719 889 1769 935 v11
1781 869 1804 954 l,
1829 892 1921 934 anno
1940 869 2044 952 regni

377 983 545 1046 Heinrici⁰
567 983 705 1066 piissimi
729 982 816 1065 regis
839 997 934 1062 V11113
957 989 1067 1043 actum
1090 981 1123 1043 in
1145 980 1279 1042 civitate
1302 978 1490 1063 Magontia3
1513 977 1650 1041 feliciter
1672 998 1777 1041 amen.
1801 1052 1812 1058 .,

1165 1223 1226 1298 111.

361 1361 548 1453 ‘Heinrich
574 1379 720 1451 ccrlcibt
745 1378 825 1451 dem
854 1379 1016 1451 Bistbuon
1048 1377 1138 1450 Toul
1164 1377 1222 1450 die
1249 1375 1452 1476 Eiolrttnstc
1479 1376 1544 1449 der
1578 1373 1799 1474 Grofscbest.

1532 1517 1727 1576 111αὲ11927
1747 1516 1910 1573 December
1931 1517 1990 1575 28.

475 1710 628 1782 Absebrist
651 1728 708 1769 aas
730 1710 797 1768 deni
819 1708 905 1768 mue
927 1708 978 1766 des
1000 1713 1051 1767 17.
1068 1707 1122 1766 Jh.
1146 1710 1180 1766 ia
1198 1707 1268 1768 oozt.
1293 1707 1408 1766 Belcae
1430 1707 1488 1766 Bd.
1506 1711 1548 1766 47
1570 1706 1632 1778 f.3
1654 1707 1687 1764 ia
1709 1706 1762 1763 der
1779 1703 2040 1765 Nationalbiblio·

475 1815 542 1873 theb
556 1834 597 1873 eu
611 1816 700 1874 Puris
717 1812 780 1892 (A).
804 1847 846 1856 -—
869 1811 1023 1882 Abschrift
1042 1813 1170 1885 pleieber
1188 1813 1253 1871 Zeu
1275 1814 1317 1870 im
1333 1812 1401 1872 God.
1426 1813 1475 1870 lat.
1492 1815 1600 1871 17197
1614 1810 1763 1869 derseloen
1778 1809 1949 1867 Bibliotbek
1968 1805 2038 1886 (B).

474 1972 582 2030 Becwit
605 1972 684 2030 Hist.
705 1971 740 2029 de
761 1970 843 2039 Toni,
863 1971 949 2043 prob.
966 1972 1008 2028 18
1030 1987 1087 2027 aas
1104 1966 1267 2028 Obartnler
1283 1965 1336 2045 (O)
1362 1992 1401 2020 :
1425 1968 1556 2027 Esthert
1575 1967 1655 2041 Orip.
1673 1967 1783 2025 chsb.
1801 1968 1863 2024 169
1878 1971 1914 2023 a⁰
1929 1969 1979 2024 32
1997 1989 2039 2016 =
2063 1979 2096 2024 10

475 2078 603 2135 Kremer
621 2077 700 2149 Orio.
717 2076 805 2135 Ness.
822 2079 852 2145 2,
877 2077 920 2135 62
941 2081 975 2132 a⁰
998 2078 1039 2134 40
1060 2093 1101 2132 aa
1124 2077 1197 2134 9211.
1220 2107 1262 2115 -
1286 2073 1330 2130 Le
1352 2072 1456 2130 Motae
1477 2072 1561 2145 Dipl.
1581 2075 1663 2144 prat.
1686 2073 1749 2131 265
1772 2075 1808 2128 n⁰
1830 2073 1850 2128 6
1872 2071 1948 2142 Rey.
1975 2086 2039 2126 aas

476 2177 647 2250 Oturrtelnr,
671 2182 725 2238 11111
749 2179 778 2238 5.
801 2179 859 2238 kal.
883 2197 949 2239 nov.
974 2180 1034 2238 928
1060 2176 1125 2256 (D).
1150 2211 1192 2220 -
1214 2177 1344 2236 Bbbmer
1358 2177 1432 2249 Ray.
1450 2179 1491 2236 50
1509 2194 1551 2235 en
1565 2179 1637 2236 928.
1662 2209 1704 2217 -
1727 2173 1857 2247 Sturnps
1875 2175 1951 2246 aeq.
1980 2177 2036 2232 19.

477 2317 578 2377 Dictat
601 2318 652 2377 des
675 2318 736 2379 SD.

579 2504 618 2568 In
647 2505 777 2570 nemine
807 2513 940 2569 sanotae
970 2512 1002 2568 et
1029 2503 1218 2568 individuae
1246 2503 1411 2567 trinitatis.
1451 2503 1614 2567 Henricus
1643 2502 1777 2566 divina⁸
1804 2502 1937 2566 favente
1968 2500 2037 2566 cle-

373 2611 495 2675 mentia
523 2631 592 2673 rex.
681 2609 818 2674 Noverit
846 2609 989 2674 omnium
1017 2593 1161 2673 fidelium
1190 2615 1376 2672 nostrorum
1399 2609 1619 2692 praesentium
1643 2605 1767 2670 scilicet
1790 2616 1822 2669 et
1844 2606 2037 2670 futurorum
2058 2617 2093 2664 15

374 2717 556 2799 sagacitas,
589 2715 666 2799 quia
688 2735 749 2777 nos
773 2723 891 2798 rogatu
912 2711 1098 2777 Eberhardi
1121 2710 1227 2774 fidelis
1250 2719 1282 2774 et
1306 2710 1415 2774 dilecti
1439 2711 1567 2774 comitis
1595 2719 1693 2794 atque
1721 2711 1895 2794 propinqui
1925 2710 2037 2773 nostri

374 2819 596 2882 concessimus
624 2817 783 2882 ecclesiae
814 2826 948 2880 sanctae
977 2816 1029 2879 dci
1057 2815 1223 2900 genitricis
1245 2813 1371 2878 Mariae
1394 2836 1434 2878 ac
1460 2812 1550 2878 beati
1573 2814 1845 2898 prothomartyris
1868 2811 2035 2898 Stephani

374 2944 458 3008 quae
480 2923 566 2986 infra
589 2921 754 2987 Tullensis
777 2921 921 2984 civitatis
944 2941 1054 2983 muros
1078 2921 1141 2982 sita
1163 2918 1293 2982 videtur
1316 2927 1348 2982 et
1370 2920 1423 2981 cui
1446 2927 1593 3003 tempore
1621 2919 1783 3004 praesenti
1807 2915 2038 2982 Gauzilinusb

372 3024 504 3109 praesul
526 3025 733 3089 venerandus
755 3047 909 3108 praeesse
933 3023 1151 3106 dignoscitur,
1187 3044 1315 3086 omnem
1344 3023 1550 3086 exactionem
1580 3024 1754 3087 comitatus
1781 3022 1929 3086 eiusdem
1952 3025 2037 3087 civi·

373 3129 467 3210 tatis,
501 3128 652 3192 annualis
680 3128 834 3192 videlicet
863 3151 920 3192 seu
949 3125 1172 3211 septimanalis
1201 3125 1342 3189 thelonei
1372 3136 1528 3211 quaestus
1559 3129 1744 3212 pariterque
1767 3126 1909 3210 vectigal
1941 3128 2037 3212 quod
2056 3137 2091 3184 20

372 3230 471 3316 vulgo
494 3241 656 3296 vocatur⁰
677 3228 889 3295 rotaticum.d
927 3230 1023 3295 Unde
1047 3229 1088 3294 ob
1112 3237 1265 3294 aeternae
1287 3232 1558 3295 remunerationis
1581 3241 1790 3317 augmentum
1813 3240 1912 3316 atque
1936 3254 2036 3317 prae-

375 3333 453 3397 dicti
468 3335 633 3419 pontificis
652 3333 860 3399 dilectionem
877 3356 972 3419 quem
995 3355 1074 3417 erga
1096 3341 1243 3397 nostram
1266 3336 1497 3399 serenitatem⁰
1519 3359 1715 3400 noveramus
1737 3337 2035 3421 promptissimum,

376 3438 419 3502 ad
440 3438 662 3503 roborandam
684 3439 780 3503 huius
803 3446 935 3502 nostrae
958 3437 1179 3501 concessionis
1203 3438 1458 3503 munificentiam
1480 3438 1543 3504 hoc
1567 3439 1730 3504 conscribi
1758 3441 1913 3504 iussimus
1936 3463 2035 3526 prae·

373 3551 514 3626 ceptum,
539 3543 671 3606 omnino
694 3543 933 3627 praecipientes
956 3549 991 3604 ut
1011 3540 1120 3604 nullus
1143 3563 1253 3606 comes
1276 3564 1337 3606 nec
1359 3542 1478 3628 aliquis
1501 3543 1701 3628 reipublicae
1723 3553 1854 3608 nostrae
1871 3555 2038 3609 executor

372 3644 425 3709 vel
449 3645 695 3731 qualiscumque
718 3655 855 3710 exactor
877 3644 958 3709 illud
980 3647 1151 3709 immutare
1174 3656 1231 3710 aut
1253 3668 1459 3732 quacumque
1482 3647 1602 3712 callida
1625 3649 1894 3733 tergiversatione
1918 3649 2036 3712 infrin-
2055 3665 2090 3712 ‘25

373 3773 449 3834 gere
472 3758 677 3834 praesumat,
702 3750 760 3814 sed
784 3751 870 3813 omni
896 3748 1034 3812 seculari
1058 3749 1280 3815 dominatione
1303 3752 1431 3817 seclusa
1454 3754 1487 3816 in
1510 3754 1561 3816 ius
1584 3763 1616 3817 et
1638 3761 1834 3837 potestatem
1858 3755 2036 3837 praefatae

374 3853 461 3917 sedis
485 3855 571 3916 omni
596 3863 741 3938 tempore
764 3853 827 3917 hoo
850 3853 938 3938 quod
961 3853 1116 3916 divinitus
1145 3855 1295 3939 inspirati
1325 3855 1500 3939 donamuS‚
1536 3866 1726 3942 permaneat
1748 3865 1780 3920 et
1802 3879 1862 3941 per
1890 3857 2036 3922 eundern

373 3959 565 4041 episcopum
595 3957 762 4042 ipsiusque
792 3979 999 4020 successores
1028 3957 1098 4022 iure
1130 3969 1288 4043 perpetuo
1322 3960 1540 4044 possideatur·
1585 3961 1629 4024 Et
1658 3970 1695 4024 ut
1727 3959 1808 4024 haec
1843 3962 2036 4026 serenitatis

372 4069 505 4124 nostrae
534 4061 715 4124 auctoritas
745 4059 871 4125 stabilis
901 4068 1064 4144 servetur,
1098 4083 1197 4126 manu
1231 4071 1344 4128 nostra
1379 4063 1490 4129 subter
1524 4087 1597 4128 eam
1629 4065 1830 4129 firmavimus
1864 4065 2037 4151 anuloque

374 4173 487 4229 nostro
509 4165 657 4248 insigniri
682 4167 920 4250 praecepimus.

477 4321 612 4406 Signum
636 4320 746 4386 domni
770 4323 903 4387 Henriei
928 4327 1123 4389 serenissimi
1147 4327 1244 4411 regis.

477 4442 591 4507 Simon
613 4445 761 4507 notarius
784 4444 934 4510 advicem
957 4445 1137 4531 Ruotgerif
1157 4444 1437 4510 archicancellarii
1459 4448 1636 4530 recognovi
1660 4455 1692 4510 et
1715 4445 1904 4533 subscripsi.

477 4599 567 4663 Data
584 4617 616 4663 v.
632 4599 793 4664 kalendas
813 4603 977 4665 ianuarii⁸
999 4625 1085 4666 anno
1102 4605 1336 4668 incarnationis
1353 4603 1535 4668 dominicae
1555 4620 1792 4687 ncoccxxvm,
1811 4603 1994 4670 indictione
2010 4626 2036 4690 1,

295 4786 298 4794 Ι
373 4724 460 4765 anno
483 4725 561 4767 vero
585 4702 719 4787 gloriosi
743 4705 830 4789 regis
853 4702 1014 4769 Henricih
1037 4724 1117 4788 v1113
1141 4716 1251 4771 actum
1274 4707 1468 4792 Mogoneia;
1498 4709 1531 4771 in
1554 4708 1606 4772 dei
1629 4710 1759 4773 nomine
1781 4706 1953 4772 feliciter.i

479 4908 518 4960 l5.
546 4906 652 4975 [Sinkell
756 4913 782 4972 a)
801 4909 850 4960 dar
865 4927 945 4976 parrae
963 4911 1132 4963 Esubatckoll
1154 4915 1187 4964 ist
1212 4917 1241 4964 ia
1262 4914 1290 4965 B
1307 4914 1521 4965 walwccbetnltcb
1537 4933 1588 4966 eon
1604 4916 1748 4966 demaelbec
1766 4915 1904 4968 Scbm'ber
1920 4918 2036 4986 nachgo-
2057 4921 2093 4970 35

545 4985 635 5042 tropen
721 4978 748 5040 b)
768 4980 803 5040 B,
821 4980 889 5030 wohl
905 4981 1018 5032 ccrlcaen
1035 4987 1095 5032 stult
1114 4984 1287 5034 indictionum
1305 4997 1330 5046 1,
1357 4987 1405 5034 wie
1422 5001 1472 5034 voca
1490 4984 1580 5036 Simon
1597 5003 1628 5035 aa
1646 4992 1770 5037 morton
1787 4987 1821 5035 ist
1908 4989 1933 5049 c)
1956 4993 2038 5054 primi

448 5114 451 5120 Ι
546 5046 603 5096 bier
620 5047 681 5097 tiber
698 5046 746 5097 der
763 5048 833 5099 Zeila
849 5049 1037 5116 aoebyctrayen
1055 5053 1087 5100 111
1108 5051 1206 5102 Gloria.

480 5167 519 5219 lc.
548 5166 655 5234 [Sielrel]
743 5171 769 5232 a)
788 5170 845 5232 ΒΟ,
865 5172 908 5221 dei
925 5171 948 5222 A
1032 5173 1060 5234 b)
1079 5174 1223 5224 Gauzlinns
1241 5175 1275 5235 B,
1295 5176 1457 5227 Gauzelinus
1477 5176 1501 5228 0
1577 5178 1603 5246 c)
1623 5178 1719 5227 dicitur
1738 5176 1787 5227 01)
1870 5177 1899 5238 d)
1916 5177 1969 5228 der
1986 5181 2038 5230 Za-

545 5243 599 5285 eetae
616 5239 644 5286 in
664 5236 838 5304 Ototumquc
857 5241 1001 5291 dominium
1017 5258 1077 5292 cum
1095 5244 1285 5294 iurisdictionis
1303 5245 1403 5297 honore
1421 5252 1448 5296 et
1465 5253 1595 5311 potestate
1617 5249 1651 5296 ist
1667 5264 1711 5296 cnr
1728 5263 1757 5296 so
1773 5244 1969 5311 contactae,
1998 5251 2038 5300 da

545 5321 574 5355 er
595 5309 623 5355 in
640 5306 688 5357 der
706 5306 874 5374 Beatam
894 5308 952 5360 Otto
966 5319 997 5360 11.
1016 5311 1128 5376 Stamps
1140 5312 1202 5377 Rq.
1222 5317 1273 5362 610
1285 5314 1355 5376 selda
1455 5319 1480 5377 e)
1499 5316 1652 5367 fidelitatem
1670 5315 1747 5366 Ano
1840 5315 1861 5376 s)
1883 5313 1917 5378 0,
1940 5317 2038 5370 Rued·
2058 5318 2095 5366 40

546 5378 602 5441 geri
621 5375 652 5437 A,
670 5377 793 5442 Ricogori
812 5379 838 5428 B
936 5383 964 5445 g)
983 5397 1044 5430 nov.
1063 5380 1099 5444 D,
1122 5380 1221 5432 obwcbl
1244 5383 1359 5434 desselbe
1379 5384 1518 5435 marmor
1539 5387 1588 5434 eae
1604 5385 1655 5448 feb
1673 5385 1697 5436 0
1715 5402 1745 5434 aa
1766 5383 1872 5435 Οηιπᾱσ
1895 5402 1928 5433 zu
1950 5386 2038 5453 lc'eyen

545 5443 642 5494 scbetnt
741 5445 768 5508 h)
788 5463 812 5496 a.
832 5448 865 5497 H.
884 5448 994 5514 gloriosi
1012 5453 1081 5515 rogis
1101 5451 1127 5500 B
1213 5453 1278 5510 iliu
1297 5455 1403 5503 nomine
1421 5453 1519 5504 domini
1539 5455 1651 5505 feliciter·
1668 5471 1744 5504 amen
1766 5454 1795 5504 B.
