4560 6436
861 427 988 485 ΟΤΤΟ
1010 427 1034 484 1.
1050 422 1248 482 ,936-973.
1814 415 1877 482 587

231 612 403 677 adiuvetur
425 621 457 677 et
479 622 546 676 tarn
569 611 685 676 vestris
708 609 895 675 hominibus
919 633 1016 695 quam
1039 618 1073 673 et
1095 608 1232 674 caballis
1255 609 1393 696 aliisque
1415 611 1449 673 in
1469 610 1585 674 itinere
1606 609 1704 674 rebus
1727 629 1877 674 necessa-

230 720 303 798 riis,
325 726 458 803 ‘quanto
482 717 616 802 propius
641 716 758 798 possit,
791 715 977 798 Vngrorum
1010 714 1152 778 confinio
1181 713 1359 780 honorifice
1388 735 1427 778 ac
1457 714 1644 778 cautissime
1670 712 1877 798 perducatur.

230 821 334 886 Nobis
358 824 443 887 enim
466 820 543 886 illuc
567 821 627 884 erit
649 818 859 902 delegandus,
888 841 953 905 quo
976 841 1036 882 rex
1058 817 1234 882 eorundem
1257 828 1370 883 nostro
1395 840 1492 904 quam
1516 840 1654 904 propere
1677 818 1812 883 arbitrio
1837 821 1878 884 sit

230 924 447 1009 colligandus.
485 924 589 990 Vobis
614 945 691 1007 ergo
714 921 939 1008 magnopereb
961 923 1002 985 sit
1026 922 1169 987 studium
1192 921 1277 986 hanc
1300 925 1457 987 citissime
1479 921 1548 987 fieri
1570 921 1779 1006 legationem,
1802 947 1877 989 nam

196 1032 268 1110 tsi,
297 1039 333 1094 ut
356 1027 445 1114 apud
466 1051 527 1093 nos
552 1029 652 1112 sedet,
681 1025 937 1114 prosperabitur,
963 1023 1057 1089 vobis
1081 1026 1114 1089 in
1136 1025 1200 1090 hoc
1222 1027 1403 1111 vestrisque
1426 1025 1576 1091 omnibus
1600 1025 1777 1091 admodum
1801 1049 1877 1091 eon·

231 1132 362 1199 suletur.
396 1130 522 1199 Valete.

1010 1317 1099 1394 435.

967 1474 1144 1554 (Uweetrt.)

239 1615 319 1693 Ouo
347 1616 508 1712 bestttte'pt
533 1615 591 1687 die
618 1611 781 1710 Stlftwwp
807 1611 887 1684 end
912 1611 1145 1708 Ausstottnwp
1173 1610 1232 1682 cles
1259 1610 1419 1683 Klesters
1447 1611 1669 1708 Itiwpellreiw
1696 1611 1776 1684 wad
1799 1639 1877 1685 ver·-

181 1765 212 1811 10
231 1737 315 1811 leidt
339 1735 535 1810 demselbew
562 1734 620 1807 die
647 1733 869 1804 Immemitt't't.
1420 1751 1527 1809 oraine
1550 1754 1612 1810 900
1636 1750 1761 1810 Jawwar
1783 1757 1833 1811 17.

332 1961 484 2032 Abselrrift
506 1979 562 2020 aas
585 1960 650 2018 dem
673 1958 759 2019 wide
782 1957 831 2017 des
857 1961 906 2016 17.
924 1957 976 2017 Jb.
1008 1974 1064 2016 aas
1092 1957 1158 2015 dem
1186 1957 1331 2016 Neoklass
1353 1973 1409 2015 eon
1437 1956 1592 2030 Angustia
1620 1960 1653 2016 ia
1676 1958 1877 2029 Halterstadt

324 2070 400 2142 jetst
422 2068 463 2124 im
486 2066 604 2124 Besitse
627 2064 679 2122 der
702 2062 881 2134 Abtlwilwwp
904 2059 964 2140 (A).

331 2207 461 2266 Eelrlwrt
484 2205 562 2262 Hist.
584 2220 649 2275 pen.
675 2201 784 2262 Sesea.
804 2197 905 2272 praes.
931 2200 949 2256 6
973 2215 1029 2257 aas
1051 2196 1216 2269 Abselerift.
1241 2232 1281 2239 —
1306 2198 1435 2272 Stwnrpf
1451 2200 1524 2272 aee.
1548 2205 1598 2260 79.
1625 2163 1626 2168 i

331 2346 374 2404 Es
398 2347 436 2404 ist
458 2343 684 2402 wervertewnbar
706 2340 775 2398 dass
798 2339 846 2398 dte
868 2357 924 2397 een
946 2337 1077 2396 Eekteart
1100 2338 1234 2395 berewtete
1257 2335 1413 2408 Absclrre'st
1434 2355 1559 2397 unserer
1580 2337 1735 2409 Alselrre'st
1751 2336 1780 2396 A
1799 2357 1879 2411 pene

329 2451 406 2507 wahe
427 2448 501 2506 stelit
524 2445 588 2504 aad
609 2462 670 2502 war
691 2461 747 2501 voa
770 2444 830 2501 ilem
853 2447 941 2500 etwas
964 2441 1108 2500 ewewlirt
1131 2441 1247 2499 worden
1271 2443 1319 2510 ist,
1343 2443 1433 2500 wobei
1454 2459 1486 2499 er
1503 2443 1580 2500 awelr
1598 2446 1660 2501 900
1680 2445 1712 2499 in
1731 2445 1794 2501 940
1812 2460 1878 2500 unt·

328 2551 470 2624 peredere
491 2549 586 2607 soree
607 2564 683 2619 wey.
721 2545 815 2606 Wenw
838 2547 939 2618 sereser
959 2547 1089 2604 Lr'twtsel
1108 2545 1209 2605 Geselr.
1234 2563 1288 2603 eon
1307 2545 1489 2604 Hildeslwe‘m
1512 2551 1541 2616 1,
1566 2549 1604 2604 41
1630 2548 1694 2603 eine
1717 2550 1805 2604 etwas
1827 2549 1878 2605 ab·

330 2651 489 2712 weielrende
512 2647 601 2723 eopse
623 2649 796 2722 wttyetlrettt
818 2651 927 2720 ertielt,
956 2667 988 2709 so
1011 2651 1187 2708 eerwwtlwte
1211 2667 1243 2706 er
1263 2649 1352 2707 seltst
1375 2651 1438 2707 eine
1459 2650 1645 2708 absiehtlr'elw
1667 2651 1879 2724 Verbesserwrp
1979 2661 1981 2664 ·

331 2757 485 2814 derselben.
532 2755 619 2812 Kwre
647 2751 676 2811 A
705 2756 900 2826 representirt
930 2755 978 2811 die
1004 2755 1116 2824 elweipe
1145 2754 1220 2810 eiwst
1249 2753 1290 2809 tw
1312 2753 1435 2811 Kloster
1461 2753 1602 2810 bekawwte
1628 2752 1876 2826 Ueterlieserwwp.

335 2861 405 2920 Wes
429 2859 506 2916 disse
527 2875 592 2914 wan
614 2875 655 2914 aa
676 2857 934 2915 Persowennewew
956 2855 1020 2914 aad
1046 2856 1244 2928 Zeitewpabew
1273 2857 1373 2924 distet,
1408 2854 1479 2913 liisst
1510 2856 1563 2914 des
1586 2857 1625 2914 D.
1649 2857 1694 2915 als
1717 2856 1780 2927 fast
1803 2857 1879 2926 frete

332 2963 502 3034 Erfiadwwp
525 2960 700 3030 ersetree'wen,
725 2958 780 3030 fer
802 2960 850 3018 die
872 2959 1006 3032 lediplr'et
1028 2961 1123 3030 eiwiqe
1138 2957 1279 3016 Formelw
1297 2960 1351 3015 wit
1366 2960 1516 3032 perierem
1536 2960 1761 3018 Verste'r'wdwisse
1784 2962 1879 3018 eiaew

330 3065 397 3126 DO.
421 3065 548 3123 ewtlelmt
571 3063 688 3122 eeordea
710 3064 788 3123 sind.
823 3063 930 3135 neser
948 3080 1036 3121 worm
1056 3062 1104 3120 die
1119 3061 1290 3136 Fltlsclrwnp
1312 3063 1486 3121 ewtstendew
1508 3066 1573 3122 seire
1595 3082 1671 3138 neap,
1695 3065 1795 3136 finden
1817 3066 1879 3123 sielr

331 3173 364 3227 tw
386 3169 438 3228 der
458 3167 626 3228 Gesehielrte
648 3167 697 3226 des
720 3167 856 3226 Klosters
877 3167 963 3226 resne
984 3165 1234 3238 Awhaltspwwlte.

434 3371 473 3434 In
501 3371 632 3435 nomine
660 3377 794 3436 sauctae
823 3378 855 3434 et
883 3367 1071 3433 individuae
1100 3367 1265 3430 trinitatis.
1312 3363 1390 3431 Otto
1414 3365 1526 3431 divina
1552 3370 1683 3435 favente
1705 3370 1879 3437 elementia

228 3502 296 3542 rex.
383 3477 544 3542 Noverint
566 3485 634 3541 tam
657 3484 845 3562 praesentes
869 3497 969 3559 quarn
990 3474 1090 3538 futuri
1113 3474 1213 3536 etiam
1235 3470 1360 3554 fideles,
1385 3472 1524 3556 qualiter
1538 3496 1648 3539 comes
1666 3476 1799 3541 Ymmat
1816 3499 1876 3562 pro

177 3598 209 3643 ‘25
229 3581 370 3647 remedio
400 3582 528 3645 animae
557 3603 636 3645 suae
664 3591 696 3645 et
719 3581 818 3643 totius
842 3601 920 3642 suae
943 3577 1146 3663 posteritatis
1170 3577 1403 3642 monasterium
1426 3578 1460 3640 in
1481 3577 1605 3642 honore
1629 3578 1752 3644 domini
1775 3583 1876 3645 nostri

227 3688 302 3751 Iesu
318 3684 438 3750 Christi
462 3686 596 3770 eiusque
618 3685 784 3769 genitricis
800 3683 924 3746 Mariae
948 3691 980 3746 et
1004 3691 1192 3746 sanctorum
1214 3688 1396 3764 martyrum
1411 3678 1533 3746 Abdon
1551 3691 1584 3746 et
1599 3680 1723 3748 Seuues
1745 3687 1781 3748 in
1802 3684 1876 3750 loco

226 3789 396 3874 Ringelem
418 3800 607 3875 nuncupato
631 3789 816 3853 construxit
841 3786 1027 3872 ibidemque
1051 3795 1083 3849 et
1105 3785 1139 3849 in
1161 3785 1256 3869 pagis
1280 3783 1516 3867 adiacentibus,
1542 3783 1769 3852 Wendthusen
1793 3788 1876 3853 seili-

226 3904 277 3958 cet
300 3903 331 3957 et
355 3891 573 3974 Ottfrcdesen,
599 3891 768 3972 Gerstede,
792 3889 990 3972 Wallmode,
1014 3889 1149 3971 Nawen,
1181 3887 1302 3970 Selida,
1333 3886 1480 3971 Gustete,
1510 3889 1685 3972 Haverlae,
1709 3891 1875 3976 Vepstete,

226 4009 257 4061 et
286 3996 440 4084 quicquid
470 3995 682 4062 haereditatis
711 3995 841 4078 habuit,
875 4004 943 4058 tam
970 3995 1004 4058 in
1034 3991 1166 4059 familiis
1196 4015 1294 4078 quam
1322 3993 1356 4056 in
1383 3995 1470 4077 agris
1494 3993 1653 4058 aediliciis
1677 3997 1762 4059 areis
1785 3997 1876 4063 silvis

175 4123 208 4170 30
228 4103 329 4186 pratis
352 4102 484 4184 pascuis
508 4103 602 4187 aquis
625 4100 821 4166 molendinis
844 4096 1082 4184 piseationibus
1105 4096 1344 4180 venationibus,
1369 4119 1444 4162 eum
1469 4098 1617 4163 omuibus
1642 4101 1708 4164 suis
1731 4102 1876 4166 utilitati-

225 4203 287 4268 bus
318 4225 411 4267 saero
442 4203 537 4268 altari
567 4207 599 4268 in
627 4204 750 4268 honore
778 4203 950 4267 beatorum
977 4210 1159 4286 martyrum
1181 4198 1303 4265 Abdon
1327 4209 1358 4265 et
1382 4199 1505 4266 Sennes
1535 4202 1686 4269 dedicato
1714 4227 1876 4271 consensu

225 4307 365 4372 filiorum
383 4329 532 4371 suorum:
555 4305 724 4388 Vollwart,
743 4306 886 4386 Ymmat,
911 4303 1034 4386 Sibeth,
1058 4303 1185 4368 vocatis
1208 4324 1320 4368 coram
1343 4303 1481 4368 testibus
1505 4305 1656 4388 tradidit3
1679 4307 1875 4392 praebendis

225 4433 302 4474 vero
333 4420 365 4475 et
393 4408 618 4474 mansionibus
648 4409 852 4473 dominarum
881 4407 981 4472 libere
1011 4407 1133 4471 ibidem
1161 4406 1222 4470 deo
1251 4406 1479 4472 famulantium
1508 4413 1665 4474 canonice
1695 4411 1875 4497 dispositis,

226 4511 371 4578 Eimholt
399 4510 543 4576 eiusdem
572 4510 636 4575 loci
666 4509 838 4575 abbatissa
866 4519 898 4573 et
926 4507 1112 4593 praedictus
1141 4508 1274 4573 Ymmat
1302 4521 1395 4596 pater
1426 4512 1495 4578 eius
1524 4535 1598 4577 curn
1629 4516 1695 4578 suis
1717 4515 1875 4584 fratribus

174 4639 206 4684 35
225 4625 372 4681 nostram
395 4614 546 4680 adierunt
566 4614 802 4699 praesentiam,
836 4622 1007 4698 precantes
1031 4622 1191 4697 quatenns
1214 4612 1344 4678 illorum
1367 4616 1500 4680 traditio
1522 4627 1635 4682 nostro
1659 4619 1877 4686 affinnaretur

225 4731 413 4806 praecepto.
457 4718 527 4783 Nos
551 4741 679 4804 quoque
703 4739 815 4784 eorum
845 4717 992 4802 petitioni
1024 4717 1265 4782 consentientes
1294 4717 1432 4782 eandem
1461 4718 1670 4785 traditionem
1699 4725 1874 4789 autoritate

225 4833 337 4888 nostra
360 4822 599 4888 confirmamus.
645 4821 840 4908 Placuitque
861 4819 957 4886 nobis
981 4831 1016 4886 ut
1037 4832 1226 4906 praesentes
1250 4823 1304 4909 qui
1328 4822 1466 4888 aderant
1488 4825 1650 4910 episcopi:
1679 4825 1874 4893 Wilhelmus

225 4926 468 5010 Mogrmeensis,
502 4925 712 4991 Bnrcbardus
735 4927 957 5007 Treverensis,
992 4925 1088 4990 Anno
1111 4923 1367 5009 Wormacensis,
1400 4925 1560 4992 Altfridus
1583 4928 1874 5014 Hildeshemensis,

225 5029 411 5095 Berhardus
440 5030 734 5113 Halverstatensis,
768 5029 802 5094 id
831 5032 940 5116 ipsum
971 5051 1029 5094 sua
1059 5031 1234 5095 autoritate
1263 5029 1496 5096 confirmarent
1525 5041 1557 5095 et
1583 5032 1644 5098 sub
1668 5031 1875 5100 anathemate

175 5154 207 5199 w
225 5133 465 5216 interdicerent,
489 5157 530 5200 ne
554 5137 626 5222 quis
648 5136 836 5201 mortalium
858 5139 891 5202 in
914 5137 1101 5223 postfutura
1124 5134 1257 5201 saecula
1280 5135 1426 5200 eiusdem
1449 5133 1607 5202 ecclesiae
1625 5137 1714 5203 bona
1733 5160 1791 5224 per
1806 5141 1873 5204 vio-

225 5237 359 5302 lentiam
387 5237 519 5323 diripiat
547 5241 599 5305 vel
628 5239 749 5305 ibidem
779 5241 840 5306 deo
870 5244 1048 5308 servientes
1072 5250 1188 5306 contra
1212 5262 1341 5304 sacrum
1364 5261 1523 5304 canonem
1547 5243 1581 5306 in
1604 5241 1702 5307 aliam
1724 5265 1874 5309 normam

225 5363 343 5426 cogere
372 5353 566 5428 praesumat.
611 5345 673 5409 His
702 5347 748 5411 ita
770 5347 913 5431 peractis
936 5347 1061 5432 placuit
1083 5343 1271 5410 abbatissae
1294 5353 1326 5410 et
1348 5345 1433 5430 patri
1457 5345 1525 5408 eius
1549 5355 1581 5409 et
1603 5345 1758 5411 fratribus
1781 5369 1874 5433 prae-

224 5446 330 5511 fatum
359 5447 591 5513 monasterium
622 5470 696 5514 cum
726 5449 876 5516 omnibus
905 5449 948 5515 sd
977 5473 1011 5515 se
1040 5448 1276 5536 pertinentibus
1305 5459 1437 5514 nostrae
1467 5448 1605 5514 subdere
1632 5450 1802 5536 potestati,
1833 5473 1872 5515 eo

226 5549 351 5616 scilieet
373 5559 485 5616 tenore
507 5557 544 5614 ut
564 5551 673 5617 nullus
697 5553 879 5620 advocatus
903 5555 965 5618 nisi
988 5553 1043 5639 qui
1066 5576 1109 5618 ex
1132 5571 1244 5617 eorum
1267 5554 1410 5637 germine
1432 5553 1572 5634 venerit,
1603 5553 1724 5620 ibidem
1751 5551 1872 5620 babea-

173 5724 206 5773 tt
310 5719 368 5774 434.
396 5721 422 5784 b)
440 5737 581 5787 manopere
599 5723 632 5772 Ε.

1604 5833 1663 5894 74*
