4560 6436
898 427 1023 486 ΟΤΤΟ
1045 429 1069 484 Ι.
1094 423 1165 483 972.

210 633 356 694 sanctoque
385 628 469 677 Lucio
503 627 647 677 confessori
677 627 774 676 Christi
808 641 856 690 pro
889 625 1005 675 remedio

211 733 297 782 anime
326 737 415 781 nostre
445 746 475 779 ex
505 732 608 794 integro
631 711 888 780 condonavimus
912 743 943 778 ac
965 728 1006 778 fir-

211 837 288 886 miter
310 818 567 884 contradidimus
591 849 651 883 cum
675 835 798 883 omnibus
821 825 864 892 [ad
887 825 1006 892 eandem]

212 947 312 990 sunem
334 941 403 989 iuste
426 945 452 988 et
474 939 594 1003 legaliter
616 938 817 1002 pertinentibus,
842 953 901 986 oum
924 937 1007 986 aecle-

178 1047 252 1097 ssia
275 1050 301 1094 et
323 1043 431 1093 decimis
454 1043 594 1092 curtilibus
617 1041 744 1092 aedificiis
769 1042 908 1105 mancipiis
937 1042 1007 1106 agris

212 1151 295 1214 pratis
323 1148 419 1196 vinetis
448 1146 522 1196 silvis
551 1148 656 1211 pascuis
686 1145 792 1212 alpibus
822 1145 898 1209 aquis
927 1159 1007 1210 aqua-

213 1269 304 1302 rumve
327 1252 482 1302 decursibus
500 1251 619 1300 fontibus
633 1249 729 1314 insulis
746 1249 939 1314 piscationibus
954 1263 1007 1296 ruo-

213 1357 327 1406 leudiuis
356 1357 434 1405 cultis
464 1361 490 1405 et
510 1353 626 1416 ¹incultis
655 1355 765 1418 quesitis
794 1359 819 1402 et
845 1351 1009 1417 inquirendis

213 1461 389 1524 omnibusque
412 1459 445 1508 ud
469 1459 581 1508 eundem
612 1458 699 1509 locum
723 1460 771 1507 rite
795 1457 1008 1507 subsistentibus.

162 1566 194 1614 10
214 1549 322 1631 Quam
352 1557 476 1612 curtem
506 1546 715 1633 postmodnm
744 1543 909 1611 Arnaldus
941 1545 1009 1628 qui-

213 1653 289 1716 dam
304 1653 423 1716 iniuste
440 1650 501 1714 sibi
514 1649 712 1714 abstractam
724 1650 910 1734 imperatori
923 1657 1010 1732 pate-

212 1759 298 1821 fecit.
338 1754 438 1819 Cuius
467 1752 726 1838 proclamatione
755 1755 932 1837 imperator
954 1773 1009 1814 au-

213 1871 326 1944 gustus
350 1843 525 1943 inpulsuse
547 1856 668 1922 eleetos
685 1859 773 1921 viros
793 1877 834 1920 ex
851 1857 946 1920 Retia
970 1855 1009 1919 de

213 1967 285 2048 ipsa
314 1974 419 2044 curte,
451 1965 503 2026 eui
534 1963 617 2026 iuste
647 1962 807 2045 pertinere
833 1960 1009 2040 debuisset,

163 2083 194 2132 la
212 2072 318 2133 iurare
342 2068 453 2132 iussit:
484 2063 656 2151 inprimisb
679 2064 845 2146 Ionianus,
869 2063 1009 2128 Vuolue-

212 2171 321 2255 radus,
343 2172 470 2256 Bappo,
494 2169 641 2250 Seianus,
665 2167 846 2251 Egelolius,
869 2166 1010 2232 Ruodol-

213 2278 280 2359 fus,
314 2273 558 2362 Reginhardus,
593 2273 761 2354 Riharius,
798 2272 1010 2352 Lionaianus,

212 2382 337 2461 Victor,
356 2376 619 2458 Erchembertus,
637 2375 788 2460 Vigilius,
805 2376 1010 2456 Valerianus,

212 2486 291 2548 item
318 2482 469 2567 Vigilius.
508 2481 566 2544 Isti
596 2502 739 2566 namque
768 2481 836 2543 veri
864 2479 1011 2544 homines

163 2604 197 2653 20
216 2587 335 2672 aliique
359 2585 472 2650 obtimi
496 2607 538 2648 ex
560 2584 680 2648 Retiac
709 2585 741 2647 in
769 2586 933 2668 presentis
955 2585 1011 2646 im-

214 2691 374 2778 peratoris
412 2686 544 2752 Ottonis
581 2695 613 2749 et
650 2686 847 2766 Pernnonis,
883 2685 1011 2765 Vtonis,

215 2792 420 2874 Ohuonradi,
457 2788 663 2872 Huodelrici,
698 2787 885 2870 Adalberti,
920 2789 1012 2872 Hup·

215 2898 314 2985 paldi,
343 2897 507 2979 Rihnnini,
538 2893 694 2976 Liutoldi,
724 2892 907 2974 Vuolfradi,
935 2893 1011 2956 Liu-

214 3002 296 3068 toldi
319 2997 501 3066 comitumd
525 2997 727 3082 aliorumque
747 2997 944 3062 obtimornm
966 2998 1011 3060 iu-

164 3123 197 3169 25
215 3114 379 3187 raverunt,
399 3103 487 3190 quod
502 3105 586 3168 iuste
602 3102 809 3187 legitimeque
825 3102 1013 3187 imperatori

217 3211 390 3296 pertineret
413 3217 446 3272 et
468 3206 588 3272 exinde
612 3205 767 3292 quicquid
791 3205 851 3270 sibi
873 3204 1012 3290 placuis-

217 3324 266 3380 set
287 3312 429 3379 faciendi
453 3311 591 3376 liberam
612 3308 780 3375 habuisset
807 3319 1014 3395 potestatem.

217 3420 312 3484 Hane
341 3425 467 3482 curtem
493 3412 702 3496 auctoritate
724 3413 840 3498 nostlri
869 3415 1014 3499 precepti

216 3520 488 3609 1·e[novavi]mns,
518 3527 554 3586 ut
581 3517 706 3584 firmius
736 3516 886 3582 stabilius
910 3518 1015 3583 eidem

166 3645 199 3693 30
217 3627 334 3712 eclesie
350 3627 482 3712 perenni
498 3625 567 3689 iure
582 3632 642 3689 ut⁰
658 3622 814 3688 succedat
830 3643 888 3708 pro
904 3642 1014 3687 amore

218 3731 269 3796 dei
292 3753 352 3794 nec
375 3752 442 3794 non
465 3739 497 3794 et
519 3728 656 3814 predicti
680 3727 826 3814 episcopi
846 3725 1014 3811 Hartperti

218 3843 249 3896 et
273 3833 470 3896 successoris
495 3832 544 3895 sui
567 3829 741 3896 Hiltibaldi
764 3831 923 3916 episcopi.

892 3935 949 4013 (st.
971 3935 1012 4013 6.)

167 4159 200 4207 35

1790 417 1853 484 573

1058 642 1106 690 pro
1136 625 1250 676 remedio
1279 626 1382 674 animae
1410 631 1516 675 nostrae
1545 641 1577 675 er
1605 627 1708 692 integro
1731 612 1853 676 condo·

1059 715 1210 779 navimus
1234 743 1265 778 ac
1284 727 1391 778 firmiter
1414 713 1670 778 contradidimus
1694 747 1753 780 cum
1773 735 1854 782 omni-

1059 835 1109 882 bus
1132 832 1166 881 ad
1189 833 1298 882 eandem
1321 837 1421 882 curtem
1444 815 1554 883 iustaeb
1584 841 1610 884 et
1634 835 1754 900 legaliter
1777 841 1855 901 perti-

1060 938 1192 998 nentibus,
1217 953 1276 986 cum
1300 937 1429 986 aecclesia
1451 944 1478 986 et
1500 937 1608 987 decimis
1628 940 1767 990 curtilibus
1786 942 1855 991 aedi·

1060 1039 1122 1088 litiis
1152 1042 1291 1104 mancipiis
1320 1042 1390 1106 agris
1420 1043 1502 1104 pratis
1531 1043 1626 1091 vinetis
1653 1042 1727 1092 silvis
1748 1046 1855 1109 pascuis

1060 1145 1166 1210 alpibus
1195 1146 1271 1210 aquis
1300 1159 1462 1209 aquarumve
1493 1146 1648 1196 decursibus
1677 1147 1796 1198 fontibus
1818 1150 1855 1199 in-

1062 1248 1127 1298 sulis
1156 1249 1348 1313 piscationibus
1376 1249 1534 1299 molendinis
1557 1235 1733 1300 mobilibus
1757 1247 1789 1302 ei
1810 1239 1855 1301 in·

1061 1336 1237 1403 mobilibus
1266 1352 1345 1402 cultis
1374 1357 1400 1401 et
1428 1353 1535 1402 incultis
1564 1356 1691 1418 ‹prraesitis
1720 1361 1746 1406 et
1771 1357 1856 1421 inqui-

1062 1457 1151 1507 rendis
1180 1458 1355 1521 omnibusque
1383 1457 1417 1506 ad
1446 1457 1558 1506 eundern
1586 1458 1675 1508 locum
1703 1461 1752 1510 rite
1773 1461 1857 1510 subsi-

1063 1562 1201 1611 stentibus.
1241 1545 1391 1610 Obcunte
1414 1569 1553 1632 namque
1580 1547 1761 1632 praelibato
1793 1550 1859 1612 iam

1063 1648 1207 1714 eiusdem
1236 1649 1417 1714 aecclesiae
1448 1652 1618 1735 episeopo,
1648 1649 1858 1716 Hildibaldus

1062 1752 1259 1818 venerabilis
1288 1755 1462 1838 episcopus
1491 1756 1559 1819 eius
1590 1754 1664 1820 loeo
1696 1758 1776 1820 satis
1799 1777 1857 1841 pro

1062 1857 1184 1921 meritis
1208 1857 1402 1940 subrogatus
1419 1867 1477 1921 est.
1513 1857 1587 1938 Quo
1606 1857 1860 1943 [praesu]lantec

1062 1960 1228 2025 Amaldus
1264 1959 1411 2025 Odalrici
1444 1960 1531 2025 filius
1566 1962 1763 2048 querelando
1798 1986 1858 2027 nos

1063 2064 1176 2128 adiens
1192 2064 1326 2128 firmiter
1342 2065 1517 2149 professus,
1541 2075 1656 2130 contra
1679 2067 1729 2131 ius
1750 2066 1859 2132 locum

1064 2168 1203 2232 eundem
1233 2168 1296 2232 sibi
1323 2169 1424 2232 fnisse
1458 2168 1660 2234 subtractum
1693 2170 1860 2256 multoque

1064 2273 1178 2356 equius
1202 2271 1245 2336 ad
1268 2293 1362 2335 snam
1384 2271 1579 2336 aecclesiam
1602 2272 1783 2338 Skennines
1804 2296 1860 2338 vo-

1064 2374 1182 2439 cabulo
1207 2374 1343 2438 eandem
1368 2386 1492 2440 curtem
1516 2398 1614 2462 quant
1638 2377 1692 2441 ubi
1708 2399 1768 2442 nos
1785 2401 1861 2442 con·

1065 2477 1257 2543 tradidimus
1280 2481 1495 2564 appertincre.
1519 2480 1588 2544 Nos
1612 2481 1732 2566 quippe
1747 2484 1861 2546 verita-

1066 2582 1105 2647 tis
1134 2605 1167 2645 re
1197 2581 1443 2667 perspitiend[a]
1468 2585 1557 2647 cives
1581 2581 1754 2649 Curienses
1778 2584 1861 2650 Con·

1066 2688 1185 2750 stantie
1207 2686 1302 2752 nobis
1327 2686 1458 2750 obviam
1486 2687 1661 2752 convenire
1691 2691 1861 2772 iussimus3

1066 2790 1184 2877 quibus
1199 2815 1275 2856 vero
1291 2791 1413 2856 ibidem
1428 2794 1597 2856 conventis
1614 2791 1863 2876 diligentissima

1065 2896 1315 2979 investigatione
1353 2897 1522 2960 veritatem
1561 2895 1636 2960 inde
1670 2899 1861 2980 examinari,

1066 2999 1198 3064 tandem
1213 3001 1468 3065 iuramentorum
1482 3003 1718 3065 contestatione
1735 3004 1863 3087 cupien-

1066 3113 1125 3184 tes,
1145 3103 1327 3187 quiauum,
1343 3104 1570 3187 Uuolfradum,
1587 3105 1789 3188 Rabbonem,
1807 3106 1862 3170 Sc-

1066 3208 1208 3290 gianum,
1229 3207 1642 3290 Egilullum,Ruodolfi1m,
1660 3209 1862 3292 Rihkariurn,

1067 3310 1295 3392 Leontianurn,
1325 3310 1480 3394 Uiffl'lium
1503 3321 1535 3376 et
1558 3315 1674 3376 iterum
1696 3311 1863 3395 Uigilium,

1066 3412 1233 3479 Valerium
1257 3413 1403 3499 aliosque
1426 3413 1571 3478 eiusdem
1592 3417 1765 3480 comitatus
1783 3417 1863 3500 opti·

1067 3540 1139 3582 mos
1163 3540 1259 3602 qnam
1284 3516 1391 3602 plures
1415 3516 1474 3581 snb
1498 3519 1602 3582 nostri
1626 3520 1789 3604 presentia
1813 3541 1862 3583 ce-

1067 3632 1273 3706 terorumque
1292 3631 1477 3684 nostrorum
1496 3623 1679 3705 primatum,
1703 3624 1863 3688 Bemonis

1067 3724 1218 3788 videlicet
1233 3725 1361 3788 comitis
1379 3724 1523 3809 palatini,
1548 3723 1747 3806 Chuonradi,
1767 3726 1865 3791 Odal-

1066 3829 1136 3910 rici,
1160 3827 1342 3910 Adalberti,
1367 3827 1543 3909 Hucbaldi,
1573 3829 1736 3912 Rihnnini,
1766 3829 1864 3894 Gete-

1066 3932 1158 4015 fredi,
1183 3932 1383 4017 lllanagoldi,
1405 3932 1864 4015 Lantoldi,Vuolf1·adi‚Liu-

1067 4037 1147 4101 toldi
1164 4033 1340 4102 comitumd
1355 4036 1557 4122 aliorumque
1571 4040 1768 4122 optimorum
1780 4059 1866 4102 com-

1068 4142 1218 4226 plurium,
1242 4142 1379 4206 iurando
1398 4141 1527 4212 firmare
1550 4163 1589 4205 ac
1606 4145 1765 4208 veraciter
1781 4165 1866 4207 corn-

219 4246 392 4333 probare0,
417 4247 444 4310 si
467 4247 534 4310 iam
557 4245 646 4309 dicta
668 4247 768 4310 curtis
791 4255 868 4310 tune
892 4248 1048 4331 temporis
1073 4245 1203 4332 quando
1227 4269 1299 4311 eam
1322 4245 1398 4310 illuc
1422 4245 1631 4329 tradidimus,
1654 4248 1757 4312 nostri
1781 4259 1868 4311 esset

219 4351 298 4416 iuris
321 4372 360 4414 ao
383 4350 554 4435 potestatis
577 4369 650 4412 eam
672 4347 822 4412 tradendi
846 4348 897 4412 vel
919 4371 995 4414 non.
1041 4349 1151 4414 lurato
1176 4353 1295 4435 quippe
1318 4352 1533 4414 communiter
1559 4349 1602 4414 ab
1632 4351 1677 4414 eis
1707 4351 1866 4436 nobisque

219 4465 298 4520 tuno
320 4457 354 4518 in
376 4453 544 4540 proprium
567 4443 696 4533 ead[em
718 4461 809 4515 curte
833 4451 1018 4536 p]ublieiter
1041 4451 1205 4534 condicta,
1237 4453 1322 4517 hane
1344 4455 1446 4517 nostri
1469 4455 1697 4518 auctoritatem
1722 4456 1867 4540 precepti

219 4559 459 4636 renovavimus,
483 4555 540 4620 tali
564 4553 689 4620 scilicet
710 4557 837 4619 ratione
860 4565 897 4618 nt
918 4555 1009 4620 locus
1033 4556 1104 4640 ipse
1127 4557 1311 4640 perenniter
1333 4554 1437 4619 eidem
1461 4555 1641 4624 aecclesiae
1659 4559 1804 4623 omnium
1822 4561 1868 4622 in-

169 4661 408 4750 inquietudine
438 4669 563 4726 semota
593 4661 751 4723 consistat
779 4657 938 4743 nobisque
966 4659 1018 4722 vel
1049 4681 1274 4724 successorum
1303 4669 1488 4724 nostrorum
1518 4661 1660 4744 cuipiam
1682 4661 1769 4726 hunc
1792 4663 1868 4728 inde

222 4791 373 4834 amovere
395 4767 548 4853 aliquove
570 4764 701 4848 ingenio
726 4763 801 4828 inde
825 4759 946 4827 liceatr
966 4761 1165 4846 subtrahere,
1191 4762 1249 4827 sed
1271 4761 1410 4828 ecclesia
1434 4765 1589 4827 securiter
1612 4786 1651 4828 ae
1674 4767 1869 4850 potestative

221 4871 349 4956 eade[m
378 4867 481 4956 eulrte
509 4878 701 4956 permaneat
730 4868 892 4933 investita.
937 4866 981 4930 Et
1011 4875 1046 4930 ut
1074 4865 1137 4930 hoc
1167 4888 1321 4951 praesens
1352 4888 1391 4931 ac
1413 4875 1604 4931 renovatum
1627 4878 1775 4933 nostrum
1798 4891 1868 4954 pre·

221 4987 349 5063 ceptum
378 4975 502 5042 firmius
532 4973 746 5058 stabiliusque
775 4973 900 5038 cunetis
931 4981 1090 5036 sanctaeg
1122 4971 1172 5036 dei
1204 4971 1383 5038 aecclesiae
1413 4971 1487 5036 filiis
1516 4975 1674 5057 perpetim
1707 4973 1868 5058 credatur,

220 5081 305 5146 hano
329 5089 455 5145 cartam
475 5077 612 5144 inscribi
633 5079 786 5144 iussimus
811 5076 972 5163 anuloque
995 5087 1107 5140 nostro
1131 5075 1317 5159 insignitam
1341 5077 1474 5161 propria
1493 5097 1591 5140 manu
1609 5085 1721 5140 nestra
1740 5076 1868 5160 subdus

170 5197 203 5244 te
221 5185 445 5268 fir]mavimus.

249 5355 321 5409 tw.
341 5353 448 5422 [Sit-kei]
529 5355 555 5420 a)
570 5370 620 5405 oon
642 5359 759 5417 spaterer
776 5353 858 5405 Haud
880 5355 913 5404 iet
938 5357 965 5403 in
988 5371 1017 5402 zu

341 5429 376 5474 im
402 5422 558 5476 wwuudelt
647 5425 673 5484 b)
693 5441 710 5474 n
736 5423 797 5473 iiber
819 5423 867 5473 der
889 5423 958 5474 Zeila
979 5440 1018 5473 ro·

334 5493 392 5557 sort
409 5491 596 5556 nuclpetruqen
666 5499 689 5552 c)
710 5492 808 5559 aliique
821 5493 945 5543 -Retia
962 5509 1018 5544 eunt

344 5561 479 5616 scarnen
497 5561 544 5611 der
560 5561 682 5612 Urlruude
700 5562 761 5612 uter
784 5561 831 5612 der
848 5561 918 5612 assa
939 5561 1018 5612 nuch-

173 5659 206 5707 50
341 5655 462 5716 petruyen
536 5649 563 5712 d)
580 5634 648 5700 conii
666 5649 689 5699 A
764 5651 789 5708 e)
808 5649 869 5698 iiber
886 5649 933 5699 der
950 5648 1020 5699 Zeila

344 5717 537 5784 sosipatrum,
544 5715 803 5784 Scblimmbecrovuup
812 5718 857 5770 der
864 5715 1020 5770 &brothers

1098 5351 1168 5406 llil.
1191 5357 1214 5417 c)
1232 5371 1281 5403 nur
1293 5371 1321 5403 su
1334 5373 1364 5403 zu
1382 5357 1512 5418 erpc'iuzeu,
1531 5353 1568 5402 du
1587 5355 1656 5404 laute
1673 5371 1739 5418 ponz
1756 5355 1869 5405 deutlich

1191 5423 1244 5472 rand
1255 5424 1291 5474 aa
1303 5424 1368 5473 nuclr
1381 5439 1430 5474 von
1448 5439 1459 5471 s
1478 5423 1525 5472 dcv
1537 5423 1609 5473 obera
1625 5425 1697 5474 Pseu
1713 5423 1777 5474 aocd
1789 5424 1869 5474 richt-

1191 5494 1238 5542 bor·
1255 5495 1288 5542 at
1358 5494 1384 5556 d)
1402 5495 1460 5544 corii
1473 5493 1534 5542 aba·
1545 5493 1592 5542 der·
1603 5493 1672 5543 Zeile
1683 5492 1870 5558 uucdyctrnpen

1193 5567 1215 5620 e)
1237 5581 1266 5611 zu
1290 5567 1413 5628 erpdaaeu
1441 5565 1564 5614 iussimus
1642 5561 1704 5626 t)A
1728 5569 1789 5612 stott
1816 5581 1869 5614 non

1192 5625 1273 5683 liceat
1368 5635 1396 5700 g)
1421 5649 1483 5684 scae
1509 5630 1574 5682 ohne
1593 5629 1869 5698 Atatmnqmutm.
