4560 6436
906 413 1032 471 ΟΤΤΟ
1054 415 1078 470 1.
1102 410 1174 470 972.
1803 403 1866 468 577

217 592 386 679 utriusque
409 614 508 657 sexus
530 593 701 677 mancipiis
725 591 877 656 aedifitiis
900 595 995 657 terris
1018 593 1114 658 cultis
1137 602 1170 658 et
1191 592 1322 658 incultis
1341 593 1444 658 bratis
1457 605 1470 632 ⁸
1492 595 1623 679 pascuis
1640 595 1731 660 silvis
1746 595 1866 681 aquisb

218 704 441 782 aquarumve⁶
470 694 659 759 decursibus
688 693 831 760 exitibus
860 703 893 760 et
920 694 1078 760 reditibus
1108 696 1243 782 quesitis
1272 705 1305 760 et
1332 696 1533 782 inquirendis
1563 706 1692 761 etcum
1715 695 1865 761 omnibus

219 797 396 864 eorundem
419 796 579 884 legalibus
602 798 760 882 iustisque
782 799 1041 882 appertinentiis,
1065 798 1123 863 tali
1139 798 1292 863 videlieet
1314 801 1452 864 rationis
1475 808 1587 864 tenore
1605 808 1642 864 ut
1658 798 1763 864 libera
1778 798 1865 863 dein·

219 925 299 988 ceps
328 903 452 966 fruatur
479 900 613 968 licentia
641 901 722 966 haec
751 900 885 967 tenendi
914 900 1014 966 dandi
1045 901 1267 966 commutandi
1297 925 1354 966 seu
1377 903 1533 990 quiequid
1556 901 1617 966 sibi
1639 902 1770 967 libuerit
1790 901 1866 967 inde

186 1006 373 1071 nfaciendi.
411 1007 454 1070 Et
476 1017 513 1070 ut
533 1004 615 1069 haec
637 1009 741 1070 nostri
764 1027 920 1090 praesens
944 1005 1122 1069 auctoritas
1151 1007 1318 1091 praecepti
1348 1005 1471 1070 firmior
1500 1004 1711 1091 stabiliorque
1740 1007 1865 1070 cunctis

219 1121 352 1175 sanctae
376 1109 427 1174 dei
450 1109 631 1174 aecclesiae
653 1109 729 1174 filiis
748 1111 906 1195 perpetim
922 1109 1083 1192 credatur,
1106 1109 1191 1173 hanc
1209 1111 1456 1194 inscriptionem
1470 1111 1539 1175 fieri
1555 1131 1717 1195 manuque
1734 1113 1866 1196 propria

220 1212 333 1277 subtus
355 1211 546 1277 roboratam
569 1212 657 1276 anuli
682 1214 785 1277 nostri
807 1213 1009 1298 inpressione
1032 1214 1185 1278 iussimus
1209 1213 1353 1298 sigillari.

320 1345 334 1428 l
357 1347 492 1432 Signum
516 1347 626 1414 domni
651 1348 784 1416 Ottonis
809 1351 873 1431 (M.)
898 1352 1008 1435 magni
1032 1359 1066 1415 et
1085 1350 1291 1416 invictissimi
1314 1353 1519 1437 imperatoris
1542 1347 1719 1436 augusti}

320 1447 548 1536 lUuilligisns
571 1453 719 1518 notarius
741 1454 893 1519 advioem
914 1454 1074 1519 Rodberti
1095 1453 1374 1541 archicappellani
1397 1453 1556 1532 notavi}
1648 1457 1704 1535 (SI.
1723 1457 1764 1533 6.)
1785 1455 1867 1536 (SR)

169 1603 201 1651 ιο
320 1589 410 1654 Data
426 1611 503 1655 non.
520 1590 629 1656 octob.
645 1613 732 1656 anno
756 1589 1016 1657 incarnationisd
1039 1591 1222 1658 dominicae
1246 1607 1480 1675 nccccnxxnr,
1506 1592 1683 1658 indictione
1698 1609 1756 1674 xv,
1779 1612 1866 1655 anno

218 1695 309 1778 regni
333 1692 444 1759 domni
467 1691 599 1759 Ottonis
622 1713 758 1778 xxxin,
780 1696 907 1780 imperii
929 1704 1039 1760 autem
1063 1712 1145 1778 xm3
1172 1705 1283 1761 actum
1304 1694 1456 1761 Dribure.

999 1937 1085 2011 423.

228 2089 308 2168 Ono
336 2092 602 2191 besttttiqtdem
628 2091 782 2192 Biscbof
802 2093 972 2192 Piliprim
998 2119 1071 2166 oon
1097 2091 1240 2165 Pussou
1267 2091 1506 2190 Besitzuupeo
1532 2091 1573 2163 io
1600 2090 1665 2164 der
1694 2089 1865 2166 Waclrau.

1363 2215 1602 2276 marcessere
1627 2213 1752 2274 Oktober
1774 2217 1824 2274 18.

324 2403 571 2478 Oriqinoldiplom
599 2407 642 2462 im
670 2405 697 2463 k.
722 2403 930 2466 Reiclscrcbio
956 2423 997 2464 zu
1019 2405 1172 2464 Mencken
1196 2403 1258 2484 (A).
1288 2439 1330 2448 -
1353 2401 1450 2465 Codes
1472 2403 1709 2476 Lmudcrfinnus
1737 2421 1794 2463 aas
1817 2404 1870 2463 der

322 2507 482 2567 Materies
504 2507 627 2568 raJh.
651 2507 674 2578 s.
700 2505 750 2568 51⁴
773 2507 918 2587 edenda(
948 2509 969 2588 l.

322 2645 488 2712 Brasclu'us
514 2645 560 2705 De
581 2645 737 2705 Lourecco
758 2647 849 2705 ueteri
873 2650 933 2706 113
956 2647 1027 2720 Res.
1050 2663 1091 2706 aa
1113 2651 1186 2706 973.
1215 2680 1258 2688 -
1287 2647 1405 2706 Wiener
1427 2646 1615 2706 Jahreoceer
1637 2645 1689 2704 der
1712 2645 1870 2705 Minatur

322 2743 385 2820 tol,
410 2754 449 2808 11
473 2753 542 2809 01⁰9
565 2767 622 2809 arra
645 2749 676 2809 D
697 2768 738 2808 su
760 2754 834 2811 973.
856 2783 899 2793 -
920 2751 1004 2810 Mon.
1021 2750 1116 2809 Boico
1136 2753 1204 2820 28⁶,
1227 2754 1293 2810 192
1313 2756 1347 2807 πθ
1362 2753 1426 2810 133
1448 2767 1505 2809 aas
1526 2748 1564 2808 A.
1588 2783 1630 2792 -
1651 2749 1782 2808 Botmer
1795 2751 1867 2824 Ray.

321 2855 395 2913 396.
418 2886 463 2896 -
484 2852 612 2926 Stamps
630 2855 703 2927 Rep.
728 2857 801 2914 519.

326 2991 388 3051 Vos
412 2990 481 3053 WO.
510 2993 586 3052 nach
613 2994 695 3051 casa
720 2993 799 3051 aare
829 2993 995 3052 ertatem
1017 2992 1080 3053 VU.
1112 2992 1213 3052 dietat
1239 2991 1504 3066 monacharius
1526 2992 1581 3049 mit
1603 2989 1733 3052 DO.11.
1756 2996 1869 3066 arqe-

322 3097 482 3156 schenden.

325 3299 383 3381 (0.)
414 3296 428 3378 ξ
455 3297 494 3362 In
521 3299 652 3363 nomine
676 3307 809 3364 sanctae
831 3308 863 3363 et
885 3297 1073 3364 individuae
1094 3301 1260 3364 trinitatis.
1306 3297 1384 3364 Otto
1408 3299 1520 3364 divina
1542 3299 1674 3364 favente
1698 3298 1870 3364 clementia

221 3407 398 3490 imperator
425 3413 594 3488 augusun.
692 3401 726 3468 Si
755 3403 929 3487 petitiones
959 3425 1125 3468 servornm
1155 3402 1206 3468 dei
1232 3405 1338 3468 instas
1361 3412 1393 3468 et
1413 3402 1626 3468 rationabiles
1650 3401 1693 3468 ad
1715 3403 1870 3468 effetum*

221 3507 444 3594 perducimus,
473 3509 487 3589 ξ
515 3506 578 3571 boc
607 3507 702 3571 nobis
731 3506 845 3592 procul
874 3505 973 3572 dubio
1002 3505 1047 3572 ad
1072 3515 1203 3591 aeterne
1224 3507 1495 3572 remunerationis
1518 3508 1644 3592 premia
1665 3505 1870 3592 capessenda

170 3625 203 3673 ac
222 3611 425 3696 profuturum
447 3609 571 3695 liquido
595 3609 767 3675 credimus.
807 3609 1015 3695 Quapropter
1038 3611 1207 3695 conperiat
1231 3611 1375 3674 omnium
1397 3609 1541 3675 fidelium
1565 3619 1697 3675 sanctae
1721 3609 1773 3674 dei
1796 3632 1869 3675 aec·

220 3714 338 3779 clesiae
361 3724 611 3799 nostrorumque
640 3715 838 3798 presentium
867 3713 992 3777 scilicet
1019 3723 1051 3776 et
1073 3713 1255 3778 futurorum
1277 3712 1454 3795 industria,
1485 3712 1624 3798 qualiter
1646 3715 1871 3778 interventus·

220 3819 348 3904 nepotis
370 3818 472 3882 nostri
501 3817 666 3883 karissimi
697 3816 789 3882 ducis
819 3817 964 3881 Heinrici
994 3826 1092 3901 atque
1121 3816 1327 3881 Theothcriei
1357 3815 1525 3880 reverendi
1556 3815 1695 3901 presulis
1723 3827 1869 3882 nostram

220 3919 421 4005 imperialem
443 3918 699 4005 imploraverunt
721 3918 957 4001 celsitudinem,
981 3929 1141 4006 quatenns
1165 3921 1298 3985 sanctae
1314 3920 1546 3985 Lauriacensis
1565 3918 1751 4005 aecclesieb
1773 3943 1869 3986 vene-

220 4023 315 4089 rabili
339 4023 485 4109 pontifioi
507 4017 685 4106 Piligrimo*
698 4022 862 4109 quandam
881 4022 1091 4088 traditionem
1106 4023 1277 4090 cuiusdam
1293 4027 1509 4090 antecessoris
1525 4025 1637 4107 nostri,
1662 4023 1868 4090 Lhndouuici

91 4125 101 4140 ⁰
170 4141 204 4190 ao
222 4126 347 4191 seilicet
374 4127 476 4210 regis,
510 4126 677 4212 quondam
705 4123 885 4190 aecclesiae
915 4149 971 4210 sue
1000 4126 1124 4192 factam
1152 4149 1228 4191 cum
1256 4137 1367 4192 nostro
1398 4136 1552 4213 precepto
1582 4149 1814 4193 renovaremus
1838 4138 1870 4192 et

222 4231 498 4314 confirmaremus,
521 4231 584 4296 hoc
607 4240 657 4296 est
678 4233 712 4296 in
736 4231 808 4296 loco
832 4232 886 4316 qui
910 4230 1028 4295 dicitur
1042 4230 1226 4295 Vnaehoua
1248 4232 1281 4294 in
1304 4234 1375 4317 ripa
1391 4230 1536 4295 Danubii
1560 4232 1593 4294 in
1615 4233 1772 4296 comitatu
1788 4233 1868 4296 Bur·

222 4334 334 4400 ohardi
356 4334 555 4400 marchionis
577 4337 690 4400 vineas
714 4334 876 4421 quasdam
898 4344 930 4399 et
952 4344 1096 4400 montem
1119 4357 1138 4397 a
1160 4332 1270 4419 lapide
1294 4357 1396 4420 usque
1425 4333 1469 4398 ad
1497 4355 1659 4399 summum
1687 4337 1808 4399 montis
1835 4337 1868 4399 in

221 4438 356 4523 longum
379 4449 411 4504 st
432 4439 534 4504 latum
557 4439 611 4525 qui
635 4439 806 4502 interiacet
828 4437 1018 4503 Altahensis
1041 4437 1221 4501 aecclesiae
1248 4459 1290 4500 ex
1320 4435 1515 4500 occidentali
1545 4435 1643 4521 plaga
1673 4437 1834 4500 territorio
1848 4447 1868 4517 ⁰,

222 4565 264 4607 ex
292 4541 439 4608 orientali
468 4551 577 4607 autem
608 4542 837 4626 Frigisigensis
872 4540 1061 4605 aecclesiae.
1107 4538 1254 4619 Quorum
1287 4538 1505 4623 peticionibus
1541 4559 1650 4601 aurem
1687 4539 1869 4602 serenitatis

172 4657 204 4706 ³5
222 4655 353 4711 nostrae
383 4646 636 4712 accomodantes
665 4644 738 4710 illas
766 4646 879 4709 vineas
908 4652 941 4707 et
968 4653 1111 4716 montem
1139 4665 1159 4706 a
1188 4640 1299 4726 lapide
1327 4662 1430 4725 usque
1459 4639 1502 4704 ad
1529 4662 1689 4704 summum
1711 4641 1870 4706 tradimus

223 4749 355 4815 domino
378 4759 490 4815 nostro
514 4759 546 4813 et
568 4751 691 4814 sanctis
713 4747 900 4813 martiribus
924 4746 1092 4833 Stephano
1115 4756 1212 4833 atque
1235 4746 1425 4825 Laurentio,
1449 4753 1484 4806 ut
1506 4743 1661 4808 fratribus
1682 4745 1870 4808 memoratis

223 4855 345 4919 sanctis
369 4852 583 4918 servientibus
607 4852 780 4939 proficiant
802 4863 834 4916 et
855 4854 888 4916 in
912 4873 1007 4918 usum
1030 4857 1257 4936 permaneant,
1288 4858 1324 4913 ut
1346 4871 1405 4934 pro
1429 4847 1534 4912 salute
1557 4857 1669 4912 nostra
1692 4857 1724 4912 et
1747 4846 1871 4912 stabili-

222 4965 289 5021 tate
311 4957 402 5040 regni
424 4957 527 5021 nostri
552 4957 706 5020 attentius
729 4977 866 5020 exorare
890 4953 1039 5019 delectet.
1084 4953 1129 5016 Et
1150 4963 1185 5016 ut
1206 4951 1267 5016 hec
1291 4953 1470 5017 auctoritas
1498 4961 1628 5016 nostrae
1656 4952 1869 5016 restitutionis

222 5071 254 5125 et
281 5063 374 5126 istius
405 5060 558 5144 moderna
581 5059 767 5124 traditionis
790 5081 849 5144 per
871 5057 1023 5123 diuturna
1046 5067 1194 5140 tempora
1217 5077 1238 5120 a
1261 5057 1387 5121 eunctis
1411 5053 1529 5119 Christi
1553 5053 1704 5120 fidelibus
1727 5057 1870 5119 veratius

173 5172 206 5220 40
223 5164 376 5230 credatur
397 5173 430 5229 et
451 5163 575 5228 firmins
598 5162 803 5245 observetur,
834 5183 934 5228 manu
960 5161 1094 5246 propria
1122 5157 1323 5224 firmavimus
1352 5171 1384 5224 et
1414 5157 1502 5224 anuli
1531 5159 1634 5223 nostri
1658 5160 1870 5242 impressione

225 5266 359 5350 sigillari
384 5267 547 5332 iussimus.

309 5453 369 5510 ⁴22.
395 5455 504 5576 1))Ιῶὴὲ
520 5455 649 5506 dcrbr'ls
663 5454 850 5520 melyas-apsa
883 5455 886 5461 “
937 5459 962 5518 e)
981 5472 998 5504 v
1016 5471 1081 5504 corr.
1100 5471 1148 5504 aar
1165 5452 1261 5505 Anam
1277 5471 1308 5504 su
1325 5473 1343 5520 q
1430 5453 1457 5518 d)
1474 5451 1676 5504 incarnaretur
1694 5451 1872 5518 Abisamam·

395 5541 445 5576 m

311 5627 370 5682 42³.
398 5627 506 5698 [Siclrel]
610 5627 675 5694 a)d
779 5628 808 5688 b)
827 5629 917 5696 aec'ffle
939 5645 1005 5679 corr.
1023 5645 1071 5678 aar
1094 5630 1191 5678 aeffcae
1295 5627 1321 5694 c)
1340 5627 1382 5678 cin
1404 5627 1503 5677 mellae
1526 5627 1657 5677 territerio
1680 5625 1769 5677 merda
1791 5625 1873 5676 dcrcb

75 5755 78 5758 Ι
173 5693 208 5744 45
397 5701 471 5748 duan
487 5697 613 5748 donanter
627 5703 750 5762 peretum
769 5696 857 5748 strat
874 5698 984 5764 nrrps'ltip
1002 5697 1108 5748 ekldrt.

276 5803 502 5852 naumann
1610 5803 1651 5862 73
