4554 6414
910 411 1033 473 otro
1056 415 1079 473 l.
1105 409 1178 476 93⁷.
1824 405 1866 475 99

221 607 305 664 tetur
326 597 515 665 iudiciariae
537 599 701 685 potestati,
725 599 822 663 ceteri
844 620 921 663 vero
945 600 979 663 in
998 597 1183 664 subditione
1204 597 1440 683 archiepiscopi
1463 610 1685 683 permaneant.
1730 599 1763 666 Si
1787 623 1864 665 vero

220 700 337 787 aliquis
366 724 408 764 ex
436 701 559 765 libertis
588 701 726 766 voluerit
753 703 956 786 iamundling
977 701 1029 766 vel
1056 703 1133 767 litus
1155 702 1224 767 fieri
1247 713 1304 767 aut
1326 705 1423 766 efiam
1445 702 1581 768 colonus
1604 704 1647 769 ad
1669 707 1867 768 monasteria
1953 737 1955 740 ·

220 805 408 891 supradicta
431 827 505 869 cum
527 827 688 869 consensu
711 804 906 870 coheredum
929 827 1071 887 suorum,
1093 828 1159 870 non
1183 805 1394 891 prohibeatur
1414 829 1435 869 a
1453 805 1597 891 qualibet
1615 817 1785 891 potestate,
1809 809 1867 874 sed

219 908 339 972 habeat
360 908 524 972 licentiam
546 918 659 973 nostra
681 911 891 989 auctoritate3
913 907 1033 973 habeat
1056 932 1183 995 qnoque
1206 919 1401 994 potestatem
1423 908 1609 994 praedictus
1623 909 1778 995 Adaldag
1795 933 1866 977 suc·

184 1024 428 1097 acessoresque
460 1013 529 1075 eius
559 1010 871 1094 Hammaburgensis
900 1011 1079 1075 aecclesiae
1107 1012 1343 1098 archiepiscopi
1374 1035 1472 1098 super
1497 1011 1631 1077 libertos
1654 1024 1687 1078 et
1707 1013 1866 1079 iamundi-

218 1115 324 1199 lingos
347 1117 617 1179 monasteriorum
640 1116 900 1198 supradictorum
923 1119 957 1180 in
980 1114 1221 1201 expeditionem
1243 1118 1311 1180 sive
1329 1116 1373 1180 ad
1390 1117 1548 1202 palatium
1565 1119 1661 1201 regis.
1694 1118 1867 1182 Donamus

219 1241 347 1304 quoque
376 1217 501 1282 clericis
530 1218 845 1302 Hammaburgensis
875 1219 1052 1283 aecclesiae
1084 1228 1278 1304 potestatem
1306 1221 1390 1284 inter
1419 1244 1453 1284 se
1482 1223 1550 1285 sive
1573 1220 1704 1286 aliunde
1727 1220 1867 1304 eligendi
1917 1289 1918 1292 Ἴ

218 1325 424 1407 episcopum,
460 1345 534 1388 cum
561 1325 739 1387 necessitas
768 1324 964 1408 poposcerit.
1009 1321 1053 1385 Et
1079 1332 1115 1386 nt
1144 1321 1225 1385 haec
1255 1325 1458 1387 auctoritatis
1486 1335 1618 1388 nostrae
1649 1326 1817 1388 concessio
1847 1346 1868 1388 a

217 1424 368 1490 fidelibus
384 1428 503 1490 nostris
518 1429 626 1491 verius
642 1425 795 1490 credatur
809 1437 840 1490 et
854 1448 913 1511 per
936 1424 1144 1489 succedentia
1165 1434 1314 1510 tempora
1336 1423 1521 1509 diligentius
1545 1426 1742 1509 observetur,
1765 1449 1868 1492 manu

170 1538 202 1585 10
220 1531 352 1613 propria
375 1528 488 1594 subtus
512 1549 584 1594 eam
606 1530 804 1595 firmavimus
827 1539 860 1592 et
882 1528 979 1593 anulo
1003 1538 1114 1593 nostro
1139 1526 1275 1612 sigillari
1297 1529 1460 1593 iussimus.

322 1681 336 1763 ᾗ
359 1683 494 1767 Signum
517 1685 627 1749 domni
652 1683 782 1749 Ottonis
805 1685 893 1765 (MP.)
915 1677 1235 1768 invictissimi'regis.
1258 1680 1272 1761 l

320 1800 470 1888 {Poppo
495 1803 708 1869 cancellarius
731 1805 880 1869 advicem
902 1804 1060 1869 Friderici
1084 1803 1361 1868 archicancellarii
1388 1805 1562 1887 recognovi
1592 1814 1625 1869 et
1651 1801 1665 1882 l
1693 1805 1762 1885 (SR.
1791 1807 1867 1887 NN.)

1741 1908 1798 1988 (sl.
1826 1911 1865 1990 ι.)

321 2077 412 2141 Data
433 2096 470 2142 11.
494 2078 559 2143 kal.
588 2078 643 2144 iul.
672 2101 757 2144 anno
788 2079 910 2145 domini
939 2095 1190 2162 Dccccxxxvn,
1226 2079 1403 2146 indictione
1431 2052 1465 2161 it,
1500 2101 1586 2143 anno
1615 2081 1706 2162 regni
1737 2078 1867 2145 Ottonis

171 2195 202 2242 15
220 2182 356 2265 piissimi
379 2183 464 2265 regis
487 2200 516 2263 13
546 2192 655 2247 actum
677 2184 711 2247 in
733 2182 916 2264 Uuerlaha3
938 2185 971 2248 in
994 2183 1045 2247 dei
1067 2185 1198 2248 nomine
1221 2205 1326 2248 amen.

1008 2475 1069 2551 12.

178 2665 188 2682 ·
229 2643 309 2720 Ouo
337 2646 497 2745 bestdtipt
522 2646 592 2718 dan
618 2647 780 2719 Nonnea
805 2672 878 2720 von
904 2645 1086 2720 Mescbcde
1113 2645 1180 2718 das
1211 2644 1411 2720 Wublrecbt
1441 2647 1521 2721 aad
1552 2647 1611 2720 dic
1644 2647 1866 2736 Immuaitdt.

1390 2787 1592 2864 oausam
1614 2791 1679 2848 aar
1700 2787 1771 2848 Jau
1791 2791 1822 2848 a

326 2975 574 3051 Oriqinaldiplom
595 2979 638 3035 im
659 2977 687 3035 lt.
712 2976 914 3037 &basauchis
934 2995 974 3034 aa
997 2977 1138 3034 Maturater
1159 2973 1219 3054 (A).

170 3137 203 3185 20
324 3133 453 3192 Sarbena
474 3134 578 3205 Wcstf.
601 3135 664 3194 UB.
689 3140 719 3206 1,
744 3139 764 3194 7
785 3137 856 3193 21⁰6
879 3151 936 3216 aas
958 3132 996 3192 A.
1022 3166 1060 3176 -
1080 3133 1225 3193 Wilmarss
1248 3131 1350 3204 Westf.
1368 3131 1438 3192 KU.
1462 3134 1493 3201 2,
1518 3133 1559 3191 54
1581 3136 1615 3188 πθ
1631 3134 1673 3192 68
1694 3149 1751 3190 aas
1767 3130 1806 3192 A.
1825 3163 1867 3174 -

324 3237 452 3310 Stmnps
469 3239 543 3311 Ray.
568 3241 619 3298 68.

328 3392 390 3450 Van
412 3392 475 3451 ΡΑ.
499 3392 737 3451 watrschcinlr‘ch
757 3393 832 3452 noch
855 3395 984 3466 emeram
1008 3391 1131 3466 Ooacept
1151 3393 1345 3466 peschriebea.

324 3596 381 3676 (C.)
403 3591 477 3674 8111
498 3596 629 3659 nomine
652 3605 784 3660 sanetae
812 3605 844 3659 et
872 3595 1059 3661 individuae
1085 3595 1248 3660 trinitatis.
1294 3593 1372 3660 Otto
1403 3595 1513 3660 divina
1541 3596 1669 3660 favente
1698 3594 1870 3661 clementia

220 3722 289 3766 rex.
384 3698 417 3763 Si
441 3698 584 3764 fidehum
607 3709 792 3764 nostrorum
814 3699 1025 3784 petitionibus
1055 3698 1229 3763 clementer
1259 3701 1482 3781 annuerimus,
1516 3720 1583 3762 non
1612 3697 1718 3763 solum
1745 3700 1870 3782 regium

165 3825 204 3894 aa
221 3825 345 3868 morem
374 3803 526 3867 decenter
551 3800 565 3882 ξ
591 3802 780 3888 implemus,
813 3826 925 3869 verum
953 3807 1050 3868 etiam
1077 3804 1208 3869 eosdem
1231 3804 1275 3869 ad
1297 3805 1462 3868 servitium
1484 3815 1632 3868 nostmm
1654 3805 1870 3889 promptiores

222 3907 391 3988 efficimus,
415 3916 447 3970 et
469 3908 495 3970 si
518 3928 630 3970 eorum
653 3909 764 3991 petitio
789 3906 828 3970 de
852 3907 1102 3971 aecclesiasticis
1126 3917 1175 3972 est
1196 3907 1307 3989 rebus,
1332 3917 1483 3972 aeternae
1505 3905 1663 3970 mercedis
1686 3927 1870 3970 remunera-

221 4013 344 4074 tionem
360 4011 548 4093 accipimus.
581 4009 660 4073 Ideo
684 4012 833 4073 noverint
857 4033 967 4075 omnes
990 4010 1103 4075 fideles
1125 4015 1227 4076 nostri
1251 4022 1437 4097 praesentes
1462 4011 1585 4075 scilicet
1606 4021 1639 4074 et
1660 4011 1768 4094 futuri,
1792 4032 1870 4096 quo-

221 4112 319 4177 modo
342 4135 402 4176 nos
426 4111 468 4176 ob
492 4133 636 4176 amorem
660 4111 711 4175 dci
734 4123 766 4175 et
787 4125 903 4196 rogatu
924 4113 1068 4179 fidehum
1091 4125 1277 4180 nostrorum
1299 4114 1480 4180 Eberhardi
1503 4123 1535 4177 et
1557 4111 1718 4178 Diotmari
1748 4116 1870 4178 sanctis

222 4214 418 4280 monialibus
440 4217 473 4278 in
496 4216 692 4279 monasterio
717 4213 865 4278 Meskide
888 4218 1055 4279 nominato
1079 4216 1139 4280 deo
1168 4216 1400 4281 famulantibus
1429 4214 1568 4299 eligendi
1596 4217 1681 4278 inter
1708 4238 1742 4278 se
1770 4213 1870 4279 abba-

172 4322 336 4386 antissam
358 4327 553 4402 potestatem
577 4338 752 4401 omnesque
775 4318 1003 4380 concessiones
1027 4339 1109 4402 quae
1132 4319 1174 4382 ab
1197 4318 1457 4384 antecessoribus
1483 4320 1603 4381 nostris
1626 4320 1672 4381 eis
1695 4339 1871 4381 concessae

224 4433 330 4505 erant,
355 4419 563 4485 concedimus
586 4442 706 4504 easque
730 4441 788 4503 per
809 4430 954 4484 nostram
976 4424 1203 4486 auctoritatem
1224 4423 1444 4507 redintegrare
1466 4431 1498 4485 et
1521 4419 1758 4485 corroborare⁸
1780 4420 1871 4485 volu-

222 4549 304 4590 mus.
342 4524 483 4590 Proinde
505 4524 567 4587 hoc
591 4526 710 4608 scripto
734 4523 926 4587 confirmare
948 4526 1101 4588 iussimus
1128 4547 1187 4610 per
1215 4524 1303 4606 quod
1331 4526 1564 4609 praecipimus,
1599 4524 1751 4608 quatinus
1779 4544 1871 4605 prae-

223 4629 310 4692 fatae
334 4625 646 4692 sanctaemoniales
670 4626 808 4690 feminae
831 4626 887 4690 tali
911 4627 1058 4691 fruantur
1080 4628 1282 4690 immunitate
1305 4636 1337 4689 ct
1359 4626 1398 4690 (le
1422 4628 1488 4690 suis
1517 4624 1614 4690 rebus
1643 4625 1730 4708 legc,
1765 4624 1871 4711 qualis

224 4730 265 4795 ab
296 4729 555 4795 antecessoribus
583 4731 703 4792 nostris
726 4729 927 4793 Francorum
950 4729 1080 4812 regibus
1103 4732 1149 4792 eis
1172 4751 1330 4793 concessa
1353 4738 1430 4792 erat.
1470 4729 1515 4792 Et
1535 4739 1571 4792 ut
1592 4728 1655 4791 hoc
1678 4750 1698 4791 a
1720 4726 1870 4792 fidelibus

173 4837 342 4904 abnostris
365 4834 479 4912 melius
503 4833 667 4915 credatur,
692 4854 792 4897 manu
814 4843 926 4897 nostra
946 4831 1028 4897 illud
1049 4833 1248 4897 firmavimus
1264 4845 1297 4896 et
1312 4830 1410 4895 anulo
1425 4841 1537 4895 nostro
1554 4829 1689 4915 sigillari
1707 4832 1871 4895 iussimus.

324 4987 339 5068 ξ
361 4990 496 5072 Signum
519 4987 628 5051 domni
653 4987 784 5052 Ottonis
807 4987 895 5066 (MP.)
920 4987 1123 5050 invictissimi
1146 4987 1241 5070 regis.
1264 4983 1278 5066 ξ

326 5105 476 5194 {Puppe
500 5108 712 5173 cancellarius
736 5107 884 5171 advicem
906 5105 1064 5170 Friderici
1086 5104 1362 5169 archicancellarii
1391 5107 1565 5188 recognovi
1595 5115 1627 5169 et
1653 5103 1668 5185 R
1693 5106 1763 5186 (SR.
1792 5107 1869 5186 NN.)

1745 5211 1803 5288 (su
1829 5209 1870 5289 ι.)

326 5369 416 5435 Data
434 5387 481 5434 v1.
499 5391 576 5434 non.
599 5367 654 5435 iul.
679 5390 764 5434 anno
789 5368 972 5433 dominicae
994 5365 1227 5430 incarnationis
1251 5380 1503 5446 Dccccxxxvu,
1526 5362 1704 5429 indictione
1721 5381 1760 5446 n,
1785 5383 1872 5427 anno

173 5491 208 5538 40
225 5496 301 5538 vero
326 5472 456 5538 Ottonis
479 5475 615 5558 piissimi
638 5474 723 5556 regis
746 5489 775 5554 13
798 5481 908 5536 actum
930 5473 963 5535 in
986 5468 1266 5553 Quitilingoburg3
1289 5491 1394 5533 amen.

330 5678 370 5733 l2.
398 5678 492 5747 [Folta]
596 5683 622 5742 a)
641 5695 708 5732 corr.
726 5695 774 5729 aar
792 5679 971 5731 corroborare.
