4500 6428
352 431 415 498 328
947 440 1401 524 elisaeusuuunuu.

354 645 452 688 sexus
476 624 568 688 terris
591 623 685 688 cultis
709 633 740 688 et
762 623 893 688 incultis
916 624 1004 708 agris
1028 624 1154 707 campis
1175 623 1279 707 pratis
1301 623 1433 707 pascuis
1458 621 1549 686 silvis
1570 624 1675 686 vineis
1703 623 1803 707 aquis
1834 639 2033 706 aquarum-

355 748 417 812 que
439 725 631 792 decursibus
654 726 848 792 molendinis
870 725 1155 812 molendinumque
1176 725 1259 790 locis
1280 726 1343 790 viis
1366 734 1398 790 et
1420 725 1516 790 inviis
1540 724 1682 790 exitibus
1704 734 1737 790 et
1757 723 1939 790 reditibus
1960 744 2033 787 mo

353 830 473 896 bilibus
496 838 528 895 et
549 829 761 895 inmobilibus
784 833 918 916 quesitis
941 840 974 895 et
996 828 1196 915 inquirendis
1220 839 1252 894 et
1275 828 1425 893 omnibus
1445 851 1506 914 que
1524 830 1687 893 nominari
1701 828 1753 893 vel
1771 827 1842 894 dici
1863 835 2031 913 possunt,

354 957 396 1000 ex
418 936 544 1018 integro
568 938 793 1020 prenominato
818 933 1016 1000 Chuonrado
1040 935 1195 1020 episcopo
1220 932 1409 1016 donamus,'
1430 955 1470 997 ea
1493 932 1619 997 scilicet
1640 936 1773 998 racione
1798 942 1837 998 ut
1864 929 2031 1016 predicta

353 1037 428 1101 loca
454 1045 564 1101 teneat
592 1047 690 1123 atque
717 1037 886 1123 possideat
914 1059 1017 1123 usque
1046 1036 1089 1101 ad
1116 1038 1289 1102 terminum
1311 1038 1376 1122 vite
1403 1059 1498 1118 suae,
1533 1045 1662 1122 etpost
1685 1035 1814 1102 obitum
1836 1038 1915 1119 vite
1942 1047 2065 1098 suaeo

355 1162 413 1226 pro
436 1133 578 1204 remedio
602 1141 709 1224 anime
731 1150 842 1224 nostre
863 1149 1115 1226 nostrorumque
1137 1150 1310 1225 parentum
1332 1163 1372 1205 ac
1395 1141 1510 1226 prefati
1527 1137 1716 1206 Obuonradi
1734 1141 1897 1225 episcopi
1923 1159 2030 1202 cano·

353 1244 438 1308 nicis
453 1245 486 1308 in
502 1241 743 1309 Constantiensi
759 1243 899 1328 ecclesia
915 1243 976 1308 deo
993 1243 1206 1311 servientibus
1225 1246 1277 1310 oui
1301 1245 1416 1310 sdem⁰
1438 1245 1582 1330 prefatus
1605 1245 1714 1331 presul
1736 1244 1876 1309 videtur
1901 1252 2029 1328 pastor

354 1369 495 1431 preesse,
518 1347 563 1412 ad
583 1349 706 1411 victum
728 1357 761 1411 et
781 1349 935 1412 vestitum
957 1349 1102 1432 ipsorum
1124 1347 1285 1414 donamus
1303 1358 1402 1435 atque
1419 1348 1578 1414 tradimus
1594 1350 1823 1433 prenominata
1839 1347 1927 1411 loca
1943 1368 2027 1410 cum

356 1451 505 1516 omnibus
534 1450 788 1516 utensilitatibus
819 1452 967 1536 superius
996 1449 1152 1536 predictis
1179 1451 1314 1516 firmiter
1342 1449 1464 1537 atque‘1
1492 1449 1723 1537 perpetualiter
1751 1451 1887 1536 absque
1917 1449 2025 1515 ullius

354 1554 612 1620 contradictione
639 1554 692 1620 vel
726 1555 954 1620 molestatione
987 1554 1186 1620 tenendume
1215 1576 1254 1618 ac
1283 1553 1535 1640 possidendum,
1570 1565 1606 1620 ut
1637 1557 1707 1639 ipse
1742 1563 2025 1639 prememoratus
2046 1566 2077 1612 ιο

354 1659 473 1724 habere
489 1659 722 1724 dinoscebatur
737 1657 972 1740 Guntramnus,
997 1668 1093 1724 antea
1117 1681 1215 1744 quam
1236 1660 1270 1723 in
1291 1667 1438 1723 nostrum
1460 1659 1585 1742 regium
1607 1659 1657 1722 ius
1679 1660 1712 1722 in
1735 1667 1852 1722 nostro
1879 1657 2024 1742 palacio

355 1762 565 1848 Augustburc
587 1762 733 1828 iudicata
754 1763 893 1828 fuissent
914 1785 974 1848 pro
996 1764 1099 1848 ipsius
1123 1763 1321 1828 commissus
1344 1760 1380 1826 Si
1396 1762 1468 1847 quis
1484 1769 1593 1826 autem
1607 1761 1670 1826 hoo
1687 1771 1887 1846 preceptum
1902 1769 2023 1844 nostre

356 1864 543 1930 donationis
565 1866 714 1950 frangere
728 1865 781 1930 vel
800 1865 925 1931 violare
942 1867 1158 1951 temptaverit,
1181 1867 1309 1931 noverit
1330 1887 1365 1929 se
1387 1865 1644 1950 compositurum
1667 1866 1737 1930 auri
1761 1866 1884 1950 optimi
1908 1863 2022 1928 libras

356 1979 501 2042 centum,
535 1968 742 2034 medietatem
764 1969 896 2054 kamere
918 1979 1028 2054 nostre
1051 1979 1083 2033 et
1106 1969 1311 2034 medictatem
1335 1969 1462 2054 prefato
1486 1966 1684 2035 Ohuonrado
1708 1969 1831 2055 presuli
1856 1969 1914 2034 vel
1940 1981 2025 2056 post

356 2073 459 2157 ipsius
489 2072 613 2137 obitum
642 2074 810 2136 canonicis
834 2071 1094 2137 Constantiensis
1123 2072 1282 2136 ecclesiae
1312 2072 1429 2157 quibus
1458 2074 1685 2158 prenominata
1715 2072 1790 2138 loca
1814 2072 1861 2137 ad
1884 2075 2022 2140 victum
2043 2091 2075 2139 15

356 2184 388 2239 et
410 2177 564 2242 vestitum
586 2177 733 2260 ipsorum
756 2174 966 2258 donavimus,
1002 2179 1154 2262 quatinus
1184 2175 1387 2240 orationibus
1416 2198 1528 2240 corum
1554 2177 1656 2240 sacris
1679 2178 1927 2240 constantiores
1954 2199 2021 2240 nos

355 2281 389 2343 in
416 2281 480 2345 ista
507 2280 577 2344 vita
606 2302 645 2344 ac
673 2281 807 2365 perenni
835 2279 1011 2345 alacriores
1041 2303 1168 2365 semper
1195 2301 1267 2343 esse
1295 2280 1470 2365 possimus.
1516 2279 1559 2343 Et
1581 2277 1630 2362 ult
1652 2279 1682 2362 a]
1703 2277 1862 2344 fidelibus
1887 2283 2021 2345 nostris

354 2384 463 2447 verius
486 2381 637 2447 credatur
659 2394 691 2447 et
713 2382 898 2467 diligentius
921 2406 980 2469 per
1002 2383 1210 2448 succedentia
1233 2391 1380 2466 tempora
1410 2381 1618 2464 observetur,
1653 2383 1806 2448 iussimus
1833 2382 1918 2446 inde
1951 2383 2021 2447 boc

355 2509 489 2571 presens
519 2497 707 2573 preceptum
737 2487 900 2552 conscribi
929 2498 961 2553 et
990 2486 1079 2552 anuli
1107 2488 1210 2552 nostri
1240 2488 1443 2572 inpressione
1474 2485 1624 2570 sigillari,
1658 2509 1758 2551 manu
1786 2487 1929 2572 propria
1963 2487 2029 2553 lir-'

355 2612 526 2656 mammus.
1180 2645 1182 2649 .
2040 2608 2075 2656 20

456 2750 471 2831 ξ
494 2744 629 2830 Signum
652 2744 763 2810 domni
787 2744 918 2812 Ottonis
940 2746 1145 2811 invictissimi
1167 2746 1373 2832 imperatoris
1394 2747 1410 2831 'i
1431 2745 1521 2826 (Ml-¹.)

432 2927 437 2937 .
457 2861 472 2945 {i
493 2865 658 2932 Liutulfus
674 2865 889 2932 cancellarius
905 2867 1054 2932 advicem
1069 2867 1234 2932 Brunonis
1250 2863 1528 2952 archicappellani
1544 2867 1719 2950 recognovi
1735 2875 1767 2929 et
1782 2865 1986 2952 subscripsi.
2007 2865 2022 2946 Ξ

1768 2969 1851 3050 (sa.)
1885 2971 1947 3051 (s1.
1971 2972 2019 3051 a.)

458 3127 547 3196 Data
570 3145 657 3191 vnn.
680 3128 747 3193 kal.
771 3151 851 3194 mar.
875 3150 961 3193 anno
986 3126 1169 3192 dominicae
1191 3128 1425 3192 incarnationis
1447 3140 1643 3208 ccccctxn,
1666 3123 1844 3189 indictione
1862 3143 1897 3208 v,
1922 3149 2018 3192 anno

355 3229 469 3316 regnis
491 3232 687 3296 serenissimi
709 3233 795 3317 regis
818 3230 949 3296 Ottonis
972 3248 1083 3314 xxvu,
1106 3232 1233 3317 imperii
1255 3231 1379 3315 primo3
1402 3239 1511 3295 actum
1530 3229 1653 3312 Riana3
1675 3230 1709 3292 in
1727 3225 1848 3292 Christi
1873 3232 2017 3296 nomine
2036 3243 2071 3291 as

355 3335 493 3399 feliciter
516 3357 621 3401 amen.

1135 3576 1221 3650 237.

365 3731 445 3808 Otto
465 3734 625 3832 bestdiipi
642 3733 721 3808 dem
734 3735 879 3809 Klostcr
892 3731 930 3810 S.
946 3731 1135 3810 Salvatorc
1154 3733 1229 3833 osef
1240 3733 1320 3806 dem
1333 3734 1450 3833 Bcrpc
1462 3734 1613 3806 Amiota
1631 3733 1752 3806 ἀθεεοη
1766 3731 2016 3832 Besitzcrqqec

356 3853 436 3927 und
456 3853 591 3928 Recita.
1479 3874 1643 3948 sipiano
1666 3875 1731 3936 962
1751 3873 1891 3934 Febraar
1911 3878 1969 3936 21.

462 4081 710 4156 Oripinoidiplom
731 4083 774 4141 im
795 4083 823 4142 lc.
849 4081 1051 4143 Sicatsarcisiv
1071 4099 1112 4140 ru
1135 4080 1227 4141 Stena
1249 4078 1309 4160 (A).
2032 4095 2068 4145 ao

459 4237 506 4296 De
528 4238 633 4312 Aequi
664 4239 751 4298 Delle
778 4241 889 4313 oriqini
922 4239 968 4297 del
996 4239 1126 4298 dominio
1152 4225 1265 4298 ¹tedesco
1291 4241 1325 4297 ia
1346 4238 1441 4297 Italia
1463 4237 1591 4316 (Milone
1613 4237 1711 4316 1661)
1734 4241 1799 4300 238
1820 4243 1855 4297 n⁰
1879 4243 1918 4298 11
1953 4257 2013 4299 aas

460 4341 498 4400 A.
521 4375 564 4385 -
587 4342 715 4402 Boiamcr
736 4341 814 4401 Adc
834 4343 937 4402 selecta
960 4345 979 4402 6
1001 4347 1036 4400 rs⁰
1058 4344 1079 4402 8
1101 4359 1158 4400 aus
1179 4341 1218 4401 A.
1242 4374 1284 4386 -
1307 4342 1436 4416 Sicmps
1454 4343 1528 4417 seq.
1551 4347 1623 4403 302.

463 4497 524 4557 Vos
546 4498 613 4556 Μ’.
637 4497 699 4570 soei
722 4498 852 4557 coelica
873 4500 949 4558 nect
971 4500 1038 4557 dem
1060 4517 1116 4559 cors
1138 4501 1226 4574 Hispo
1255 4500 1320 4558 med
1348 4499 1463 4558 Loihar
1489 4517 1538 4558 am
1568 4502 1596 4559 5.
1617 4499 1741 4559 Oltober
1763 4503 1828 4558 937
1855 4499 2012 4558 ertheiiien

460 4601 598 4676 Drplcme
621 4601 844 4682 (Forscsenqeo
869 4603 917 4674 10,
941 4601 1017 4680 303)
1039 4605 1233 4676 peschriebca.
1278 4604 1339 4662 Vos
1361 4607 1495 4676 sectarer
1517 4603 1609 4662 Hasd
1632 4603 1734 4662 welche
1754 4603 1885 4660 mebrere
1910 4603 2013 4662 Worie

461 4709 515 4765 mii
538 4707 697 4766 dunsterer
721 4707 807 4766 iliata
828 4708 990 4780 caesapon
1013 4708 1073 4778 hat,
1096 4711 1217 4767 stammt
1238 4709 1315 4766 acob
1338 4708 1516 4782 Uibugnano
1540 4710 1638 4767 evomit
1661 4707 1734 4766 wohl
1756 4708 1819 4764 ciue
1833 4705 2011 4781 Fdlscimnp
2030 4721 2066 4770 3⁵

460 4812 649 4883 becbsieirtiqt
671 4811 719 4880 ist,
744 4811 784 4868 da
805 4810 862 4869 alle
883 4811 1025 4883 Prdcepte
1047 4812 1091 4870 bis
1113 4829 1184 4869 eum
1206 4810 1245 4870 D.
1269 4812 1412 4870 Heinrich
1431 4819 1471 4869 ΙΙ.
1496 4810 1624 4884 Stamps
1642 4811 1711 4884 Rey.
1737 4813 1822 4870 1442
1844 4812 1877 4868 in
1899 4810 2012 4870 diesem

464 4913 738 4987 Zusommenhcnye
751 4915 785 4972 ia
806 4913 880 4974 valle
898 4916 1014 4974 Racana
1036 4915 1140 4985 dictes,
1165 4914 1228 4972 aad
1244 4915 1284 4973 do
1299 4919 1357 4974 ersi
1374 4917 1415 4973 im
1431 4916 1575 4974 orechten
1590 4914 1629 4974 D.
1648 4914 1792 4973 Heinrich
1812 4921 1857 4972 VI.
1883 4912 2016 4987 Stampf

461 5017 532 5091 seq.
557 5019 642 5077 4875
665 5018 715 5075 cin
736 5016 908 5090 Vigagnano
931 5019 1074 5090 tepescet.

461 5224 520 5306 (Ο.)
543 5225 557 5306 ᾖ
579 5223 618 5288 In
641 5223 772 5289 nominc
795 5231 929 5287 sanctae
952 5231 985 5285 et
1005 5220 1194 5286 individuae
1216 5221 1381 5286 trinitatis.
1427 5219 1506 5286 Otto
1536 5219 1648 5284 divina
1676 5220 1807 5284 favente
1836 5216 2013 5284 clementia

358 5329 536 5412 imperator
563 5336 733 5411 augustus.
835 5341 864 5391 Si
886 5343 985 5391 sanetis
1008 5357 1039 5391 so
1061 5341 1259 5392 venerabilibus
1282 5339 1348 5390 locis
1371 5353 1403 5390 aa
1424 5353 1493 5404 quae
1515 5339 1549 5388 ab
1572 5339 1784 5390 antecessoribus
1805 5320 1934 5408 {nocuis
1959 5339 2014 5390 ccl·
2034 5345 2071 5392 40

359 5447 414 5497 lata
442 5453 516 5512 suut,
551 5450 721 5499 corroborare
744 5447 923 5497 studuerimus
946 5451 972 5496 et
994 5445 1027 5496 de
1049 5447 1090 5496 his
1113 5462 1163 5511 quq
1186 5445 1269 5494 nostri
1292 5445 1358 5494 iuris
1380 5447 1443 5492 sunt
1465 5443 1608 5494 concedere
1635 5444 1793 5510 satagimus,
1827 5447 1933 5508 aeterne
1958 5445 2016 5510 vitq

360 5550 564 5602 emolumentum
593 5552 704 5617 adipisci
732 5566 763 5601 ac
792 5551 923 5616 presentis
952 5554 1036 5600 status
1064 5549 1223 5600 soliditatem
1252 5549 1409 5614 propensius
1437 5551 1602 5616 augmentari
1631 5565 1685 5600 non
1707 5550 1860 5600 titubamus.
1905 5546 2014 5600 Idcirco

445 5722 504 5780 2³⁸.
530 5724 763 5794 c)1lrtattidem
851 5726 879 5790 d)
897 5741 914 5776 a
932 5725 985 5788 aas
995 5724 1085 5782 Rarus·
1172 5725 1196 5788 e)
1215 5725 1265 5776 dae
1281 5726 1367 5778 emeda
1384 5741 1403 5775 u
1420 5724 1474 5789 aas
1485 5723 1573 5776 amur
1665 5721 1820 5790 ogrosort
1837 5737 1903 5772 corr.
1922 5737 1974 5773 csse
1992 5739 2013 5776 r.
