4560 6436
286 396 351 464 584
884 405 1336 466 KAISEBURKUNDEN.

288 591 548 652 remuneratione
572 610 660 652 ruore
683 597 926 652 antecessorum
949 597 1135 653 nostrorum
1157 611 1270 671 regum
1291 587 1343 651 vel
1366 589 1598 672 imperatorum
1622 586 1790 649 facientes
1817 583 1972 665 eiusque

289 693 513 756 intercessioni
534 693 775 756 consentientes
798 701 998 756 memoratae
1020 690 1202 756 aecclesiae
1218 690 1454 756 Herofordensi
1472 691 1606 776 eiusque
1623 688 1829 754 abbatissae
1847 684 1970 748 Imma

289 794 475 880 praedictae
497 816 556 879 per
577 795 687 860 futura
709 794 953 859 succedentium
975 805 1123 882 tempora
1145 797 1179 860 iu
1201 794 1274 859 loco
1299 795 1447 879 superius
1469 795 1637 858 nominato
1656 799 1875 878 potestatem
1895 808 1972 850 nou

289 898 394 962 solum
421 899 632 963 mercationis
660 898 924 962 constituendum
937 908 960 980 Ε,
996 899 1054 963 sed
1084 901 1182 964 etiam
1210 897 1255 962 ad
1284 899 1334 962 ius
1356 897 1501 961 eiusdem
1524 895 1728 981 praelibatae
1750 892 1972 959 abbatissae

287 997 425 1066 banno¹
446 1009 560 1065 nostro
584 1001 744 1086 imperiali
767 1002 963 1085 exigendum
987 1025 1168 1089 pacemque
1192 1001 1343 1068 omnibus
1366 1000 1576 1086 querentibus
1594 1009 1780 1065 mercatum
1801 1019 1847 1062 ac
1865 994 1970 1060 rede·
1991 1005 2008 1051 5

287 1107 420 1171 nutibus
445 1106 632 1172 faciendum
655 1109 888 1172 concessimus.
932 1107 976 1170 Et
999 1116 1036 1170 ut
1056 1103 1159 1170 lmeci
1181 1115 1314 1171 nostrae
1337 1107 1544 1170 auctoritatis
1566 1112 1786 1190 praeceptum
1811 1109 1970 1164 cuncta

287 1221 421 1275 sanctae
443 1212 495 1276 dei
523 1209 731 1275 aecclesiael
759 1211 836 1276 filiis
863 1215 1049 1299 nostrisque
1077 1220 1235 1296 perpetuo
1258 1211 1365 1274 verius
1395 1210 1547 1274 credatur
1568 1207 1722 1274 fidelibus
1746 1227 1795 1269 ac
1820 1203 1971 1268 firmum

287 1313 487 1400 stabileque¹
509 1325 710 1400 permaneat,
740 1337 841 1379 manu
864 1327 975 1380 nostra
999 1315 1114 1380 subtus
1137 1316 1270 1399 propria
1292 1314 1494 1378 firmavimus
1517 1311 1668 1398 anulique
1684 1311 1800 1374 nostri
1817 1311 1972 1392 impres-

287 1419 378 1482 sione
401 1417 601 1502 consigillari
623 1420 789 1483 iussimus.

390 1569 405 1649 ξ
426 1571 563 1656 Signum
586 1571 697 1637 domni
721 1569 853 1636 Ottonis
876 1573 940 1652 (Μ.)
966 1573 1164 1638 serenissimi
1187 1575 1391 1659 imperatoris
1415 1573 1555 1655 augusti.
1578 1569 1592 1651 ξ
1992 1579 2026 1626 10

390 1689 618 1776 {Uuilligisus
641 1691 858 1758 cancellarius
881 1692 1032 1758 advicem
1054 1693 1202 1759 Rotberti
1226 1693 1480 1780 archicapellani
1493 1703 1512 1731 ¹¹
1534 1691 1724 1776 recognovi.
1748 1687 1767 1768 ἒ
1796 1691 1863 1768 (Sl.
1884 1688 1941 1768 D.)
1955 1697 1970 1724 ¹¹

1875 1794 1968 1872 (SR)

390 1951 479 2014 Data
508 1967 540 2014 v.
569 1949 614 2014 id.
645 1971 716 2034 apr.
745 1971 832 2014 anno
861 1953 1100 2016 incarnationis
1130 1951 1253 2017 domini
1282 1968 1538 2032 nccccbxxml,
1572 1949 1754 2014 indictione
1781 1965 1829 2028 11,
1869 1968 1969 2010 anno

287 2056 378 2138 regni
402 2054 514 2120 domni
539 2051 670 2118 Ottonis
694 2071 834 2135 xnxnn,
858 2055 985 2140 imperii
1009 2058 1079 2120 eius
1102 2073 1183 2139 xm3
1207 2065 1318 2121 actum
1339 2055 1547 2121 Vualbecb.⁰

1070 2315 1156 2388 431.
1989 2339 2022 2386 1⁵

297 2463 379 2540 Orto
405 2465 547 2539 schenkl
571 2466 637 2538 der
659 2467 794 2540 Witrwe
817 2471 929 2540 seinse
948 2469 1113 2541 Bmdcrs
1130 2468 1305 2542 Heinrich
1322 2468 1451 2542 Juditt
1479 2466 1537 2539 dic
1555 2463 1680 2540 Saline
1700 2463 1966 2539 Reidtersfiall.

1447 2607 1621 2680 Messium
1643 2609 1708 2665 973
1732 2605 1834 2678 April
1857 2609 1920 2664 27.

394 2794 643 2870 Oriyiocldiplom
664 2799 707 2854 im
729 2797 757 2853 k.
775 2797 983 2856 Rciclssorcbic
1003 2815 1044 2855 ru
1068 2798 1217 2856 Monotes
1239 2795 1297 2873 (A).

392 2953 478 3011 Mon.
501 2952 595 3010 Boicc
616 2955 685 3022 28⁰,
707 2954 772 3012 196
794 2957 829 3009 κθ
850 2955 913 3012 135
937 2969 994 3010 aas
1017 2951 1055 3010 A.
1077 2985 1120 2994 —
1141 2951 1273 3010 Reum
1294 2952 1365 3022 Re.
1390 2953 1462 3008 401.
1485 2983 1527 2992 -
1550 2947 1679 3022 Stampf
1697 2949 1776 3021 Rea.
1804 2952 1887 3008 528.

395 3105 530 3178 Versasst
553 3107 618 3165 aad
636 3107 824 3181 peretrieben
845 3124 901 3165 coa
923 3106 1001 3166 WB.
1981 3114 2015 3161 20

393 3330 452 3408 (C.)
476 3327 490 3410 ξ
512 3328 551 3392 In
574 3329 705 3394 nomine
729 3339 863 3393 sanctae
887 3335 919 3391 et
942 3327 1129 3393 individuae
1152 3329 1315 3392 trinitatis.
1360 3326 1438 3392 Otto
1466 3327 1577 3391 divina
1605 3325 1738 3390 favente
1769 3325 1961 3391 clementia

286 3433 464 3516 imperator
492 3441 661 3516 augustus
762 3431 921 3495 Noverint
950 3453 1063 3494 omnes
1092 3433 1193 3494 uostn'
1221 3429 1335 3495 fideles
1364 3441 1553 3516 praesentes
1575 3428 1589 3510 ξ
1610 3429 1738 3494 scilicet
1763 3453 1808 3495 ac
1837 3425 1976 3512 futuri‚'

287 3532 427 3618 qualiter
449 3556 510 3597 nos
534 3533 576 3596 ob
598 3536 816 3597 interventum
839 3532 1072 3597 dilectissimae
1094 3535 1243 3617 coniugis
1266 3543 1396 3598 nostrae
1419 3533 1622 3598 Adulheidae
1644 3533 1834 3598 venerabili
1862 3534 1959 3599 dom-

286 3656 349 3698 nae
364 3635 492 3700 Iuditae
516 3635 626 3700 fratris
648 3638 750 3700 nostri
773 3635 892 3699 beatae
915 3637 1090 3699 memoriae
1106 3636 1252 3699 Heinrici
1268 3635 1361 3699 ducis
1377 3636 1496 3700 viduae
1519 3635 1682 3721 quandam
1707 3639 1848 3702 nostri·
1873 3639 1958 3701 iuris

287 3737 426 3802 salinam
456 3736 545 3822 quod
572 3737 671 3822 vulgo
703 3737 768 3802 Hal
795 3747 916 3801 vocant
948 3740 982 3801 in
1015 3760 1101 3822 pago
1130 3737 1396 3822 Salzburggeuue
1425 3749 1456 3802 et
1486 3741 1519 3804 in
1547 3740 1707 3802 comitatu
1737 3738 1958 3804 Uuillihelmi
1978 3759 2010 3804 25

287 3842 417 3906 comitis
447 3843 543 3903 sitam
572 3851 687 3904 nostra
715 3840 875 3925 imperiali
906 3842 1052 3923 potentia
1080 3841 1113 3903 in
1143 3840 1325 3924 perpetual
1353 3865 1448 3907 usum
1477 3843 1686 3928 proprietatis
1714 3847 1959 3908 concessimus

286 3942 486 4027 firmiterque
509 3943 714 4024 donavimus,
738 3965 812 4006 cum
834 3944 1001 4028 utriusque
1026 3966 1124 4008 sexus
1147 3945 1318 4028 mancipiis
1341 3945 1493 4009 aedifitiis
1514 3947 1610 4010 terris
1632 3944 1732 4009 cultis
1754 3957 1790 4009 et
1816 3947 1959 4012 incultis

289 4044 511 4130 sartaginibus
533 4043 681 4131 locisque
704 4047 907 4128 sartaginum
930 4044 1012 4110 locis
1035 4047 1210 4111 onustariis
1233 4047 1442 4111 vuiteuendin
1466 4047 1652 4112 censalibus
1677 4057 1711 4110 et
1736 4070 1818 4114 cum
1846 4053 1958 4116 omni-

287 4147 349 4213 bus
372 4151 441 4212 iure
464 4146 677 4234 legaliterque
700 4148 850 4213 adhunc
873 4149 1076 4234 praedictam
1099 4150 1238 4215 salinam
1260 4150 1526 4235 respicientibus,
1552 4174 1590 4216 eo
1614 4161 1728 4214 tenore
1753 4163 1793 4215 ut
1816 4151 1959 4219 liberol

287 4256 361 4339 ipsa
383 4254 539 4336 deinceps
561 4253 747 4338 perfruatur
769 4251 923 4337 postatel’
952 4251 1036 4317 hanc
1060 4251 1189 4316 tenendi
1213 4252 1311 4316 dandi
1336 4251 1559 4318 commutandi
1582 4249 1746 4318 vendendi
1772 4255 1831 4320 vel
1862 4259 1958 4343 quic·
1978 4273 2011 4318 so

288 4355 366 4444 quid
383 4355 524 4420 voluerit
545 4354 621 4419 inde
644 4353 797 4418 faciendi.
831 4356 875 4418 Et
896 4367 932 4419 ut
954 4355 1036 4420 haec
1058 4367 1190 4421 nostrae
1214 4355 1400 4420 donationis
1423 4358 1604 4420 auctoritas
1626 4355 1722 4420 firma
1746 4358 1959 4446 stabilisque

287 4461 414 4524 cunctis
442 4456 594 4522 cunctisb
623 4458 783 4544 perpetim
805 4457 972 4538 credatur,
1005 4459 1089 4523 hauc
1113 4467 1240 4522 cartam
1261 4457 1395 4522 inscribi
1419 4460 1573 4546 anulique
1595 4463 1699 4523 nostri
1724 4461 1960 4546 impressione

287 4563 464 4648 sigillatam
487 4584 586 4627 manu
608 4563 741 4647 propria
765 4560 879 4626 subtus
901 4562 1114 4627 firmavimus.

388 4698 402 4782 ξ
425 4699 562 4784 Signum
585 4698 696 4763 domui
720 4697 853 4762 Ottonis
878 4699 967 4778 (MP.)
992 4701 1102 4784 magni
1125 4702 1330 4783 imperatoris
1354 4699 1533 4785 augusti}

389 4801 619 4884 {Uuilligisus
642 4800 859 4865 cancellarius
882 4804 953 4865 vice
976 4801 1133 4866 Rodberti
1156 4801 1434 4888 archicappellani
1456 4807 1580 4869 notavi.
1603 4804 1617 4888 ξ
1699 4807 1762 4884 (SI.
1779 4812 1836 4888 D.)
1867 4813 1958 4890 (SR)
1980 4829 2014 4877 ss

389 4939 480 5003 Data
496 4957 529 5001 v.
544 4938 611 5002 lral.
634 4940 735 5002 mai.⁰
756 4960 844 5002 anno
866 4939 1102 5012 iucarnationis
1125 4937 1308 5001 dominicae
1332 4955 1579 5022 Dccccnxxnn,
1603 4939 1791 5006 indictione
1813 4963 1839 5024 1,
1865 4970 1961 5012 anno

285 5045 377 5127 regni
402 5041 515 5106 domni
537 5039 669 5106 Ottonis
693 5057 801 5122 xxxv,
825 5041 952 5126 imperii
975 5057 1058 5120 xul;
1081 5051 1191 5104 actum
1212 5041 1407 5125 Merciburg.

372 5227 433 5282 ll
457 5231 485 5295 g)
506 5228 820 5280 amensecundic
917 5230 942 5290 h)
962 5229 977 5277 b
996 5243 1156 5293 ear-amp
1252 5229 1315 5290 i)A
1411 5231 1439 5290 k)
1458 5233 1564 5281 sesclae
1585 5230 1651 5280 olus
1669 5231 1964 5370 Δὸὲὴωῃηᾱῖὴῃ

1871 5323 1891 5357 n
1929 5311 1937 5322 .

1523 5305 1526 5314 t

460 5301 478 5366 l)
495 5313 562 5348 corr.
573 5315 621 5348 ασσσ
637 5315 669 5348 ac
682 5299 785 5360 stabile,
803 5297 917 5347 radnlicl
936 5313 967 5346 ac
985 5297 1071 5345 mclirt
1088 5295 1143 5346 arad
1160 5313 1211 5361 qne
1228 5297 1415 5362 meyerum
1497 5315 1530 5359 m)
1550 5317 1563 5348 r
1579 5297 1773 5366 mitemque
1925 5325 1964 5356 m

461 5365 677 5431 Copia-limas
696 5365 743 5431 (li)
767 5369 823 5415 σιήσ
841 5364 1054 5428 Numam
1076 5365 1122 5414 das
1142 5365 1246 5414 &aab
1266 5366 1332 5414 mi
1353 5365 1536 5417 mamam
1557 5367 1655 5431 saed·
1676 5369 1779 5420 mei«
1805 5376 1864 5438 aas
1887 5379 1962 5428 81.ss
1982 5377 2017 5426 40

457 5434 697 5566 ἷιλῐὶἴπφάἥσέ
781 5434 889 5498 olsolpt
909 5436 951 5483 ain
971 5432 1606 5494 &emathdnwtctermmtin
1624 5435 1733 5489 mm
1753 5439 1962 5511 &quq-

373 5603 434 5657 431.
461 5604 570 5672 [Sickel]
673 5609 700 5666 a)
719 5609 759 5656 uri
782 5606 847 5656 olias
870 5604 1138 5668 Acts-nmis„
1240 5605 1309 5672 bid
1413 5603 1437 5668 'el
1454 5621 1483 5658 v.
1500 5609 1527 5658 k.
1544 5611 1605 5660 mai.
1627 5608 1720 5660 ώσω
1744 5615 1799 5662 wie
1824 5615 1881 5666 du
1902 5617 1963 5670 SR.

460 5677 508 5722 nir
526 5673 637 5724 adest
656 5675 729 5725 ttae
744 5675 938 5738 enthymesi.
