4554 6414
897 419 1022 476 ΟΤΤΟ
1045 420 1068 474 1.
1093 413 1165 474 940.
1796 409 1857 474 113

206 601 299 665 ducis
329 601 511 667 Sueuorum
539 598 765 666 celsitudinem
794 609 939 665 nostram
967 599 1168 685 imploravit,
1203 607 1361 685 quatenus
1390 598 1437 663 illi
1463 622 1522 683 pro
1545 608 1675 664 nostrae
1698 600 1858 683 largitatis

206 705 379 769 clementia
401 714 433 769 et
456 727 535 769 suae
558 703 740 769 devotionis
762 703 895 768 assiduo
919 703 1079 768 famulatu
1101 702 1263 789 quasdam
1285 703 1442 767 ccclesias
1464 705 1498 767 in
1514 727 1572 768 sua
1588 703 1763 788 paroechia
1779 705 1858 767 sitas

206 808 250 872 ad
278 809 358 891 regii
387 810 465 872 iuris
494 817 688 894 potestatem
717 809 913 892 aspicientes
942 806 1121 871 concedere
1150 807 1372 891 dignaremur,
1406 827 1608 893 conquerens
1637 806 1733 871 nobis
1765 829 1859 871 suum

207 913 410 997 episcopium
431 912 588 976 continua
610 910 863 998 depraedatione
887 910 1126 976 Saracenorum
1148 910 1244 975 valde
1260 933 1332 974 csse
1348 909 1542 975 desolatum.
1580 911 1649 976 Nos
1665 932 1742 974 vero
1761 912 1858 974 ratio-

172 1015 309 1082 5nabili
337 1018 406 1079 eius
435 1017 584 1100 petitioni
613 1037 783 1080 assensum
811 1015 1099 1081 accommodantes
1128 1017 1349 1079 concessimus
1379 1016 1407 1079 ei
1437 1015 1519 1080 duas
1550 1014 1725 1098 ecclesias,
1759 1036 1858 1078 unam

207 1118 253 1201 iln
277 1119 376 1203 vallle
400 1120 561 1185 Trusiana
584 1121 618 1184 in
639 1119 713 1184 loeo
736 1119 888 1184 Plutenes
917 1129 1105 1204 nuncupato
1136 1121 1231 1184 sitam
1260 1129 1292 1183 et
1320 1119 1418 1184 aliam
1446 1122 1480 1183 in
1509 1119 1595 1184 valle
1618 1119 1798 1185 Sexamnes
1825 1119 1859 1181 in

207 1224 329 1290 honore
360 1228 465 1289 saneti
493 1225 625 1290 Martini
656 1235 893 1306 constructam,
928 1233 964 1288 ut
993 1225 1077 1287 sicut
1104 1245 1206 1309 usque
1235 1245 1321 1287 nunc
1350 1223 1392 1287 ad
1421 1247 1481 1288 nos
1510 1233 1637 1288 tantum
1665 1233 1698 1287 et
1729 1231 1860 1287 nostros

207 1329 434 1393 ministeriales
464 1327 694 1414 aspectabant,
728 1331 774 1392 ita
797 1351 840 1391 ex
861 1327 924 1392 hoc
947 1327 990 1391 ad
1013 1327 1120 1410 illum,
1155 1327 1310 1412 quamdiu
1336 1320 1455 1393 uixerit
1477 1339 1509 1393 et
1531 1329 1648 1414 quibus
1671 1328 1726 1393 ille
1748 1347 1861 1394 curam

207 1455 320 1497 earum
351 1433 566 1515 commiserit,
601 1455 676 1497 cum
706 1431 856 1497 omnibus
883 1430 980 1494 rebus
1005 1431 1066 1496 sibi
1089 1430 1317 1497 coherentibus
1340 1435 1531 1518 pertineant.
1572 1434 1616 1497 Et
1638 1443 1713 1518 post
1737 1433 1861 1498 obitum

160 1551 191 1600 10
208 1535 294 1600 illius
318 1536 492 1600 ecclesiam
536 1537 569 1600 in
592 1535 738 1600 Plutines
760 1537 826 1599 iam
849 1535 1034 1620 praefatam·
1055 1534 1098 1598 ad
1120 1557 1284 1601 annonam
1304 1537 1442 1601 fratrum
1466 1539 1624 1623 episcopii
1641 1535 1806 1601 Ouriensis
1829 1547 1862 1600 et

208 1639 297 1703 illam
321 1641 460 1726 quaein
484 1638 664 1704 Sexamnes
693 1648 744 1703 est
771 1637 814 1701 ad
844 1640 1112 1703 sustentationem
1142 1639 1437 1704 sanctimonialium
1465 1641 1499 1704 in
1528 1638 1675 1704 Ohazzes
1707 1640 1768 1705 deo
1797 1663 1861 1704 ser-

208 1745 365 1808 vientium
388 1766 447 1830 pro
470 1753 582 1808 nostra
605 1742 783 1807 elemosina
805 1752 838 1806 et
860 1752 992 1808 aeterna
1014 1745 1273 1811 remuneratione
1301 1749 1533 1810 concessimus.
1572 1747 1615 1810 Et
1638 1757 1673 1810 ut
1694 1745 1775 1808 haec
1799 1744 1861 1808 lar-

208 1849 317 1931 gitatis
348 1857 479 1912 nostrae
510 1849 703 1912 concessio⁸
738 1847 923 1911 stabilitatis
953 1869 1030 1912 suae
1058 1857 1206 1930 tenorem¹
1237 1850 1365 1914 firmum
1399 1848 1488 1936 apud
1521 1862 1668 1935 posteros
1707 1851 1861 1936 optineat,

208 1973 307 2016 manu
330 1955 462 2039 propria
485 1975 558 2016 eam
580 1953 820 2036 assignavimus
844 1961 875 2016 ot
898 1951 986 2015 anuli
1012 1954 1115 2015 nostri
1137 1953 1350 2039 impressione
1373 1977 1446 2018 eam
1468 1953 1603 2037 sigillari
1625 1955 1788 2017 iussimus.

160 2103 192 2151 15
312 2091 326 2175 ξ
349 2089 485 2174 Signum
508 2089 619 2155 domni
642 2089 772 2155 Ottonis
796 2090 885 2171 (ΜΡ.)
910 2092 1105 2155 serenissimi
1127 2093 1222 2174 regis.
1245 2088 1259 2176 ξ

311 2193 461 2279 ξΡορρο
485 2193 700 2258 cancellarius
722 2193 874 2258 advicem
895 2193 1055 2258 Frideriei
1078 2193 1386 2278 arclhi]cancellarii
1409 2196 1535 2281 scripsi.
1558 2198 1573 2281 ξ
1710 2197 1768 2277 (sl.
1794 2192 1862 2274 1.)¹’

312 2331 402 2395 Data
426 2349 472 2397 VI.
496 2330 539 2396 id.
562 2355 632 2418 apr.
656 2355 742 2397 anno
772 2332 956 2397 dominicae
986 2334 1221 2397 incantationis
1251 2349 1426 2415 boccona,
1460 2332 1637 2398 indictione
1659 2350 1741 2414 xm,
1775 2354 1861 2397 anno

209 2457 287 2500 vero
303 2438 394 2519 regni
409 2435 521 2501 domni
537 2434 668 2502 Ottonis
684 2438 822 2524 piissimi
838 2438 1011 2520 regis11113
1034 2447 1144 2501 actum
1159 2438 1193 2501 in
1210 2435 1513 2520 Qhuitilingoburg3
1532 2436 1678 2501 feliciter.
1699 2436 1769 2516 (SR.
1785 2437 1861 2515 NN.)

1006 2682 1067 2754 27.

161 2863 194 2910 ao
222 2833 302 2911 Otto
324 2835 471 2909 vertetu
491 2835 562 2908 dea
575 2835 711 2909 Aeeten
733 2862 805 2907 aron
826 2834 954 2910 Coraci
976 2834 1046 2907 dere
1059 2836 1173 2906 Burro
1195 2836 1283 2908 a’tbcr
1305 2836 1363 2909 clio
1376 2837 1487 2909 Lente
1510 2864 1576 2909 arcs
1600 2837 1679 2911 drei
1697 2864 1863 2936 yeneno-

212 2969 269 3029 tcn
291 2955 422 3032 Genea
444 2956 568 3029 welche
589 2956 661 3030 siclt
683 2982 744 3026 arn
767 2956 832 3028 dos
855 2956 1000 3028 moster·
1022 2956 1217 3029 cruicdeln.
1451 2993 1551 3052 m,
1573 2997 1635 3052 940
1658 2993 1747 3066 April
1769 2999 1819 3054 19.

311 3201 488 3274 Copiulbuclr
509 3217 565 3258 aua
588 3196 689 3259 Cosam
710 3217 767 3258 uus
790 3200 843 3257 der
864 3201 954 3258 Mille
976 3200 1026 3258 (les
1049 3205 1100 3260 10.
1118 3200 1171 3260 Jlr.
1190 3219 1224 3273 p.
1245 3203 1309 3260 323
1332 3202 1373 3258 im
1395 3200 1422 3258 lc.
1439 3201 1640 3260 Stuutsarcbia
1661 3220 1701 3259 au
1724 3203 1865 3260 Maleater

317 3304 378 3383 (B).
403 3339 445 3347 —
469 3302 632 3363 Clrurtalar
653 3322 709 3362 rum
732 3302 906 3364 Coronides
929 3309 979 3364 17.
997 3304 1049 3363 Jlr.
1069 3322 1102 3378 p.
1125 3308 1167 3363 98
1190 3303 1300 3361 ecardo
1324 3301 1389 3382 (D).

315 3443 451 3502 Manna
468 3441 537 3502 uolt.
562 3447 592 3515 1,
614 3447 679 3503 283
701 3461 758 3502 aas
780 3443 819 3501 D.
843 3479 885 3486 —
908 3443 1001 3502 Felice
1019 3442 1086 3501 Ood.
1110 3441 1187 3501 trad
1207 3441 1289 3500 Corb.
1308 3445 1373 3502 209
1396 3442 1545 3515 cayebb'ct
1566 3459 1623 3501 aas
1646 3443 1712 3500 dem
1730 3441 1866 3516 Orataal

318 3546 385 3626 (F).
409 3582 451 3590 -
475 3548 620 3608 Wilmaas
643 3547 747 3620 Wests.
771 3549 841 3607 ΚΗ.
864 3551 901 3618 2,
920 3549 964 3606 ‘51
988 3551 1023 3604 a⁰
1046 3549 1087 3605 66
1113 3563 1170 3605 aas
1198 3545 1291 3603 BDF
1314 3563 1354 3602 eu
1384 3548 1566 3606 936—942
1593 3544 1793 3624 (vcrduclrtiq).
1823 3580 1865 3588 -

315 3651 445 3710 Bobmer
466 3653 539 3725 Ray.
563 3656 613 3712 94.
638 3687 680 3696 -
704 3652 832 3725 Stoenos
849 3653 922 3724 Rea.
947 3653 997 3710 85.

316 3788 384 3848 DO.
407 3793 451 3849 27
472 3792 511 3849 ist
534 3792 685 3863 arebrfacls
707 3790 897 3850 beonstuadct
919 3789 1054 3861 troaden,
1089 3789 1155 3848 weil
1180 3789 1393 3862 Verleihrmyea
1420 3789 1470 3848 des
1498 3790 1614 3848 meatu
1642 3794 1730 3850 nater
1755 3789 1821 3847 Otto
1840 3797 1864 3847 Ι.

315 3893 388 3951 norb
409 3895 488 3951 nicht
510 3895 730 3967 nomekommen
752 3897 816 3952 scin
838 3894 938 3952 sotlec.
977 3893 1067 3952 Dicae
1085 3893 1285 3968 aeramnae
1308 3893 1384 3951 wird
1406 3894 1493 3952 sebon
1517 3894 1610 3952 duret
1632 3893 1685 3952 das
1707 3892 1793 3950 Alter
1814 3892 1867 3949 der

317 3997 470 4068 Absclrrr'ft
494 3999 655 4072 wirlerlcqt,
691 3998 770 4056 data
796 3999 883 4058 solbst
910 4016 995 4056 recca
1022 3999 1086 4056 bier
1107 4000 1171 4057 cine
1192 3999 1362 4071 Fdlscltuaq
1384 3998 1499 4070 cortitpe
1521 3997 1592 4054 oder
1613 3998 1661 4054 cia
1682 3997 1725 4054 im
1747 3995 1868 4054 Kloster

317 4102 527 4175 obfuscatam,
551 4105 621 4160 uber
642 4121 696 4160 ron
720 4103 772 4159 aa
794 4102 921 4160 Kunslci
942 4103 1021 4161 airlrt
1041 4104 1235 4176 paucissimos
1260 4101 1397 4174 Concept,
1421 4104 1474 4160 wic
1497 4119 1526 4160 es
1548 4102 1684 4174 Philippi
1706 4103 1739 4158 in
1761 4098 1864 4171 Westf.

318 4207 389 4282 ΚΠ.
419 4209 580 4278 annilina,
614 4224 646 4265 so
674 4223 756 4265 muas
786 4207 833 4263 (lic
861 4209 893 4264 in
916 4206 999 4264 Itale
1019 4208 1155 4265 stclrcndc
1177 4207 1354 4264 Inclita-tion
1376 4224 1428 4264 aar
1450 4209 1514 4266 950
1544 4207 1648 4264 berella
1671 4206 1797 4265 bekannt
1817 4221 1867 4278 yc-

199 4371 208 4392 η
318 4327 411 4368 wesen
433 4313 504 4372 scin.
542 4311 586 4368 Ist
607 4311 695 4369 sondt
710 4313 798 4384 jener
820 4310 970 4368 Dirzrcand
992 4311 1164 4380 ualraltbar,
1188 4327 1220 4369 so
1243 4311 1318 4368 rcird
1340 4311 1392 4368 der
1411 4327 1506 4383 ponae
1529 4309 1650 4370 Ooatcat
1673 4310 1766 4368 druch
1787 4309 1868 4367 seiae

317 4417 371 4472 nait
394 4416 467 4473 oller
490 4415 648 4474 Sielrerbeit
672 4415 737 4472 dem
759 4413 823 4473 PA.
851 4415 1117 4472 aaausrbrcibende
1145 4415 1286 4488 Fossam]
1313 4416 1459 4488 seruiunt.
1505 4413 1624 4474 Amlcrs
1653 4416 1726 4474 steht
1755 4431 1784 4471 es
1813 4414 1867 4470 mit

319 4516 384 4575 (lero
413 4519 607 4576 Esrlrotolroll.
653 4517 758 4575 ladem
780 4517 886 4576 soroobl
907 4518 938 4575 D
960 4518 1004 4575 als
1027 4518 1059 4575 F
1078 4517 1210 4589 efferebar
1231 4535 1293 4578 aar
1319 4537 1376 4577 aras
1405 4520 1434 4577 B
1461 4518 1616 4591 scbdpsm,
1652 4518 1792 4576 ersclaetnt
1822 4516 1869 4574 dic

320 4622 383 4678 ein-e
405 4624 437 4678 in
459 4622 490 4680 D
511 4621 724 4695 binsuqrfdpte
747 4623 866 4680 Formel
887 4622 951 4680 aad
974 4623 1139 4681 crsclrciaea
1162 4622 1209 4679 dic
1231 4625 1263 4680 in
1286 4623 1318 4680 F
1342 4622 1518 4695 vollstr'tmtiq
1543 4624 1700 4695 petuleum
1727 4621 1869 4679 Formela

318 4724 363 4782 als
385 4725 556 4798 Drfinduay
579 4725 632 4783 cler
653 4724 844 4796 betreffendcn
868 4725 1021 4785 Srrnnnler.
1059 4725 1139 4784 Duas
1162 4726 1256 4784 Falto
1278 4725 1362 4784 dubet
1384 4728 1438 4784 erait
1458 4727 1609 4799 nescissem
1628 4724 1782 4784 caelicae
1803 4740 1869 4782 vor-

317 4843 466 4902 qeqaayea
489 4831 543 4898 ist,
567 4829 631 4886 rara
655 4829 703 4886 dic
723 4830 903 4902 arariclrtipc,
928 4831 998 4887 aber
1020 4829 1134 4887 dornale
1157 4829 1233 4886 arceb
1255 4831 1289 4886 r'n
1309 4829 1409 4887 DDO.
1432 4832 1485 4899 24,
1508 4832 1551 4890 29
1574 4826 1795 4888 vorkommcnde
1817 4827 1869 4884 Ia-

320 4931 429 4990 diction
451 4931 515 4990 dur.
549 4932 615 4990 Das
637 4933 717 4990 lana
739 4934 810 4990 uber
832 4932 879 4989 dic
901 4933 1048 5004 constipare
1065 4932 1173 4990 Fcbler
1189 4932 1286 4991 (liesca
1299 4933 1441 4991 Fornrcln
1454 4935 1535 4991 nicht
1550 4932 1726 5005 aufwicqca.
1758 4930 1869 4989 hauet

320 5035 449 5094 adntliclr
471 5036 519 5094 die
540 5035 695 5108 Dattruny
716 5052 757 5106 su,
782 5035 851 5093 (loss
873 5034 1001 5106 siccus
1017 5035 1078 5094 PC.
1101 5036 1146 5093 als
1168 5038 1222 5094 mit
1243 5035 1308 5094 ΡΑ.
1332 5053 1373 5093 aa
1402 5036 1455 5094 cler
1477 5035 1696 5109 Ausfestiyunp
1724 5034 1870 5107 betlrciliyt

321 5138 475 5198 schliessen
496 5139 592 5198 tossen
615 5139 725 5209 autrdc,
748 5157 780 5198 so
798 5143 884 5211 passt
908 5139 955 5197 die
975 5137 1292 5210 Recopnr'te'onssornret
1313 5138 1408 5196 caeder
1429 5158 1468 5198 aa
1487 5139 1549 5198 ΡΑ.
1573 5140 1646 5198 noch
1668 5159 1709 5198 au
1726 5137 1783 5201 PG.
1806 5139 1870 5197 aad

321 5243 360 5300 ist
383 5243 549 5316 uberhaupt
571 5242 651 5301 diasc
671 5242 860 5316 Verbiaduny
882 5259 938 5300 voa
961 5240 1208 5311 Scldussfornrcla
1235 5242 1409 5315 uanraqlicb.
1446 5244 1565 5302 Kouma
1593 5243 1638 5300 iclr
1667 5243 1784 5301 declaclb
1812 5238 1875 5310 uus

321 5427 362 5484 Μ.
391 5429 498 5499 [Sickel]
602 5431 630 5494 a)
649 5434 748 5482 ccessio
767 5431 832 5480 ohne
854 5427 1121 5496 Abin'tmmgmeiclrm
1224 5431 1252 5490 bl
1277 5431 1332 5481 Wic
1354 5431 1397 5481 die
1420 5429 1664 5496 aeconomia
1686 5427 1870 5494 urepstlnyltcb

386 5499 549 5565 yescbrteben
566 5518 635 5562 war,
662 5501 728 5550 blico
746 5500 806 5550 lectu
823 5501 910 5551 Raram
927 5500 978 5561 fiir
995 5499 1044 5549 das
1062 5498 1116 5550 SR.
1135 5497 1200 5548 noch
1216 5499 1267 5563 fiir
1283 5501 1333 5551 dae
1351 5499 1443 5565 Stoyci.
1482 5499 1607 5550 tanea
1624 5499 1713 5550 warda
1736 5497 1819 5550 dates
1841 5514 1869 5547 so

390 5569 505 5634 besutiyt
523 5570 584 5620 dass
602 5569 673 5620 links
689 5586 738 5620 uon
756 5569 810 5619 itm
827 5586 878 5618 aar
894 5568 960 5618 nocb
978 5585 1022 5618 arc
1039 5567 1154 5618 achabor
1171 5569 1220 5630 aa·
1237 5567 1321 5618 reclttu
1337 5585 1395 5619 vom
1413 5567 1500 5632 Stepcl
1516 5566 1605 5618 made
1621 5567 1666 5618 die
1684 5574 1749 5619 crete
1767 5565 1867 5628 Schrtfi

167 5640 202 5690 45
390 5639 523 5691 manant
539 5639 594 5689 mad
611 5638 696 5756 will
717 5639 869 5689 cancellarii
888 5639 981 5703 scripsi
1004 5643 1099 5688 ereda.
1135 5637 1194 5687 Dae
1213 5635 1268 5692 SR.
1285 5638 1374 5690 warde
1390 5643 1465 5688 anter
1482 5637 1576 5700 scripsi
1592 5636 1649 5687 mad
1665 5636 1734 5688 nach
1751 5636 1798 5686 der
1814 5632 1869 5698 Ap-

388 5710 525 5773 prccats'on
542 5706 668 5774 caetrae
697 5745 704 5760 .

271 5815 458 5860 nummus
470 5818 488 5860 1.
1606 5808 1647 5869 15
