4530 6434
878 426 1004 484 O'I'TO
1027 428 1051 483 1.
1075 423 1146 482 968.
1775 417 1838 484 489

187 606 355 692 fastigium
378 607 541 673 humiliter
563 607 699 690 adiisse,
735 607 927 694 suppliciter
948 608 1146 695 postulando
1171 619 1207 673 ut
1228 607 1424 675 coenobium
1446 611 1480 673 in
1502 609 1625 686 honore
1650 621 1837 675 sanctorum

188 712 410 798 apostolorum
434 713 577 780 Simonis
601 724 634 777 et
655 713 757 778 iudae
789 713 976 778 dedicatum
1005 716 1038 778 in
1070 737 1133 800 quo
1163 714 1338 800 requiescit
1366 735 1484 797 corpus
1509 714 1613 778 sancti
1636 713 1836 796 Uuicberhti,

188 815 222 878 in
244 814 318 879 loco
344 818 397 902 qui
421 827 627 901 nuncupatur
649 815 871 883 Herolfesfeld
893 819 990 882 situm
1013 819 1106 882 iuxta
1127 815 1248 882 flumen
1266 817 1319 879 cui
1342 839 1460 881 nomen
1483 826 1534 880 est
1555 815 1663 881 Fulda
1693 818 1727 880 in
1748 839 1835 902 pago

188 919 341 1001 Hassise,
365 922 415 984 cui
440 941 571 1005 preesse
594 920 654 985 deo
679 929 812 986 auctore
835 921 1017 1002 videbatur,
1041 941 1116 985 cum
1140 922 1227 986 omni
1250 942 1383 984 suarum
1406 942 1513 983 rerum
1536 930 1567 984 et
1591 922 1837 1004 possessionum

153 1024 372 1106 tintegritate
401 1025 467 1086 suis
490 1023 649 1088 vendiciis
678 1023 874 1110 ubicumque
904 1023 1002 1108 legali
1032 1025 1144 1088 ordine
1169 1023 1353 1088 debitarum
1376 1023 1417 1086 ab
1443 1026 1530 1087 omni
1553 1025 1622 1088 iure
1646 1022 1778 1109 publico
1804 1034 1836 1087 et

189 1127 333 1190 omnium
356 1125 532 1207 hominnm,
557 1128 583 1188 si
603 1128 657 1212 qui
675 1126 852 1213 aliquando
869 1127 990 1190 firerint
1004 1126 1150 1191 eiusdem
1166 1127 1354 1191 monasterii
1371 1127 1449 1191 iuris
1465 1123 1693 1213 qualicumque
1709 1128 1834 1190 ratione

189 1229 376 1314 participes,
399 1239 561 1314 potestate
584 1227 721 1294 liberum
745 1228 997 1316 absolutumque
1020 1242 1133 1296 nostra
1155 1229 1316 1314 imperiali
1340 1231 1533 1294 auctoritate
1555 1229 1774 1312 redderemus,
1798 1254 1838 1295 ea

187 1331 340 1396 videlicet
361 1333 487 1398 ratione
510 1342 546 1396 ut
568 1332 686 1398 amodo
711 1335 842 1398 inantea
866 1356 961 1398 nemo
986 1336 1218 1420 cpiscoporum
1246 1333 1332 1398 infra
1354 1333 1436 1396 fines
1460 1344 1492 1399 et
1515 1335 1677 1398 territoria
1699 1335 1838 1420 praefati

188 1435 337 1500 coenobii
361 1433 505 1522 aliquam
529 1429 767 1502 ordinationem
790 1439 898 1503 facere
920 1447 1122 1525 presumeret
1144 1436 1196 1502 vel
1220 1437 1392 1502 temerario
1416 1459 1497 1501 ausu
1521 1437 1690 1504 monachis
1716 1437 1838 1502 ibidem

138 1551 169 1596 10
187 1559 246 1622 pro
275 1548 422 1624 tempore
451 1539 512 1604 deo
536 1551 614 1605 vota
643 1540 847 1606 solventibus
870 1542 1061 1607 violentiam
1091 1543 1252 1626 ingereret
1275 1549 1331 1604 aut
1353 1542 1387 1603 in
1409 1540 1540 1604 abbatis
1564 1539 1756 1606 electionem
1781 1564 1837 1606 eos

188 1651 302 1705 coacte
324 1641 500 1726 induceret,
525 1642 584 1707 sed
605 1646 668 1729 ipsi
692 1645 843 1710 monachi
866 1645 1025 1709 haberent
1046 1643 1184 1708 liberam
1206 1652 1403 1727 potestatem
1426 1643 1566 1727 eligendi
1590 1667 1649 1729 pro
1667 1667 1725 1710 suo
1742 1643 1837 1709 libitu

188 1743 357 1828 abbatem,
392 1747 418 1810 si
448 1739 566 1832 aliquis
595 1743 679 1812 forte
709 1750 743 1812 in
772 1747 887 1814 eodem
915 1750 1139 1813 monasterio²
1173 1746 1216 1811 ad
1243 1747 1429 1811 huiusmodi
1465 1751 1572 1831 operis
1603 1747 1837 1812 exhibitionem

188 1845 305 1934 dignus
328 1849 542 1931 inveniretur3
565 1848 693 1916 adhoc
717 1851 856 1936 posthac
879 1851 987 1916 nullus
1011 1853 1188 1936 imperator
1211 1852 1279 1914 sive
1301 1872 1362 1914 rex
1380 1849 1449 1913 dux
1464 1850 1609 1914 marchio
1626 1873 1736 1915 comcs
1752 1853 1837 1914 vice-

186 1971 297 2015 comes
321 1961 377 2016 aut
401 1951 554 2037 quislibet
575 1955 620 2016 rei
644 1952 773 2039 publice
797 1965 933 2020 exactor
956 1977 1013 2019 seu
1036 1956 1150 2039 quevis
1173 1975 1293 2038 magna
1315 1955 1516 2038 remissaque
1536 1975 1677 2037 persona
1696 1955 1834 2039 praefati

138 2064 169 2111 15
188 2053 338 2120 coenobii
355 2079 407 2121 res
423 2067 456 2120 et
473 2057 616 2122 familias
632 2060 664 2122 in
684 2080 803 2143 magno
827 2068 884 2122 aut
906 2060 940 2122 in
963 2079 1067 2143 parvo
1091 2056 1263 2121 molestare
1287 2057 1467 2140 inquietare
1490 2066 1547 2120 aut
1569 2055 1714 2121 iudicare
1737 2066 1837 2142 tcmp-

186 2166 286 2241 taret,
317 2159 374 2223 sed
399 2163 592 2247 omniaque
616 2160 659 2225 ad
682 2160 769 2225 idem
791 2163 1026 2226 monasterium
1049 2162 1210 2245 pertinere
1233 2158 1494 2240 dinoscerentur,
1530 2162 1681 2244 potestati
1706 2159 1836 2224 abbatis

188 2263 241 2346 qui
265 2284 324 2347 pro
348 2273 494 2349 tempore
517 2266 612 2329 fuerit
635 2263 875 2330 subderenturb
898 2274 995 2350 atque
1019 2266 1087 2328 eius
1111 2285 1249 2327 censura
1271 2258 1503 2327 iudicarentur.
1542 2263 1646 2347 [gitur
1667 2265 1733 2328 iam
1757 2264 1836 2328 dicti
1898 2271 1900 2276 '

187 2363 328 2449 Agelulfi
350 2367 547 2432 venerabilis
570 2367 700 2432 abbatis
724 2368 876 2452 precibus
899 2367 1034 2432 modum
1056 2366 1251 2430 habentibus
1275 2367 1383 2430 animo
1407 2365 1553 2432 inclinati
1577 2366 1736 2450 simulque
1760 2389 1835 2432 oon·

188 2467 368 2532 siderantes
384 2471 452 2534 eius
469 2472 675 2536 sanctitatem
692 2481 724 2534 et
740 2492 818 2536 suae
840 2469 1008 2534 fidelitatis
1031 2467 1312 2553 magnitudinem⁰
1334 2465 1421 2552 qucl
1445 2468 1638 2533 multociens
1660 2470 1694 2532 in
1717 2469 1836 2533 nostris

135 2586 169 2634 ao
189 2573 304 2635 seriis⁰
329 2572 488 2639 desudare
511 2577 735 2660 cognovimus,
759 2575 953 2658 propensius
976 2583 1086 2637 tamen
1110 2571 1161 2636 dei
1186 2573 1418 2655 omnipotentis
1442 2594 1552 2636 amore
1570 2581 1602 2635 et
1617 2573 1733 2636 timore
1749 2594 1836 2654 com-

188 2673 272 2758 pulsi
290 2697 389 2762 aquo
405 2676 618 2740 centesimum
637 2677 787 2757 fructum,
812 2676 839 2738 si
863 2673 941 2761 quid
964 2675 1135 2739 fecerimus
1158 2674 1247 2755 boni,
1271 2677 1339 2738 eius
1363 2677 1569 2758 preveniente
1593 2678 1701 2760 gratia
1724 2699 1836 2740 sumus

186 2780 358 2863 recepturi,
383 2777 524 2865 aequm‘
544 2803 653 2844 sumus
676 2781 739 2843 rati
762 2779 831 2844 eius
854 2777 1065 2864 petitionibus
1088 2799 1153 2842 non
1177 2777 1346 2861 refragari.
1384 2777 1592 2863 Quapropter
1614 2780 1767 2842 iussimus
1788 2777 1835 2842 illi

188 2879 250 2944 hoc
273 2891 419 2946 nostrum
442 2893 631 2968 preceptum
654 2881 724 2946 fieri
747 2892 779 2947 et
802 2904 860 2968 per
882 2902 956 2945 eum
979 2881 1044 2944 suis
1067 2881 1207 2964 posteris
1230 2881 1264 2944 in
1289 2891 1478 2966 perpetuum
1501 2903 1558 2968 per
1579 2881 1668 2966 quod
1686 2881 1833 2946 iubemus

188 2993 219 3047 et
243 2985 375 3049 omnino
399 2985 580 3068 sancimus,
615 2997 650 3064 ut
674 2987 783 3050 omnia
806 3007 890 3070 quae
914 2986 1063 3069 superius
1085 2982 1237 3068 leguntur
1258 2983 1352 3048 firma
1375 2993 1407 3047 et
1429 2983 1622 3048 inconvulsa
1644 2984 1836 3068 habeantur,

137 3102 170 3149 as
189 3086 314 3151 scilicet
335 3098 371 3153 ut
392 3088 500 3154 nullus
524 3091 699 3175 episcopus
722 3097 917 3175 potestatem
940 3088 1025 3150 infra
1047 3088 1285 3173 praenominati
1309 3088 1497 3151 monasterii
1522 3088 1604 3152 fines
1627 3090 1836 3168 etterrninos

188 3187 309 3254 habeat
332 3190 505 3256 ordinandi
526 3201 583 3255 aut
605 3189 763 3277 eligendi,
799 3189 858 3254 sed
888 3191 971 3254 sicut
998 3192 1064 3254 iam
1087 3189 1299 3271 dictumest,
1333 3189 1418 3254 idem
1441 3190 1594 3254 monachi
1616 3189 1742 3254 alterna
1765 3213 1835 3256 suc-

188 3293 336 3355 cessione
358 3292 501 3357 habeant
523 3291 688 3358 licentiam
712 3292 853 3377 eligendi
876 3294 916 3359 de
939 3295 1016 3374 suis,
1039 3303 1136 3378 prout
1159 3296 1205 3358 eis
1228 3295 1335 3358 visum
1363 3293 1469 3358 filerit.
1514 3294 1667 3358 Preterea
1696 3293 1834 3379 posthac

187 3393 295 3461 nullus
311 3398 489 3482 imperator
504 3409 561 3462 aut
574 3421 634 3462 rex
651 3399 718 3463 dux
734 3398 880 3462 marchio
896 3419 1007 3463 comes
1022 3398 1206 3462 vicecomes
1222 3406 1280 3460 aut
1294 3394 1412 3483 aliquis
1431 3399 1477 3462 rei
1496 3395 1671 3482 publicae‘
1690 3399 1836 3462 minister

189 3523 245 3564 seu
269 3500 413 3585 quelibet
435 3524 556 3586 magna
577 3503 777 3587 remissaque
800 3524 941 3588 persona
963 3501 1003 3566 de
1027 3500 1179 3566 omnibus
1201 3524 1263 3586 quq
1283 3500 1325 3564 ad
1341 3502 1502 3586 prefatum
1516 3503 1750 3567 monasterium
1765 3523 1823 3588 per

137 3616 171 3662 30
189 3603 301 3686 tinent,
325 3615 391 3670 tam
415 3604 512 3670 rebus
537 3628 635 3691 quam
657 3604 789 3670 familiis
810 3629 843 3670 se
858 3609 1072 3670 intromittere
1096 3615 1271 3689 presumat,
1296 3604 1353 3668 sed
1373 3608 1481 3670 omnia
1496 3605 1617 3672 iudicio
1634 3616 1665 3670 et
1680 3607 1834 3691 potestati

188 3704 316 3771 abbatis
340 3707 394 3795 qui
417 3730 476 3794 pro
501 3718 648 3794 tempore
676 3709 773 3773 fuerit
806 3717 1012 3773 reserventur
1043 3718 1142 3794 atque
1165 3706 1362 3789 subdantur,
1398 3710 1541 3772 omnium
1567 3709 1734 3774 hominum
1758 3731 1835 3774 con·

188 3809 381 3875 tradiotione
409 3822 545 3876 remota.
591 3809 626 3876 Si
656 3813 727 3898 quis
757 3814 857 3896 igitur
884 3812 979 3876 huius
1002 3814 1106 3876 nostri
1133 3814 1299 3897 praecepti
1322 3811 1462 3876 violator
1484 3815 1636 3897 extiterit,
1661 3812 1834 3898 culpabilis

188 3911 314 3978 solvere
344 3924 481 3998 cogatur
508 3913 596 3979 mille
624 3913 724 3978 libras
755 3917 825 3978 auri
849 3917 977 3999 optimi,
1012 3914 1219 3979 medietatem
1242 3914 1397 3979 kamerac
1419 3923 1550 3981 nostrae
1573 3925 1605 3978 et
1628 3916 1834 3980 medictatem

187 4019 409 4102 suprascripto
433 4015 585 4102 Agelulfo
609 4017 722 4082 abbati
746 4020 879 4103 eiusque
904 4017 1159 4083 successoribus.
1204 4016 1302 4097 Quod
1325 4029 1360 4084 ut
1383 4022 1491 4084 verius
1520 4021 1672 4086 credatur
1700 4017 1834 4104 diligen-

136 4129 169 4177 35
187 4119 315 4206 tiusque
338 4120 380 4184 ab
406 4119 556 4185 omnibus
580 4121 777 4204 observetur,
801 4144 900 4187 manu
922 4123 1055 4207 propria
1077 4123 1271 4188 roborantes
1294 4123 1428 4189 anulum
1450 4133 1597 4189 nostrum
1620 4125 1754 4190 inferius
1775 4127 1834 4190 im-

187 4224 283 4307 primi
306 4225 469 4288 iussimus.

289 4357 303 4439 ᾖ
325 4359 460 4444 Signum
484 4360 595 4424 domni
619 4359 750 4424 Ottonis
773 4360 837 4440 (M.)
863 4364 1059 4426 serenissimi
1083 4359 1259 4447 augustii

289 4459 518 4543 {Ambrosius
541 4461 757 4526 cancellarius
781 4462 930 4527 advicem
952 4464 1091 4529 Huberti
1112 4468 1259 4551 episcopi
1282 4477 1314 4530 et
1337 4465 1616 4531 archicancellarii
1643 4471 1834 4552 recognovit

187 4576 219 4630 ct
241 4565 445 4651 subscripsit.
468 4564 482 4646 ᾖ
1616 4570 1697 4650 (stt.)
1719 4571 1775 4650 (SI.
1793 4575 1834 4652 5.)
1852 4619 1855 4630 .

135 4710 169 4757 40
289 4705 414 4768 Datum
438 4719 495 4767 xv.
518 4701 586 4766 kal.
611 4723 691 4768 mar.
715 4725 801 4768 anno
826 4703 1009 4770 dominicae
1032 4707 1272 4772 incarnacionis
1296 4719 1534 4790 Dcccctxv111,
1564 4731 1650 4773 anno
1674 4731 1751 4773 vero
1775 4711 1832 4772 im-

115 4843 116 4846 =
187 4809 268 4891 perii
291 4807 402 4872 domni
426 4807 558 4873 Ottonis
590 4807 785 4872 serenissimi
814 4810 943 4892 augusti
967 4825 1033 4892 vn,
1067 4807 1244 4875 indictione
1268 4827 1321 4892 x13
1355 4821 1466 4875 actum
1488 4807 1684 4892 Beneuenti,
1718 4811 1751 4874 in
1781 4809 1832 4874 dei

187 4912 318 4974 nomine
339 4910 477 4976 feliciter
499 4931 605 4976 amen.

274 5079 332 5134 ttt.
362 5083 458 5150 [h'olta]
547 5087 574 5147 a)
592 5088 619 5136 io
638 5085 691 5148 aas
702 5085 791 5136 Ram
877 5087 904 5147 b)
923 5085 991 5136 nach
1009 5088 1104 5138 dieram
1116 5087 1159 5137 dte
1175 5090 1198 5137 7.
1212 5086 1374 5150 Schrislsailc
1391 5085 1613 5137 abachlieraendm
1629 5083 1832 5136 Wartcscs'sdcr-
1875 5125 1879 5134 .

360 5151 426 5202 holte
443 5153 491 5202 der
509 5153 644 5205 Salsa-ciba
667 5151 791 5221 potestati
810 5183 843 5191 -
861 5156 1037 5206 subderentur
1059 5155 1191 5206 essonae
1211 5155 1264 5219 ons
1280 5157 1327 5207 der
1346 5157 1370 5207 8.
1386 5155 1561 5218 Schriflaeile,
1589 5154 1834 5204 aurorescente

136 5207 170 5255 4⁶
358 5221 439 5283 sosor't
456 5221 538 5272 drrrch
558 5229 734 5290 amorraeum
752 5223 854 5274 Patalete
871 5223 921 5287 Jis'r
943 5226 1053 5290 capillip
1166 5229 1189 5289 c)
1210 5237 1275 5275 com
1294 5241 1341 5275 aaa
1364 5225 1553 5292 magnitudinis
1657 5225 1684 5286 d)
1703 5239 1768 5272 corr.
1786 5239 1834 5274 arcs

360 5293 404 5356 qui
508 5293 533 5354 e)
552 5291 574 5342 A
592 5299 653 5343 aare
670 5295 784 5344 servitiis
888 5295 909 5358 i)
928 5293 959 5344 A.

239 5809 426 5863 halremknudan
439 5813 457 5864 1.
