4554 6414
914 421 1370 480 KAISERURKUNDEN.

421 611 456 668 ob
478 608 527 666 die
549 593 647 668 Worle
668 608 744 681 quod
767 609 913 664 muntscat
928 638 971 680 ·.·
987 607 1185 678 constringere
1208 605 1284 664 auch
1307 607 1339 662 in
1362 604 1414 662 der
1432 605 1496 665 VU.
1519 605 1618 663 stebcn
1639 605 1745 664 sollteo
1767 605 1844 664 oder
1859 607 1997 676 gestore-

421 713 478 770 dea
499 713 594 771 baben
615 711 680 769 ond
700 712 788 770 cornil
810 710 858 767 dic
879 709 945 767 dort
967 709 1146 768 elmooare
1167 709 1269 767 noire
1290 708 1452 780 aussollen.
1495 709 1543 768 Za
1570 708 1769 768 cumanam
1798 707 1877 766 sind
1910 706 2000 764 disse

422 817 521 876 Worte
548 816 643 885 nicht,
678 815 718 872 da
744 814 799 872 dos
827 813 994 872 Anacolatlr
1022 832 1063 871 an
1092 814 1189 872 dieser
1217 812 1304 872 Stella
1332 814 1486 872 crlrlorliclr
1514 814 1578 872 and
1599 817 1773 887 sceniystcns
1798 814 1846 871 bis
1874 815 1911 868 in
1938 810 1999 868 das

422 925 452 981 9.
476 919 529 979 Ji.
553 921 654 977 biacia
676 918 826 990 mebrsaclr
847 918 1048 976 nocbweisbor
1068 920 1123 988 ist,
1158 918 1222 976 uod
1249 918 1289 976 do
1312 918 1360 976 dic
1382 919 1581 990 Erycem-unq,
1615 935 1699 976 wenc
1727 918 1808 976 auch
1837 919 2001 974 corrector

422 1023 557 1094 stilisirt,
590 1025 622 1081 in
644 1023 710 1081 dem
731 1041 801 1080 eom
820 1039 942 1095 yrosscn
968 1021 1050 1081 lircil
1071 1020 1139 1082 Do.
1162 1025 1206 1082 20
1227 1021 1463 1096 nochycbildetcn
1484 1021 1525 1082 D.
1548 1022 1690 1080 Heinrich
1709 1029 1750 1080 ΙΙ.
1775 1020 2038 1080 rciederkelrrt.5

423 1213 438 1296 ξ
465 1209 505 1274 In
532 1211 664 1274 nomine
692 1217 826 1273 sanctae
854 1217 887 1272 et
914 1206 1102 1272 individuae
1129 1208 1294 1272 trinitatis.
1339 1205 1417 1272 Otto
1441 1206 1493 1272 dei
1515 1209 1621 1292 gratia
1647 1231 1717 1272 rex.
1819 1207 2001 1272 Noverint

322 1337 433 1381 omnes
455 1311 568 1378 fideles
590 1314 693 1377 nostri
716 1320 904 1396 praesentes
928 1310 1052 1376 scilicet
1079 1323 1112 1377 et
1138 1311 1253 1394 futrui,
1284 1328 1398 1393 qualiter
1420 1330 1461 1377 vir
1483 1324 1667 1378 venerabilis·
1689 1311 1828 1378 Thotol
1857 1315 1874 1397 ξ
1906 1327 2001 1377 Osne

320 1435 479 1502 bruggensis
507 1432 652 1484 acclesiae
680 1433 822 1497 episcopus
850 1431 988 1496 fidelisque
1016 1437 1107 1482 noster
1135 1417 1317 1480 serenitatis
1338 1427 1471 1480 nostrae
1493 1416 1698 1482 clementiam
1720 1416 1840 1482 adiens
1871 1425 2001 1503 postu·

319 1524 415 1606 lavit,
445 1543 476 1588 ut
506 1537 592 1588 eidem
620 1537 748 1588 ecclesiae
777 1543 856 1585 suae
883 1528 1066 1601 nostraeque⁰
1093 1537 1268 1586 immunitatis
1290 1542 1317 1585 et
1339 1536 1469 1586 libertatis
1491 1542 1662 1602 praeceptum
1683 1535 1740 1587 fieri
1764 1536 2000 1587 decrevissemus

320 1659 368 1710 per
388 1642 461 1709 quod
483 1658 525 1693 res
547 1647 574 1692 et
595 1647 740 1706 potestates
762 1655 832 1706 qnae
854 1657 902 1690 suo
925 1641 1060 1706 episcopio
1083 1642 1140 1691 iure
1156 1639 1286 1691 debentur
1301 1639 1402 1691 firmius
1417 1656 1449 1691 ac
1464 1640 1570 1705 plenius
1584 1659 1601 1690 a
1614 1641 1713 1692 habere
1728 1640 1874 1692 valuisset
1902 1640 2000 1690 Curius
2021 1639 2056 1688 1⁰

321 1749 445 1814 petitioni
467 1747 502 1797 ob
524 1761 640 1796 amorem
663 1745 763 1795 domini
779 1763 819 1794 e*
836 1760 974 1795 assensum
988 1747 1176 1810 *praebentes
1199 1746 1236 1795 ita
1259 1745 1316 1796 lieri
1339 1744 1505 1796 decrevimus
1526 1742 1558 1795 et
1578 1731 1641 1796 hoc
1664 1741 1888 1818 praeceptum
1914 1729 2001 1794 inde

320 1835 483 1903 conscribi
505 1837 669 1917 iussimutt,
691 1834 828 1899 firmiter
849 1851 1042 1914 praecipientes
1065 1868 1082 1898 ι
1103 1857 1133 1899 ut
1156 1851 1226 1900 sicut
1247 1850 1365 1916 reliquae
1388 1857 1496 1901 sanctae
1518 1851 1645 1901 ecclesiae
1668 1848 1710 1900 dei
1733 1865 1804 1915 quae
1829 1867 1882 1915 per
1903 1855 2000 1900 totam

320 1957 461 2008 hindam
484 1961 511 2005 et
532 1953 676 2004 Saxonum
697 1949 730 2003 et
752 1955 925 2004 immunitatis
947 1955 1061 2004 tusone
1083 1948 1116 2002 et
1138 1948 1381 2004 antecessorum
1402 1949 1604 2022 nostrorum,
1634 1961 1746 2023 regum
1768 1937 1941 2003 videlicet
1965 1950 2002 2003 ct

319 2047 568 2131 imperatorum,
602 2044 796 2108 auctoritate
824 2042 1074 2124 confirmantur,
1108 2058 1147 2107 ita
1174 2058 1286 2122 praeisti
1316 2059 1446 2124 praesulis
1474 2059 1549 2109 sedes
1578 2065 1671 2109 sancta
1696 2065 1830 2124 perpetuo
1862 2075 1918 2123 per
1944 2059 2001 2109 hoc

321 2171 441 2216 nostrum
469 2168 641 2230 praeceptum
670 2160 777 2213 domino
807 2162 956 2227 opitulante
985 2145 1129 2210 stabilita
1158 2163 1302 2224 consistat,
1335 2165 1374 2213 ita
1395 2169 1426 2214 nt
1447 2164 1538 2214 nullus
1560 2162 1641 2213 iudex
1662 2163 1787 2228 publicus
1815 2179 1915 2229 neque
1941 2164 2055 2216 aliato

320 2268 462 2320 iudiciaria
494 2272 613 2332 potestas
640 2272 688 2316 aut
716 2267 826 2315 comites
849 2265 892 2316 vel
914 2267 987 2315 missi
1010 2266 1135 2316 dominici
1158 2283 1206 2332 per
1228 2273 1347 2332 tempora
1370 2268 1548 2319 discurrentes
1571 2269 1599 2317 in
1621 2267 1686 2318 locis
1709 2267 1783 2317 illius
1807 2270 2002 2333 episcopatus

320 2373 422 2438 placita
442 2369 566 2422 habenda
587 2351 656 2420 vel‘¹
684 2369 759 2420 freda
781 2369 912 2436 exigenda
934 2376 981 2419 aut
1002 2370 1143 2435 parafreda
1172 2364 1243 2420 aut⁹
1272 2377 1379 2436 paratas
1407 2371 1544 2421 faciendas
1572 2371 1616 2421 vel
1643 2371 1815 2421 fideiussores
1848 2373 2001 2424 tollendos

321 2481 369 2527 aut
391 2490 482 2526 aervoa
502 2458 556 2523 vol
578 2457 699 2523 liberos
721 2460 789 2523 sive
811 2457 984 2523 liddones‘
1010 2469 1043 2523 et
1064 2467 1191 2523 ceteros
1214 2481 1261 2524 aut
1284 2469 1354 2526 eos⁸
1376 2477 1423 2542 qui
1445 2491 1553 2526 censum
1579 2476 1729 2542 persolvere
1760 2475 1866 2526 debent
1889 2459 2002 2546 'quod

322 2573 487 2630 muntscat
513 2573 667 2644 vocatur,
697 2585 717 2626 a
744 2565 873 2626 nemine
902 2573 1129 2648 praesumatur
1150 2565 1388 2647 constringere3
1411 2598 1428 2628 ι
1449 2580 1496 2630 sed
1519 2580 1598 2630 liceat
1619 2579 1738 2644 praefato
1761 2581 1897 2645 episeopo
1925 2583 2001 2631 suis

321 2701 374 2752 que
391 2684 590 2735 successoribus
605 2700 622 2730 ι
636 2697 679 2732 res
700 2663 879 2747 praedictae*
901 2681 1013 2748 ecclesie
1035 2698 1095 2731 curn
1118 2684 1242 2732 omuibus
1264 2698 1333 2748 quas
1354 2684 1473 2749 possidet
1495 2685 1539 2734 vel
1561 2683 1685 2750 deinceps
1706 2684 1872 2750 adquisierit
1895 2689 2000 2752 quieto
2020 2686 2055 2734 20

322 2788 416 2840 ordine
443 2784 580 2853 possidere
607 2801 723 2851 suasque
750 2785 894 2836 aecclesias
922 2787 992 2836 iuste
1020 2789 1152 2852 corrigere
1181 2794 1357 2858 eammquc
1385 2804 1480 2839 canses
1504 2789 1605 2854 absque
1633 2788 1689 2838 ulla
1716 2774 1999 2840 contradictione

322 2893 446 2945 ordinare
467 2897 547 2958 atque
570 2890 718 2956 dispensa
755 2875 799 2939 Et
820 2885 857 2940 ut
877 2877 986 2940 verius
1009 2875 1175 2960 credatur,
1208 2899 1309 2941 mauu
1337 2889 1450 2943 nostra
1477 2877 1558 2943 illud
1585 2877 1787 2944 firmavimus
1817 2889 1853 2942 et
1885 2879 1998 2944 anulo

321 2991 435 3047 nostro
459 2979 594 3064 sigillari
616 2981 780 3044 iussimus.

427 3118 562 3204 Signum
585 3117 696 3183 domni
720 3116 851 3183 Ottonis
876 3119 940 3199 (tt.)
964 3119 1168 3183 invictissimi
1190 3119 1287 3202 regis.

426 3223 542 3309 Poppo
567 3221 715 3287 advicem
737 3221 896 3286 Friderici
919 3224 1096 3306 recognovi
1119 3231 1151 3286 et
1176 3221 1280 3302 (SR.)i
1833 3223 1896 3302 (st.
1925 3225 1973 3304 1.)
1988 3223 1997 3262 ἰ
2015 3241 2050 3288 2⁵

426 3359 516 3424 Data
532 3376 590 3424 xv.
604 3358 673 3424 kal.
688 3361 755 3424 iun.
777 3380 863 3424 anno
887 3358 1071 3424 dominicae
1093 3361 1326 3425 incarnationis
1342 3375 1603 3442 nccccxxxvm,
1626 3359 1804 3424 indictione
1820 3377 1873 3443 xl,
1898 3383 1995 3427 anno

326 3462 458 3530 Ottonis
480 3465 525 3550 pii
548 3465 634 3548 regis
656 3481 700 3544 113
723 3472 834 3528 aetum
854 3464 889 3528 in
911 3461 1017 3546 Stela3
1040 3460 1173 3528 amen.k

1119 3703 1179 3775 tt.

332 3860 414 3938 Octo
443 3860 586 3936 ideae
614 3860 685 3934 deo
715 3859 895 3934 Moncben
925 3857 991 3931 der
1020 3857 1258 3932 Morizlcirclcc
1285 3884 1331 3931 zo
1353 3857 1579 3959 Mopdeborp
1600 3860 1815 3958 Leibeipene
1839 3863 1883 3935 io
1906 3889 1994 3938 ver-

322 3983 533 4058 soiedeneo
562 3979 790 4081 Or'tscdfflco
812 3980 873 4054 des
899 3978 1001 4056 Garis
1022 3979 1336 4078 Nocdtlltiriopeo.
1505 4019 1692 4095 deeoory
1714 4023 1778 4081 939
1803 4021 1889 4081 Μ
1913 4029 1944 4086 7.
2011 4036 2047 4085 30

431 4208 678 4284 Originoldrplom
700 4209 743 4266 im
760 4207 788 4265 lc.
806 4205 1009 4267 Stoutsorchic
1022 4225 1064 4266 su
1078 4206 1183 4266 Berlin
1201 4205 1265 4284 (A).
1291 4239 1328 4249 -
1352 4206 1428 4266 Fost
1447 4207 1646 4283 qlocbseitiye
1666 4211 1922 4286 Nocbsciclsmrny
1948 4216 1994 4272 im
2016 4175 2028 4292 Ι,

427 4314 455 4373 k.
480 4313 683 4374 Stoatsarclrie
703 4331 744 4372 aa
765 4311 951 4386 Moqdebary
976 4311 1039 4391 (B).
2017 4295 2022 4314 ‘

427 4469 546 4529 teoto
567 4468 705 4542 Disquis.
728 4467 864 4541 semelae
887 4467 997 4528 Soron.
1020 4471 1156 4529 o⁰1590
1179 4485 1236 4527 ores
1258 4468 1288 4528 Β
1304 4467 1346 4546 (o)
1372 4491 1413 4521 =
1436 4467 1539 4541 Dorcio
1560 4467 1627 4527 ΒΑ.
1651 4463 1714 4538 10⁵,
1738 4472 1804 4529 340
1827 4476 1863 4528 rr⁰
1885 4477 1919 4532 3.
1947 4505 1990 4518 -

428 4575 560 4634 Eclbnrt
583 4573 663 4631 Hist.
683 4589 750 4645 qen.
775 4571 884 4631 Sason.
908 4576 974 4632 137
996 4578 1029 4630 n⁰
1051 4577 1071 4633 9
1093 4589 1150 4631 otas
1172 4574 1238 4632 MS.
1264 4573 1328 4631 uod
1348 4591 1376 4631 o.
1400 4607 1442 4617 —
1468 4573 1599 4632 Gerclcn
1622 4571 1684 4633 OD.
1708 4574 1885 4634 Brondenb.
1911 4583 1944 4648 7,
1972 4582 1993 4640 5

426 4684 464 4735 πθ
477 4681 495 4736 1
519 4693 576 4736 ores
597 4676 635 4735 Β.
664 4709 707 4718 -
736 4675 834 4747 Hoser
857 4677 997 4736 Zeitsclrr.
1020 4680 1052 4748 2,
1075 4682 1140 4738 337
1162 4684 1195 4735 n⁰
1218 4681 1256 4737 51
1285 4695 1345 4764 oris
1364 4678 1403 4737 Β.
1432 4711 1475 4721 -
1503 4678 1690 4736 Heiaemono
1713 4675 1776 4736 CD.
1800 4679 1931 4740 Anboll.
1958 4689 1991 4754 1,
2013 4695 2048 4743 35

429 4786 544 4843 6o⁰7
573 4797 631 4840 aas
659 4779 727 4840 AB.
758 4813 801 4823 -
828 4780 915 4840 Focs.
946 4797 1002 4839 con
1029 4781 1058 4838 A
1087 4783 1119 4840 in
1146 4781 1286 4841 Berliner
1306 4781 1424 4840 Abbilcl.
1449 4786 1479 4852 1,
1510 4780 1578 4852 Tns.
1601 4785 1654 4842 23.
1683 4815 1724 4824 -
1753 4782 1888 4842 Bolemcr
1910 4786 1990 4860 nee.

429 4890 482 4947 aa.
510 4918 553 4930 -
575 4882 705 4958 cumps
722 4861 796 4956 Rei
820 4888 870 4943 77.
1206 4921 1212 4930 -
1841 4885 1845 4892 ’

426 5041 456 5100 Α
479 5043 517 5100 ist
539 5058 595 5099 coo
617 5037 677 5099 ΡΟ.
700 5038 776 5097 cocle
802 5037 1021 5113 Maydeburycr
1048 5038 1151 5098 Dictat
1175 5040 1377 5112 pescliriebsne
1403 5042 1750 5116 Konsleicrrssertiqrrsq.
1797 5043 1829 5102 Β
1858 5047 1900 5104 ist
1931 5067 1994 5107 roa

428 5149 523 5205 cirtem
551 5144 771 5218 Moyclcburyer
797 5144 906 5202 Mosco
933 5142 1111 5217 onyesertiqt
1141 5143 1262 5203 rcelclrcr
1289 5149 1348 5204 ersi
1377 5147 1431 5204 scit
1460 5149 1525 5206 942
1551 5146 1596 5205 ols
1618 5145 1756 5219 Mitylied
1776 5145 1831 5204 der
1852 5149 1996 5211 Konslei

428 5249 530 5330 (Brun
546 5249 586 5328 G)
611 5249 754 5310 crsctciot
775 5247 840 5307 aad
862 5247 982 5306 rcclclrer
1002 5248 1069 5305 lrier
1087 5249 1161 5307 noclr
1183 5249 1231 5307 die
1253 5249 1346 5308 Hand
1367 5266 1423 5308 oon
1436 5247 1496 5309 Po.
1519 5249 1741 5308 ooclreuolrmcn
1762 5252 1912 5311 cessem.
1949 5256 1994 5316 So
2013 5269 2051 5316 ao

429 5436 471 5492 w.
499 5437 596 5507 [Folia]
701 5437 728 5502 a)
748 5434 780 5498 0,
798 5437 939 5488 venerabis
956 5435 984 5486 B
1086 5435 1115 5500 b)
1133 5435 1174 5499 B,
1197 5434 1329 5487 lbrotet’
1434 5437 1459 5502 c)
1481 5435 1541 5498 BC,
1564 5436 1621 5487 alae
1638 5435 1706 5488 wool
1722 5438 1751 5487 ia
1769 5436 1819 5489 dar·
1842 5438 1994 5507 Urackffl,

498 5509 584 5559 eidem
612 5506 795 5573 ecclesiaeque
818 5522 883 5556 auae
905 5511 1012 5557 nostrae
1036 5503 1078 5565 B',
1106 5504 1192 5555 eidem
1216 5506 1346 5556 ecclesiae
1369 5511 1527 5573 nostraeque
1550 5507 1579 5556 iri
1602 5505 1655 5556 VU.
1768 5507 1798 5570 d)
1816 5507 1892 5572 felle
1916 5514 1950 5563 in
1971 5515 1999 5567 ο

498 5579 523 5640 e)
541 5577 682 5644 parafreda
699 5581 746 5627 ant
756 5575 828 5639 selslt
844 5577 874 5625 iri
890 5574 918 5625 Β
1021 5574 1042 5633 s)
1060 5589 1151 5624 servos
1169 5581 1195 5624 et
1212 5574 1381 5626 fideiussores
1398 5575 1531 5627 tollendos
1548 5575 1606 5637 Bc,
1624 5573 1749 5626 mord&
1765 5576 1837 5628 mea
1849 5579 1889 5630 D.
1903 5581 1995 5634 Haisa-

497 5645 555 5696 n‘cb
569 5655 601 5698 Π.
703 5644 734 5712 g)
754 5644 789 5706 B,
808 5653 962 5709 ceterosque
981 5648 1007 5694 et
1025 5659 1070 5693 eos
1091 5641 1119 5703 0,
1138 5650 1165 5694 et
1181 5651 1283 5695 ceteros
1302 5651 1328 5696 et
1346 5661 1391 5696 eos
1409 5645 1445 5696 D.
1464 5644 1592 5696 Haereat
1606 5655 1636 5698 11.
1734 5642 1765 5708 h)
1783 5645 1820 5708 Β,
1839 5651 1951 5715 prefate
1973 5657 2001 5710 0

501 5712 782 5780 sunmerso
880 5711 1272 5776 klstelaarncnsclllliatl
2017 5738 2054 5786 4⁵
