<?xml version="1.0" encoding="UTF-8"?>
<!DOCTYPE html PUBLIC "-//W3C//DTD XHTML 1.0 Transitional//EN"
    "http://www.w3.org/TR/xhtml1/DTD/xhtml1-transitional.dtd">
<html xmlns="http://www.w3.org/1999/xhtml" xml:lang="en" lang="en">
 <head>
  <title>
</title>
<meta http-equiv="Content-Type" content="text/html;charset=utf-8" />
  <meta name='ocr-system' content='tesseract 3.04.00' />
  <meta name='ocr-capabilities' content='ocr_page ocr_carea ocr_par ocr_line ocrx_word'/>
</head>
<body>
  <div class='ocr_page' id='page_1' title='image "./monumentagerman00gescgoog/monumentagerman00gescgoog_0516.png"; bbox 0 0 4530 6434; ppageno 0'>
   <div class='ocr_carea' id='block_1_1' title="bbox 820 435 1839 510">
    <p class='ocr_par' dir='ltr' id='par_1_1' title="bbox 820 435 1839 510">
     <span class='ocr_line' id='line_1_1' title="bbox 820 435 1839 510; baseline -0.005 -5"><span class='ocrx_word' id='word_1_1' title='bbox 820 448 943 506; x_wconf 85' lang='grc' dir='ltr'><strong>ΟΤΤΟ</strong></span> <span class='ocrx_word' id='word_1_2' title='bbox 966 450 989 505; x_wconf 93' lang='grc' dir='ltr'><strong>Ι.</strong></span> <span class='ocrx_word' id='word_1_3' title='bbox 1014 444 1204 502; x_wconf 77' lang='lat' dir='ltr'><strong>aer—968.</strong></span> <span class='ocrx_word' id='word_1_4' title='bbox 1385 501 1387 510; x_wconf 82' lang='grc'><em>,</em></span> <span class='ocrx_word' id='word_1_5' title='bbox 1777 435 1839 502; x_wconf 82' lang='grc'><strong>487</strong></span> 
     </span>
    </p>
   </div>
   <div class='ocr_carea' id='block_1_2' title="bbox 137 625 1913 1853">
    <p class='ocr_par' dir='ltr' id='par_1_2' title="bbox 187 625 1842 1022">
     <span class='ocr_line' id='line_1_2' title="bbox 188 625 1837 714; baseline -0.002 -19"><span class='ocrx_word' id='word_1_6' title='bbox 188 631 360 697; x_wconf 80' lang='lat' dir='ltr'><strong>famulanti</strong></span> <span class='ocrx_word' id='word_1_7' title='bbox 384 631 444 696; x_wconf 88' lang='lat' dir='ltr'><strong>sub</strong></span> <span class='ocrx_word' id='word_1_8' title='bbox 467 639 580 694; x_wconf 89' lang='lat' dir='ltr'><strong>nostra</strong></span> <span class='ocrx_word' id='word_1_9' title='bbox 602 629 761 714; x_wconf 90' lang='lat' dir='ltr'><strong>imperiali</strong></span> <span class='ocrx_word' id='word_1_10' title='bbox 785 631 979 694; x_wconf 88' lang='lat' dir='ltr'><strong>auctoritate</strong></span> <span class='ocrx_word' id='word_1_11' title='bbox 1002 628 1172 713; x_wconf 82' lang='lat' dir='ltr'><strong>prelibatis</strong></span> <span class='ocrx_word' id='word_1_12' title='bbox 1194 628 1293 693; x_wconf 92' lang='lat' dir='ltr'><strong>rebus</strong></span> <span class='ocrx_word' id='word_1_13' title='bbox 1315 627 1476 692; x_wconf 86' lang='lat' dir='ltr'><strong>liceatuti</strong></span> <span class='ocrx_word' id='word_1_14' title='bbox 1493 625 1615 712; x_wconf 88' lang='lat' dir='ltr'><strong>perfrui</strong></span> <span class='ocrx_word' id='word_1_15' title='bbox 1633 627 1837 712; x_wconf 86' lang='lat' dir='ltr'><strong>inrequieto,</strong></span> 
     </span>
     <span class='ocr_line' id='line_1_3' title="bbox 189 730 1842 821; baseline -0.003 -22"><span class='ocrx_word' id='word_1_16' title='bbox 189 737 276 799; x_wconf 92' lang='lat' dir='ltr'><strong>omni</strong></span> <span class='ocrx_word' id='word_1_17' title='bbox 306 733 440 821; x_wconf 88' lang='lat' dir='ltr'><strong>publica</strong></span> <span class='ocrx_word' id='word_1_18' title='bbox 470 735 635 799; x_wconf 87' lang='lat' dir='ltr'><strong>functione</strong></span> <span class='ocrx_word' id='word_1_19' title='bbox 665 731 829 797; x_wconf 88' lang='lat' dir='ltr'><strong>abdicata.</strong></span> <span class='ocrx_word' id='word_1_20' title='bbox 882 733 1035 797; x_wconf 89' lang='lat' dir='ltr'><strong>Preterea</strong></span> <span class='ocrx_word' id='word_1_21' title='bbox 1063 732 1234 796; x_wconf 74' lang='lat' dir='ltr'><strong>statuimus</strong></span> <span class='ocrx_word' id='word_1_22' title='bbox 1262 740 1300 794; x_wconf 90' lang='lat' dir='ltr'><strong>ut</strong></span> <span class='ocrx_word' id='word_1_23' title='bbox 1324 730 1365 795; x_wconf 88' lang='lat' dir='ltr'><strong>dc</strong></span> <span class='ocrx_word' id='word_1_24' title='bbox 1393 731 1445 795; x_wconf 86' lang='lat' dir='ltr'><strong>his</strong></span> <span class='ocrx_word' id='word_1_25' title='bbox 1476 730 1643 813; x_wconf 87' lang='lat' dir='ltr'><strong>omnibus,</strong></span> <span class='ocrx_word' id='word_1_26' title='bbox 1680 746 1701 794; x_wconf 80' lang='lat' dir='ltr'><strong>si</strong></span> <span class='ocrx_word' id='word_1_27' title='bbox 1732 730 1842 815; x_wconf 90' lang='lat' dir='ltr'><strong>aliqua</strong></span> 
     </span>
     <span class='ocr_line' id='line_1_4' title="bbox 187 847 1840 917; baseline -0.003 -14"><span class='ocrx_word' id='word_1_28' title='bbox 187 855 300 904; x_wconf 90' lang='lat' dir='ltr'><strong>intentio</strong></span> <span class='ocrx_word' id='word_1_29' title='bbox 323 857 416 904; x_wconf 81' lang='lat' dir='ltr'><strong>exorta</strong></span> <span class='ocrx_word' id='word_1_30' title='bbox 437 853 525 915; x_wconf 84' lang='lat' dir='ltr'><strong>fuerit,</strong></span> <span class='ocrx_word' id='word_1_31' title='bbox 548 868 565 902; x_wconf 88' lang='lat' dir='ltr'><strong>a</strong></span> <span class='ocrx_word' id='word_1_32' title='bbox 586 851 702 917; x_wconf 88' lang='lat' dir='ltr'><strong>publicis</strong></span> <span class='ocrx_word' id='word_1_33' title='bbox 724 852 852 900; x_wconf 82' lang='lat' dir='ltr'><strong>ministris</strong></span> <span class='ocrx_word' id='word_1_34' title='bbox 874 855 1000 916; x_wconf 87' lang='lat' dir='ltr'><strong>tanquam</strong></span> <span class='ocrx_word' id='word_1_35' title='bbox 1024 849 1056 900; x_wconf 89' lang='lat' dir='ltr'><strong>de</strong></span> <span class='ocrx_word' id='word_1_36' title='bbox 1079 850 1236 900; x_wconf 84' lang='lat' dir='ltr'><strong>domnicatis</strong></span> <span class='ocrx_word' id='word_1_37' title='bbox 1264 850 1361 898; x_wconf 85' lang='lat' dir='ltr'><strong>nostris</strong></span> <span class='ocrx_word' id='word_1_38' title='bbox 1389 865 1437 914; x_wconf 89' lang='lat' dir='ltr'><strong>per</strong></span> <span class='ocrx_word' id='word_1_39' title='bbox 1466 847 1665 914; x_wconf 78' lang='lat' dir='ltr'><strong>inquisitionem</strong></span> <span class='ocrx_word' id='word_1_40' title='bbox 1692 849 1840 914; x_wconf 79' lang='lat' dir='ltr'><strong>exigantur.</strong></span> 
     </span>
     <span class='ocr_line' id='line_1_5' title="bbox 188 936 1839 1022; baseline -0.004 -15"><span class='ocrx_word' id='word_1_41' title='bbox 188 958 311 1022; x_wconf 89' lang='lat' dir='ltr'><strong>Denique</strong></span> <span class='ocrx_word' id='word_1_42' title='bbox 339 974 387 1022; x_wconf 92' lang='lat' dir='ltr'><strong>pro</strong></span> <span class='ocrx_word' id='word_1_43' title='bbox 417 957 491 1006; x_wconf 89' lang='lat' dir='ltr'><strong>nulla</strong></span> <span class='ocrx_word' id='word_1_44' title='bbox 518 956 659 1006; x_wconf 85' lang='lat' dir='ltr'><strong>mallatura</strong></span> <span class='ocrx_word' id='word_1_45' title='bbox 681 956 812 1020; x_wconf 85' lang='lat' dir='ltr'><strong>quispiam</strong></span> <span class='ocrx_word' id='word_1_46' title='bbox 836 954 870 1004; x_wconf 88' lang='lat' dir='ltr'><strong>ab</strong></span> <span class='ocrx_word' id='word_1_47' title='bbox 893 936 1014 1003; x_wconf 76' lang='lat' dir='ltr'><strong>abbate</strong></span> <span class='ocrx_word' id='word_1_48' title='bbox 1036 938 1089 1003; x_wconf 80' lang='lat' dir='ltr'><strong>vel</strong></span> <span class='ocrx_word' id='word_1_49' title='bbox 1112 954 1249 1003; x_wconf 87' lang='lat' dir='ltr'><strong>monachis</strong></span> <span class='ocrx_word' id='word_1_50' title='bbox 1272 953 1304 1002; x_wconf 89' lang='lat' dir='ltr'><strong>de</strong></span> <span class='ocrx_word' id='word_1_51' title='bbox 1327 953 1429 1017; x_wconf 84' lang='lat' dir='ltr'><strong>prefato</strong></span> <span class='ocrx_word' id='word_1_52' title='bbox 1453 953 1612 1002; x_wconf 86' lang='lat' dir='ltr'><strong>monasterio</strong></span> <span class='ocrx_word' id='word_1_53' title='bbox 1636 951 1679 1001; x_wconf 87' lang='lat' dir='ltr'><strong>vel</strong></span> <span class='ocrx_word' id='word_1_54' title='bbox 1702 951 1735 1000; x_wconf 86' lang='lat' dir='ltr'><strong>ab</strong></span> <span class='ocrx_word' id='word_1_55' title='bbox 1759 950 1839 1000; x_wconf 87' lang='lat' dir='ltr'><strong>advo-</strong></span> 
     </span>
    </p>

    <p class='ocr_par' dir='ltr' id='par_1_3' title="bbox 154 1054 1913 1544">
     <span class='ocr_line' id='line_1_6' title="bbox 154 1054 1838 1124; baseline -0.003 -17"><span class='ocrx_word' id='word_1_56' title='bbox 154 1059 169 1106; x_wconf 81' lang='grc' dir='ltr'>ῠ</span> <span class='ocrx_word' id='word_1_57' title='bbox 189 1066 248 1110; x_wconf 85' lang='lat' dir='ltr'><strong>cato</strong></span> <span class='ocrx_word' id='word_1_58' title='bbox 271 1077 361 1110; x_wconf 90' lang='lat' dir='ltr'><strong>eorum</strong></span> <span class='ocrx_word' id='word_1_59' title='bbox 385 1065 482 1110; x_wconf 88' lang='lat' dir='ltr'><strong>tortum</strong></span> <span class='ocrx_word' id='word_1_60' title='bbox 505 1075 614 1124; x_wconf 74' lang='lat' dir='ltr'><strong>quaerere</strong></span> <span class='ocrx_word' id='word_1_61' title='bbox 637 1057 742 1119; x_wconf 87' lang='lat' dir='ltr'><strong>audeat,</strong></span> <span class='ocrx_word' id='word_1_62' title='bbox 765 1057 829 1122; x_wconf 87' lang='lat' dir='ltr'><strong>quia</strong></span> <span class='ocrx_word' id='word_1_63' title='bbox 850 1057 884 1106; x_wconf 90' lang='lat' dir='ltr'><strong>ob</strong></span> <span class='ocrx_word' id='word_1_64' title='bbox 907 1056 1082 1106; x_wconf 88' lang='lat' dir='ltr'><strong>reverentiam</strong></span> <span class='ocrx_word' id='word_1_65' title='bbox 1104 1061 1194 1106; x_wconf 87' lang='lat' dir='ltr'><strong>sancte</strong></span> <span class='ocrx_word' id='word_1_66' title='bbox 1216 1056 1343 1104; x_wconf 74' lang='lat' dir='ltr'><strong>trinitatis</strong></span> <span class='ocrx_word' id='word_1_67' title='bbox 1366 1055 1451 1105; x_wconf 89' lang='lat' dir='ltr'><strong>eidem</strong></span> <span class='ocrx_word' id='word_1_68' title='bbox 1474 1055 1633 1105; x_wconf 88' lang='lat' dir='ltr'><strong>monasterio</strong></span> <span class='ocrx_word' id='word_1_69' title='bbox 1651 1054 1838 1103; x_wconf 80' lang='lat' dir='ltr'><strong>concessimus.</strong></span> 
     </span>
     <span class='ocr_line' id='line_1_7' title="bbox 188 1147 1839 1233; baseline -0.004 -22"><span class='ocrx_word' id='word_1_70' title='bbox 188 1147 327 1233; x_wconf 83' lang='lat' dir='ltr'><strong>Insuper</strong></span> <span class='ocrx_word' id='word_1_71' title='bbox 349 1165 428 1213; x_wconf 88' lang='lat' dir='ltr'><strong>etiam</strong></span> <span class='ocrx_word' id='word_1_72' title='bbox 450 1147 526 1212; x_wconf 81' lang='lat' dir='ltr'><strong>huic</strong></span> <span class='ocrx_word' id='word_1_73' title='bbox 549 1160 700 1212; x_wconf 87' lang='lat' dir='ltr'><strong>venerando</strong></span> <span class='ocrx_word' id='word_1_74' title='bbox 723 1160 782 1209; x_wconf 91' lang='lat' dir='ltr'><strong>loco</strong></span> <span class='ocrx_word' id='word_1_75' title='bbox 805 1159 974 1209; x_wconf 86' lang='lat' dir='ltr'><strong>concedimus</strong></span> <span class='ocrx_word' id='word_1_76' title='bbox 997 1163 1028 1207; x_wconf 90' lang='lat' dir='ltr'><strong>ut</strong></span> <span class='ocrx_word' id='word_1_77' title='bbox 1049 1175 1153 1207; x_wconf 92' lang='lat' dir='ltr'><strong>omnem</strong></span> <span class='ocrx_word' id='word_1_78' title='bbox 1176 1161 1392 1223; x_wconf 88' lang='lat' dir='ltr'><strong>compositionem</strong></span> <span class='ocrx_word' id='word_1_79' title='bbox 1416 1158 1448 1208; x_wconf 91' lang='lat' dir='ltr'><strong>de</strong></span> <span class='ocrx_word' id='word_1_80' title='bbox 1471 1158 1609 1208; x_wconf 88' lang='lat' dir='ltr'><strong>cartulatis</strong></span> <span class='ocrx_word' id='word_1_81' title='bbox 1635 1163 1714 1224; x_wconf 91' lang='lat' dir='ltr'><strong>atque</strong></span> <span class='ocrx_word' id='word_1_82' title='bbox 1737 1157 1839 1206; x_wconf 88' lang='lat' dir='ltr'><strong>libella·</strong></span> 
     </span>
     <span class='ocr_line' id='line_1_8' title="bbox 187 1263 1838 1328; baseline -0.004 -12"><span class='ocrx_word' id='word_1_83' title='bbox 187 1268 234 1316; x_wconf 87' lang='lat' dir='ltr'><strong>riis</strong></span> <span class='ocrx_word' id='word_1_84' title='bbox 256 1266 374 1316; x_wconf 87' lang='lat' dir='ltr'><strong>eiusdem</strong></span> <span class='ocrx_word' id='word_1_85' title='bbox 396 1267 549 1316; x_wconf 85' lang='lat' dir='ltr'><strong>monasterii</strong></span> <span class='ocrx_word' id='word_1_86' title='bbox 572 1265 678 1315; x_wconf 84' lang='lat' dir='ltr'><strong>sibimet</strong></span> <span class='ocrx_word' id='word_1_87' title='bbox 699 1264 796 1314; x_wconf 87' lang='lat' dir='ltr'><strong>habeat</strong></span> <span class='ocrx_word' id='word_1_88' title='bbox 818 1263 961 1327; x_wconf 90' lang='lat' dir='ltr'><strong>nullusque</strong></span> <span class='ocrx_word' id='word_1_89' title='bbox 980 1268 1087 1313; x_wconf 88' lang='lat' dir='ltr'><strong>exactor</strong></span> <span class='ocrx_word' id='word_1_90' title='bbox 1110 1263 1233 1326; x_wconf 86' lang='lat' dir='ltr'><strong>publicus</strong></span> <span class='ocrx_word' id='word_1_91' title='bbox 1256 1264 1307 1313; x_wconf 89' lang='lat' dir='ltr'><strong>hoe</strong></span> <span class='ocrx_word' id='word_1_92' title='bbox 1329 1264 1461 1328; x_wconf 88' lang='lat' dir='ltr'><strong>inquirere</strong></span> <span class='ocrx_word' id='word_1_93' title='bbox 1477 1263 1583 1324; x_wconf 87' lang='lat' dir='ltr'><strong>audeat,</strong></span> <span class='ocrx_word' id='word_1_94' title='bbox 1605 1263 1652 1312; x_wconf 85' lang='lat' dir='ltr'><strong>sed</strong></span> <span class='ocrx_word' id='word_1_95' title='bbox 1667 1263 1689 1312; x_wconf 86' lang='lat' dir='ltr'><strong>ai</strong></span> <span class='ocrx_word' id='word_1_96' title='bbox 1704 1263 1733 1311; x_wconf 90' lang='lat' dir='ltr'><strong>in</strong></span> <span class='ocrx_word' id='word_1_97' title='bbox 1748 1277 1838 1326; x_wconf 91' lang='lat' dir='ltr'><strong>quam-</strong></span> 
     </span>
     <span class='ocr_line' id='line_1_9' title="bbox 188 1364 1913 1435; baseline -0.004 -16"><span class='ocrx_word' id='word_1_98' title='bbox 188 1387 292 1435; x_wconf 89' lang='lat' dir='ltr'><strong>cunque</strong></span> <span class='ocrx_word' id='word_1_99' title='bbox 314 1371 531 1435; x_wconf 87' lang='lat' dir='ltr'><strong>compositionem</strong></span> <span class='ocrx_word' id='word_1_100' title='bbox 554 1369 704 1432; x_wconf 82' lang='lat' dir='ltr'><strong>ceciderint,</strong></span> <span class='ocrx_word' id='word_1_101' title='bbox 727 1370 756 1418; x_wconf 92' lang='lat' dir='ltr'><strong>in</strong></span> <span class='ocrx_word' id='word_1_102' title='bbox 778 1383 826 1418; x_wconf 88' lang='lat' dir='ltr'><strong>sua</strong></span> <span class='ocrx_word' id='word_1_103' title='bbox 848 1372 979 1432; x_wconf 80' lang='lat' dir='ltr'><strong>potestate</strong></span> <span class='ocrx_word' id='word_1_104' title='bbox 1001 1365 1052 1416; x_wconf 92' lang='lat' dir='ltr'><strong>hoc</strong></span> <span class='ocrx_word' id='word_1_105' title='bbox 1074 1367 1191 1418; x_wconf 86' lang='lat' dir='ltr'><strong>habeant</strong></span> <span class='ocrx_word' id='word_1_106' title='bbox 1213 1383 1325 1432; x_wconf 89' lang='lat' dir='ltr'><strong>quorum</strong></span> <span class='ocrx_word' id='word_1_107' title='bbox 1349 1366 1472 1416; x_wconf 86' lang='lat' dir='ltr'><strong>cartulati</strong></span> <span class='ocrx_word' id='word_1_108' title='bbox 1496 1383 1552 1416; x_wconf 89' lang='lat' dir='ltr'><strong>esse</strong></span> <span class='ocrx_word' id='word_1_109' title='bbox 1568 1365 1700 1415; x_wconf 86' lang='lat' dir='ltr'><strong>videntur.</strong></span> <span class='ocrx_word' id='word_1_110' title='bbox 1736 1364 1764 1414; x_wconf 86' lang='lat' dir='ltr'><strong>Si</strong></span> <span class='ocrx_word' id='word_1_111' title='bbox 1779 1366 1838 1429; x_wconf 91' lang='lat' dir='ltr'><strong>quis</strong></span> <span class='ocrx_word' id='word_1_112' title='bbox 1910 1369 1913 1374; x_wconf 85' lang='grc'><em>“</em></span> 
     </span>
     <span class='ocr_line' id='line_1_10' title="bbox 188 1457 1838 1544; baseline -0.004 -20"><span class='ocrx_word' id='word_1_113' title='bbox 188 1480 277 1525; x_wconf 83' lang='lat' dir='ltr'><strong>autern</strong></span> <span class='ocrx_word' id='word_1_114' title='bbox 292 1475 371 1524; x_wconf 90' lang='lat' dir='ltr'><strong>huius</strong></span> <span class='ocrx_word' id='word_1_115' title='bbox 390 1479 479 1524; x_wconf 88' lang='lat' dir='ltr'><strong>nostre</strong></span> <span class='ocrx_word' id='word_1_116' title='bbox 497 1457 694 1544; x_wconf 69' lang='lat' dir='ltr'><strong>preceptalls</strong></span> <span class='ocrx_word' id='word_1_117' title='bbox 711 1459 830 1543; x_wconf 80' lang='lat' dir='ltr'><strong>pagine</strong></span> <span class='ocrx_word' id='word_1_118' title='bbox 849 1477 875 1522; x_wconf 92' lang='lat' dir='ltr'><strong>et</strong></span> <span class='ocrx_word' id='word_1_119' title='bbox 892 1471 964 1536; x_wconf 88' lang='lat' dir='ltr'><strong>quod</strong></span> <span class='ocrx_word' id='word_1_120' title='bbox 980 1472 1064 1520; x_wconf 91' lang='lat' dir='ltr'><strong>maius</strong></span> <span class='ocrx_word' id='word_1_121' title='bbox 1087 1477 1127 1522; x_wconf 88' lang='lat' dir='ltr'><strong>est</strong></span> <span class='ocrx_word' id='word_1_122' title='bbox 1150 1470 1239 1520; x_wconf 89' lang='lat' dir='ltr'><strong>divine</strong></span> <span class='ocrx_word' id='word_1_123' title='bbox 1261 1471 1482 1536; x_wconf 84' lang='lat' dir='ltr'><strong>promulgationis</strong></span> <span class='ocrx_word' id='word_1_124' title='bbox 1505 1469 1649 1536; x_wconf 82' lang='lat' dir='ltr'><strong>sacrilegus</strong></span> <span class='ocrx_word' id='word_1_125' title='bbox 1673 1474 1838 1533; x_wconf 88' lang='lat' dir='ltr'><strong>contemptor</strong></span> 
     </span>
    </p>

    <p class='ocr_par' dir='ltr' id='par_1_4' title="bbox 137 1559 1838 1853">
     <span class='ocr_line' id='line_1_11' title="bbox 137 1559 1838 1644; baseline -0.005 -15"><span class='ocrx_word' id='word_1_126' title='bbox 137 1577 169 1623; x_wconf 86' lang='lat'><strong>10</strong></span> <span class='ocrx_word' id='word_1_127' title='bbox 188 1584 214 1629; x_wconf 84' lang='lat' dir='ltr'><strong>et</strong></span> <span class='ocrx_word' id='word_1_128' title='bbox 228 1579 383 1628; x_wconf 88' lang='lat' dir='ltr'><strong>temerarius</strong></span> <span class='ocrx_word' id='word_1_129' title='bbox 397 1577 512 1628; x_wconf 87' lang='lat' dir='ltr'><strong>violator</strong></span> <span class='ocrx_word' id='word_1_130' title='bbox 535 1579 659 1639; x_wconf 86' lang='lat' dir='ltr'><strong>extiterit,</strong></span> <span class='ocrx_word' id='word_1_131' title='bbox 682 1578 749 1627; x_wconf 87' lang='lat' dir='ltr'><strong>sciat</strong></span> <span class='ocrx_word' id='word_1_132' title='bbox 771 1592 799 1627; x_wconf 87' lang='lat' dir='ltr'><strong>se</strong></span> <span class='ocrx_word' id='word_1_133' title='bbox 822 1561 1079 1644; x_wconf 73' lang='lat' dir='ltr'><strong>compositurum</strong></span> <span class='ocrx_word' id='word_1_134' title='bbox 1101 1561 1171 1624; x_wconf 82' lang='lat' dir='ltr'><strong>auri</strong></span> <span class='ocrx_word' id='word_1_135' title='bbox 1195 1559 1296 1624; x_wconf 76' lang='lat' dir='ltr'><strong>libras</strong></span> <span class='ocrx_word' id='word_1_136' title='bbox 1320 1570 1460 1642; x_wconf 77' lang='lat' dir='ltr'><strong>centum,</strong></span> <span class='ocrx_word' id='word_1_137' title='bbox 1484 1559 1695 1624; x_wconf 76' lang='lat' dir='ltr'><strong>medietatem</strong></span> <span class='ocrx_word' id='word_1_138' title='bbox 1710 1579 1838 1622; x_wconf 77' lang='lat' dir='ltr'><strong>camere</strong></span> 
     </span>
     <span class='ocr_line' id='line_1_12' title="bbox 186 1663 1838 1750; baseline -0.003 -20"><span class='ocrx_word' id='word_1_139' title='bbox 186 1676 297 1731; x_wconf 90' lang='lat' dir='ltr'><strong>nostre</strong></span> <span class='ocrx_word' id='word_1_140' title='bbox 314 1675 346 1730; x_wconf 91' lang='lat' dir='ltr'><strong>et</strong></span> <span class='ocrx_word' id='word_1_141' title='bbox 361 1665 568 1730; x_wconf 89' lang='lat' dir='ltr'><strong>medietatem</strong></span> <span class='ocrx_word' id='word_1_142' title='bbox 584 1667 648 1750; x_wconf 87' lang='lat' dir='ltr'><strong>ipsi</strong></span> <span class='ocrx_word' id='word_1_143' title='bbox 665 1675 877 1730; x_wconf 88' lang='lat' dir='ltr'><strong>sacrosancto</strong></span> <span class='ocrx_word' id='word_1_144' title='bbox 893 1667 1081 1750; x_wconf 80' lang='lat' dir='ltr'><strong>municipio,</strong></span> <span class='ocrx_word' id='word_1_145' title='bbox 1116 1663 1215 1744; x_wconf 80' lang='lat' dir='ltr'><strong>Quod</strong></span> <span class='ocrx_word' id='word_1_146' title='bbox 1235 1676 1270 1728; x_wconf 92' lang='lat' dir='ltr'><strong>ut</strong></span> <span class='ocrx_word' id='word_1_147' title='bbox 1285 1667 1393 1729; x_wconf 89' lang='lat' dir='ltr'><strong>verius</strong></span> <span class='ocrx_word' id='word_1_148' title='bbox 1412 1664 1564 1728; x_wconf 87' lang='lat' dir='ltr'><strong>credatur</strong></span> <span class='ocrx_word' id='word_1_149' title='bbox 1587 1663 1838 1748; x_wconf 88' lang='lat' dir='ltr'><strong>diligentiusque</strong></span> 
     </span>
     <span class='ocr_line' id='line_1_13' title="bbox 187 1767 1751 1853; baseline -0.003 -21"><span class='ocrx_word' id='word_1_150' title='bbox 187 1767 229 1832; x_wconf 87' lang='lat' dir='ltr'><strong>ab</strong></span> <span class='ocrx_word' id='word_1_151' title='bbox 254 1767 405 1834; x_wconf 91' lang='lat' dir='ltr'><strong>omnibus</strong></span> <span class='ocrx_word' id='word_1_152' title='bbox 429 1767 629 1850; x_wconf 81' lang='lat' dir='ltr'><strong>observetur,</strong></span> <span class='ocrx_word' id='word_1_153' title='bbox 657 1789 756 1832; x_wconf 93' lang='lat' dir='ltr'><strong>manu</strong></span> <span class='ocrx_word' id='word_1_154' title='bbox 778 1770 911 1853; x_wconf 89' lang='lat' dir='ltr'><strong>propria</strong></span> <span class='ocrx_word' id='word_1_155' title='bbox 932 1767 1125 1833; x_wconf 88' lang='lat' dir='ltr'><strong>roborantes</strong></span> <span class='ocrx_word' id='word_1_156' title='bbox 1149 1778 1260 1833; x_wconf 90' lang='lat' dir='ltr'><strong>nostro</strong></span> <span class='ocrx_word' id='word_1_157' title='bbox 1284 1767 1390 1851; x_wconf 84' lang='lat' dir='ltr'><strong>sigillo</strong></span> <span class='ocrx_word' id='word_1_158' title='bbox 1413 1768 1568 1831; x_wconf 88' lang='lat' dir='ltr'><strong>iussimus</strong></span> <span class='ocrx_word' id='word_1_159' title='bbox 1591 1767 1751 1850; x_wconf 88' lang='lat' dir='ltr'><strong>insigniri.</strong></span> 
     </span>
    </p>
   </div>
   <div class='ocr_carea' id='block_1_3' title="bbox 289 2003 1815 2094">
    <p class='ocr_par' dir='ltr' id='par_1_5' title="bbox 289 2003 1815 2094">
     <span class='ocr_line' id='line_1_14' title="bbox 289 2003 1815 2094; baseline -0.007 -17"><span class='ocrx_word' id='word_1_160' title='bbox 289 2009 483 2076; x_wconf 85' lang='lat' dir='ltr'><strong>Ambrosius</strong></span> <span class='ocrx_word' id='word_1_161' title='bbox 507 2009 722 2075; x_wconf 86' lang='lat' dir='ltr'><strong>cancellarius</strong></span> <span class='ocrx_word' id='word_1_162' title='bbox 746 2010 896 2074; x_wconf 90' lang='lat' dir='ltr'><strong>advicem</strong></span> <span class='ocrx_word' id='word_1_163' title='bbox 919 2009 1058 2074; x_wconf 92' lang='lat' dir='ltr'><strong>Huberti</strong></span> <span class='ocrx_word' id='word_1_164' title='bbox 1082 2009 1229 2094; x_wconf 90' lang='lat' dir='ltr'><strong>episcopi</strong></span> <span class='ocrx_word' id='word_1_165' title='bbox 1252 2016 1285 2071; x_wconf 90' lang='lat' dir='ltr'><strong>et</strong></span> <span class='ocrx_word' id='word_1_166' title='bbox 1307 2003 1588 2071; x_wconf 85' lang='lat' dir='ltr'><strong>archicancellarii</strong></span> <span class='ocrx_word' id='word_1_167' title='bbox 1613 2004 1815 2088; x_wconf 90' lang='lat' dir='ltr'><strong>subscripsit.</strong></span> 
     </span>
    </p>
   </div>
   <div class='ocr_carea' id='block_1_4' title="bbox 138 2140 1837 2334">
    <p class='ocr_par' dir='ltr' id='par_1_6' title="bbox 138 2140 1837 2334">
     <span class='ocr_line' id='line_1_15' title="bbox 138 2140 1837 2234; baseline -0.006 -20"><span class='ocrx_word' id='word_1_168' title='bbox 138 2167 169 2214; x_wconf 77' lang='lat'><strong>15</strong></span> <span class='ocrx_word' id='word_1_169' title='bbox 290 2149 380 2213; x_wconf 92' lang='lat' dir='ltr'><strong>Data</strong></span> <span class='ocrx_word' id='word_1_170' title='bbox 396 2168 429 2213; x_wconf 78' lang='lat' dir='ltr'><strong>x.</strong></span> <span class='ocrx_word' id='word_1_171' title='bbox 447 2148 515 2213; x_wconf 86' lang='lat' dir='ltr'><strong>kal.</strong></span> <span class='ocrx_word' id='word_1_172' title='bbox 532 2149 670 2214; x_wconf 90' lang='lat' dir='ltr'><strong>ianuarii</strong></span> <span class='ocrx_word' id='word_1_173' title='bbox 694 2171 780 2213; x_wconf 92' lang='lat' dir='ltr'><strong>anno</strong></span> <span class='ocrx_word' id='word_1_174' title='bbox 805 2148 967 2234; x_wconf 73' lang='lat' dir='ltr'><strong>dominice</strong></span> <span class='ocrx_word' id='word_1_175' title='bbox 990 2147 1224 2212; x_wconf 90' lang='lat' dir='ltr'><strong>incarnationis</strong></span> <span class='ocrx_word' id='word_1_176' title='bbox 1248 2161 1468 2227; x_wconf 78' lang='lat' dir='ltr'><strong>Dccccuxvn,</strong></span> <span class='ocrx_word' id='word_1_177' title='bbox 1491 2144 1618 2228; x_wconf 90' lang='lat' dir='ltr'><strong>imperii</strong></span> <span class='ocrx_word' id='word_1_178' title='bbox 1633 2164 1711 2206; x_wconf 93' lang='lat' dir='ltr'><strong>vero</strong></span> <span class='ocrx_word' id='word_1_179' title='bbox 1727 2140 1837 2206; x_wconf 91' lang='lat' dir='ltr'><strong>domni</strong></span> 
     </span>
     <span class='ocr_line' id='line_1_16' title="bbox 189 2251 1225 2334; baseline -0.004 -18"><span class='ocrx_word' id='word_1_180' title='bbox 189 2251 321 2318; x_wconf 90' lang='lat' dir='ltr'><strong>Ottonis</strong></span> <span class='ocrx_word' id='word_1_181' title='bbox 346 2271 391 2334; x_wconf 85' lang='lat' dir='ltr'><strong>vr,</strong></span> <span class='ocrx_word' id='word_1_182' title='bbox 415 2251 593 2317; x_wconf 91' lang='lat' dir='ltr'><strong>indictione</strong></span> <span class='ocrx_word' id='word_1_183' title='bbox 616 2271 658 2334; x_wconf 77' lang='lat' dir='ltr'><strong>x3</strong></span> <span class='ocrx_word' id='word_1_184' title='bbox 682 2261 792 2316; x_wconf 87' lang='lat' dir='ltr'><strong>actum</strong></span> <span class='ocrx_word' id='word_1_185' title='bbox 814 2253 935 2334; x_wconf 79' lang='lat' dir='ltr'><strong>Rome3</strong></span> <span class='ocrx_word' id='word_1_186' title='bbox 958 2251 1097 2315; x_wconf 84' lang='lat' dir='ltr'><strong>feliciter</strong></span> <span class='ocrx_word' id='word_1_187' title='bbox 1120 2271 1225 2313; x_wconf 86' lang='lat' dir='ltr'><strong>amen.</strong></span> 
     </span>
    </p>
   </div>
   <div class='ocr_carea' id='block_1_5' title="bbox 136 2436 1839 3561">
    <p class='ocr_par' dir='ltr' id='par_1_7' title="bbox 186 2436 1838 2732">
     <span class='ocr_line' id='line_1_17' title="bbox 290 2436 1838 2525; baseline -0.003 -21"><span class='ocrx_word' id='word_1_188' title='bbox 290 2440 484 2506; x_wconf 89' lang='lat' dir='ltr'><strong>Investiture</strong></span> <span class='ocrx_word' id='word_1_189' title='bbox 508 2440 547 2505; x_wconf 91' lang='lat' dir='ltr'><strong>de</strong></span> <span class='ocrx_word' id='word_1_190' title='bbox 571 2441 764 2525; x_wconf 89' lang='lat' dir='ltr'><strong>subscriptis</strong></span> <span class='ocrx_word' id='word_1_191' title='bbox 787 2440 884 2505; x_wconf 92' lang='lat' dir='ltr'><strong>rebus</strong></span> <span class='ocrx_word' id='word_1_192' title='bbox 907 2441 1096 2505; x_wconf 88' lang='lat' dir='ltr'><strong>monasterii</strong></span> <span class='ocrx_word' id='word_1_193' title='bbox 1120 2438 1336 2502; x_wconf 87' lang='lat' dir='ltr'><strong>Piscariensis</strong></span> <span class='ocrx_word' id='word_1_194' title='bbox 1360 2459 1441 2522; x_wconf 88' lang='lat' dir='ltr'><strong>quas</strong></span> <span class='ocrx_word' id='word_1_195' title='bbox 1466 2436 1544 2502; x_wconf 93' lang='lat' dir='ltr'><strong>Otto</strong></span> <span class='ocrx_word' id='word_1_196' title='bbox 1567 2438 1745 2521; x_wconf 90' lang='lat' dir='ltr'><strong>imperator</strong></span> <span class='ocrx_word' id='word_1_197' title='bbox 1767 2457 1838 2520; x_wconf 88' lang='lat' dir='ltr'><strong>pre·</strong></span> 
     </span>
     <span class='ocr_line' id='line_1_18' title="bbox 187 2538 1838 2629; baseline -0.003 -22"><span class='ocrx_word' id='word_1_198' title='bbox 187 2546 276 2628; x_wconf 90' lang='lat' dir='ltr'><strong>cepit</strong></span> <span class='ocrx_word' id='word_1_199' title='bbox 302 2545 372 2609; x_wconf 85' lang='lat' dir='ltr'><strong>fieri</strong></span> <span class='ocrx_word' id='word_1_200' title='bbox 402 2567 461 2629; x_wconf 89' lang='lat' dir='ltr'><strong>per</strong></span> <span class='ocrx_word' id='word_1_201' title='bbox 488 2545 628 2610; x_wconf 89' lang='lat' dir='ltr'><strong>Ittonem</strong></span> <span class='ocrx_word' id='word_1_202' title='bbox 651 2567 746 2608; x_wconf 92' lang='lat' dir='ltr'><strong>suum</strong></span> <span class='ocrx_word' id='word_1_203' title='bbox 768 2545 904 2608; x_wconf 90' lang='lat' dir='ltr'><strong>missum</strong></span> <span class='ocrx_word' id='word_1_204' title='bbox 928 2543 988 2608; x_wconf 90' lang='lat' dir='ltr'><strong>sub</strong></span> <span class='ocrx_word' id='word_1_205' title='bbox 1011 2544 1101 2627; x_wconf 83' lang='lat' dir='ltr'><strong>regio</strong></span> <span class='ocrx_word' id='word_1_206' title='bbox 1124 2540 1234 2607; x_wconf 88' lang='lat' dir='ltr'><strong>bando</strong></span> <span class='ocrx_word' id='word_1_207' title='bbox 1258 2551 1291 2605; x_wconf 89' lang='lat' dir='ltr'><strong>et</strong></span> <span class='ocrx_word' id='word_1_208' title='bbox 1313 2563 1399 2625; x_wconf 91' lang='lat' dir='ltr'><strong>pena</strong></span> <span class='ocrx_word' id='word_1_209' title='bbox 1422 2549 1552 2605; x_wconf 90' lang='lat' dir='ltr'><strong>centnm</strong></span> <span class='ocrx_word' id='word_1_210' title='bbox 1578 2538 1734 2603; x_wconf 87' lang='lat' dir='ltr'><strong>librarum</strong></span> <span class='ocrx_word' id='word_1_211' title='bbox 1757 2541 1838 2621; x_wconf 88' lang='lat' dir='ltr'><strong>auri,</strong></span> 
     </span>
     <span class='ocr_line' id='line_1_19' title="bbox 186 2642 1838 2732; baseline -0.002 -22"><span class='ocrx_word' id='word_1_212' title='bbox 186 2655 223 2710; x_wconf 91' lang='lat' dir='ltr'><strong>ut</strong></span> <span class='ocrx_word' id='word_1_213' title='bbox 244 2648 279 2710; x_wconf 93' lang='lat' dir='ltr'><strong>in</strong></span> <span class='ocrx_word' id='word_1_214' title='bbox 300 2657 454 2732; x_wconf 90' lang='lat' dir='ltr'><strong>precepto</strong></span> <span class='ocrx_word' id='word_1_215' title='bbox 477 2646 624 2712; x_wconf 88' lang='lat' dir='ltr'><strong>habetur.</strong></span> <span class='ocrx_word' id='word_1_216' title='bbox 648 2683 689 2694; x_wconf 85' lang='lat'>-</span> <span class='ocrx_word' id='word_1_217' title='bbox 711 2648 817 2712; x_wconf 89' lang='lat' dir='ltr'><strong>Breve</strong></span> <span class='ocrx_word' id='word_1_218' title='bbox 841 2646 881 2712; x_wconf 94' lang='lat' dir='ltr'><strong>de</strong></span> <span class='ocrx_word' id='word_1_219' title='bbox 909 2649 984 2731; x_wconf 86' lang='lat' dir='ltr'><strong>ipsa</strong></span> <span class='ocrx_word' id='word_1_220' title='bbox 1013 2647 1222 2711; x_wconf 88' lang='lat' dir='ltr'><strong>investitione</strong></span> <span class='ocrx_word' id='word_1_221' title='bbox 1251 2667 1349 2732; x_wconf 85' lang='lat' dir='ltr'><strong>quarn</strong></span> <span class='ocrx_word' id='word_1_222' title='bbox 1378 2645 1456 2710; x_wconf 89' lang='lat' dir='ltr'><strong>fecit</strong></span> <span class='ocrx_word' id='word_1_223' title='bbox 1485 2645 1550 2709; x_wconf 88' lang='lat' dir='ltr'><strong>Itto</strong></span> <span class='ocrx_word' id='word_1_224' title='bbox 1578 2646 1698 2708; x_wconf 89' lang='lat' dir='ltr'><strong>missus</strong></span> <span class='ocrx_word' id='word_1_225' title='bbox 1728 2642 1838 2707; x_wconf 92' lang='lat' dir='ltr'><strong>domni</strong></span> 
     </span>
    </p>

    <p class='ocr_par' dir='ltr' id='par_1_8' title="bbox 136 2747 1839 3250">
     <span class='ocr_line' id='line_1_20' title="bbox 136 2747 1838 2836; baseline -0.002 -21"><span class='ocrx_word' id='word_1_226' title='bbox 136 2769 170 2816; x_wconf 81' lang='lat'><strong>20</strong></span> <span class='ocrx_word' id='word_1_227' title='bbox 189 2748 320 2814; x_wconf 90' lang='lat' dir='ltr'><strong>Ottonis</strong></span> <span class='ocrx_word' id='word_1_228' title='bbox 335 2751 541 2834; x_wconf 90' lang='lat' dir='ltr'><strong>imperatoris</strong></span> <span class='ocrx_word' id='word_1_229' title='bbox 558 2773 632 2814; x_wconf 90' lang='lat' dir='ltr'><strong>cum</strong></span> <span class='ocrx_word' id='word_1_230' title='bbox 648 2750 877 2815; x_wconf 86' lang='lat' dir='ltr'><strong>Transmundo</strong></span> <span class='ocrx_word' id='word_1_231' title='bbox 894 2759 1013 2836; x_wconf 88' lang='lat' dir='ltr'><strong>nepote</strong></span> <span class='ocrx_word' id='word_1_232' title='bbox 1028 2749 1165 2815; x_wconf 85' lang='lat' dir='ltr'><strong>Actonis</strong></span> <span class='ocrx_word' id='word_1_233' title='bbox 1182 2749 1310 2814; x_wconf 91' lang='lat' dir='ltr'><strong>comitis</strong></span> <span class='ocrx_word' id='word_1_234' title='bbox 1328 2748 1369 2814; x_wconf 91' lang='lat' dir='ltr'><strong>de</strong></span> <span class='ocrx_word' id='word_1_235' title='bbox 1391 2747 1488 2812; x_wconf 89' lang='lat' dir='ltr'><strong>rebus</strong></span> <span class='ocrx_word' id='word_1_236' title='bbox 1511 2749 1700 2813; x_wconf 89' lang='lat' dir='ltr'><strong>monasterii</strong></span> <span class='ocrx_word' id='word_1_237' title='bbox 1725 2756 1838 2812; x_wconf 90' lang='lat' dir='ltr'><strong>sancte</strong></span> 
     </span>
     <span class='ocr_line' id='line_1_21' title="bbox 188 2851 1835 2941; baseline 0 -25"><span class='ocrx_word' id='word_1_238' title='bbox 188 2853 365 2935; x_wconf 84' lang='lat' dir='ltr'><strong>Trinitatis,</strong></span> <span class='ocrx_word' id='word_1_239' title='bbox 390 2853 537 2937; x_wconf 89' lang='lat' dir='ltr'><strong>inprimis</strong></span> <span class='ocrx_word' id='word_1_240' title='bbox 560 2851 601 2915; x_wconf 91' lang='lat' dir='ltr'><strong>de</strong></span> <span class='ocrx_word' id='word_1_241' title='bbox 622 2855 696 2937; x_wconf 88' lang='lat' dir='ltr'><strong>ipsa</strong></span> <span class='ocrx_word' id='word_1_242' title='bbox 716 2876 752 2918; x_wconf 88' lang='lat' dir='ltr'><strong>re</strong></span> <span class='ocrx_word' id='word_1_243' title='bbox 775 2853 815 2918; x_wconf 88' lang='lat' dir='ltr'><strong>de</strong></span> <span class='ocrx_word' id='word_1_244' title='bbox 837 2854 965 2920; x_wconf 90' lang='lat' dir='ltr'><strong>Uicano</strong></span> <span class='ocrx_word' id='word_1_245' title='bbox 990 2854 1078 2941; x_wconf 91' lang='lat' dir='ltr'><strong>quod</strong></span> <span class='ocrx_word' id='word_1_246' title='bbox 1100 2853 1175 2918; x_wconf 91' lang='lat' dir='ltr'><strong>inde</strong></span> <span class='ocrx_word' id='word_1_247' title='bbox 1199 2862 1372 2918; x_wconf 88' lang='lat' dir='ltr'><strong>tenuerunt</strong></span> <span class='ocrx_word' id='word_1_248' title='bbox 1394 2851 1553 2916; x_wconf 90' lang='lat' dir='ltr'><strong>Ricardus</strong></span> <span class='ocrx_word' id='word_1_249' title='bbox 1575 2851 1662 2918; x_wconf 89' lang='lat' dir='ltr'><strong>filius</strong></span> <span class='ocrx_word' id='word_1_250' title='bbox 1689 2851 1835 2937; x_wconf 86' lang='lat' dir='ltr'><strong>Elperini</strong></span> 
     </span>
     <span class='ocr_line' id='line_1_22' title="bbox 189 2954 1837 3043; baseline 0 -23"><span class='ocrx_word' id='word_1_251' title='bbox 189 2965 221 3020; x_wconf 95' lang='lat' dir='ltr'><strong>et</strong></span> <span class='ocrx_word' id='word_1_252' title='bbox 245 2957 293 3020; x_wconf 89' lang='lat' dir='ltr'><strong>sui</strong></span> <span class='ocrx_word' id='word_1_253' title='bbox 318 2965 498 3036; x_wconf 84' lang='lat' dir='ltr'><strong>consortes,</strong></span> <span class='ocrx_word' id='word_1_254' title='bbox 522 2963 554 3020; x_wconf 93' lang='lat' dir='ltr'><strong>et</strong></span> <span class='ocrx_word' id='word_1_255' title='bbox 577 2957 631 3041; x_wconf 92' lang='lat' dir='ltr'><strong>qui</strong></span> <span class='ocrx_word' id='word_1_256' title='bbox 654 2954 774 3020; x_wconf 86' lang='lat' dir='ltr'><strong>exinde</strong></span> <span class='ocrx_word' id='word_1_257' title='bbox 797 2979 870 3021; x_wconf 89' lang='lat' dir='ltr'><strong>eum</strong></span> <span class='ocrx_word' id='word_1_258' title='bbox 895 2958 1090 3040; x_wconf 87' lang='lat' dir='ltr'><strong>disvestiret,</strong></span> <span class='ocrx_word' id='word_1_259' title='bbox 1113 2966 1150 3021; x_wconf 92' lang='lat' dir='ltr'><strong>ut</strong></span> <span class='ocrx_word' id='word_1_260' title='bbox 1173 2966 1351 3043; x_wconf 92' lang='lat' dir='ltr'><strong>componat</strong></span> <span class='ocrx_word' id='word_1_261' title='bbox 1370 2956 1516 3021; x_wconf 86' lang='lat' dir='ltr'><strong>bandum</strong></span> <span class='ocrx_word' id='word_1_262' title='bbox 1534 2956 1578 3021; x_wconf 91' lang='lat' dir='ltr'><strong>ad</strong></span> <span class='ocrx_word' id='word_1_263' title='bbox 1593 2965 1720 3041; x_wconf 88' lang='lat' dir='ltr'><strong>partem</strong></span> <span class='ocrx_word' id='word_1_264' title='bbox 1734 2958 1837 3040; x_wconf 80' lang='lat' dir='ltr'><strong>regis3</strong></span> 
     </span>
     <span class='ocr_line' id='line_1_23' title="bbox 189 3058 1839 3147; baseline 0 -23"><span class='ocrx_word' id='word_1_265' title='bbox 189 3070 221 3124; x_wconf 91' lang='lat' dir='ltr'><strong>et</strong></span> <span class='ocrx_word' id='word_1_266' title='bbox 244 3060 285 3125; x_wconf 89' lang='lat' dir='ltr'><strong>de</strong></span> <span class='ocrx_word' id='word_1_267' title='bbox 306 3062 380 3145; x_wconf 90' lang='lat' dir='ltr'><strong>ipsa</strong></span> <span class='ocrx_word' id='word_1_268' title='bbox 403 3059 543 3126; x_wconf 87' lang='lat' dir='ltr'><strong>ecclesia</strong></span> <span class='ocrx_word' id='word_1_269' title='bbox 566 3069 679 3124; x_wconf 86' lang='lat' dir='ltr'><strong>sancte</strong></span> <span class='ocrx_word' id='word_1_270' title='bbox 703 3061 792 3125; x_wconf 88' lang='lat' dir='ltr'><strong>Iuste</strong></span> <span class='ocrx_word' id='word_1_271' title='bbox 814 3083 911 3147; x_wconf 90' lang='lat' dir='ltr'><strong>quam</strong></span> <span class='ocrx_word' id='word_1_272' title='bbox 934 3071 1107 3126; x_wconf 87' lang='lat' dir='ltr'><strong>tenuerunt</strong></span> <span class='ocrx_word' id='word_1_273' title='bbox 1134 3063 1197 3146; x_wconf 91' lang='lat' dir='ltr'><strong>ipsi</strong></span> <span class='ocrx_word' id='word_1_274' title='bbox 1226 3061 1284 3126; x_wconf 90' lang='lat' dir='ltr'><strong>filii</strong></span> <span class='ocrx_word' id='word_1_275' title='bbox 1307 3060 1481 3142; x_wconf 85' lang='lat' dir='ltr'><strong>Walzoni,</strong></span> <span class='ocrx_word' id='word_1_276' title='bbox 1515 3061 1605 3124; x_wconf 91' lang='lat' dir='ltr'><strong>misit</strong></span> <span class='ocrx_word' id='word_1_277' title='bbox 1632 3058 1778 3124; x_wconf 90' lang='lat' dir='ltr'><strong>bandum</strong></span> <span class='ocrx_word' id='word_1_278' title='bbox 1803 3069 1839 3124; x_wconf 89' lang='lat' dir='ltr'><strong>ut</strong></span> 
     </span>
     <span class='ocr_line' id='line_1_24' title="bbox 189 3161 1838 3250; baseline 0 -23"><span class='ocrx_word' id='word_1_279' title='bbox 189 3165 371 3250; x_wconf 91' lang='lat' dir='ltr'><strong>quicunque</strong></span> <span class='ocrx_word' id='word_1_280' title='bbox 396 3163 581 3229; x_wconf 88' lang='lat' dir='ltr'><strong>disvestiret</strong></span> <span class='ocrx_word' id='word_1_281' title='bbox 604 3166 861 3249; x_wconf 88' lang='lat' dir='ltr'><strong>suprascriptum</strong></span> <span class='ocrx_word' id='word_1_282' title='bbox 884 3167 1126 3248; x_wconf 89' lang='lat' dir='ltr'><strong>monasterium,</strong></span> <span class='ocrx_word' id='word_1_283' title='bbox 1155 3175 1190 3230; x_wconf 92' lang='lat' dir='ltr'><strong>ut</strong></span> <span class='ocrx_word' id='word_1_284' title='bbox 1213 3167 1255 3229; x_wconf 91' lang='lat' dir='ltr'><strong>sit</strong></span> <span class='ocrx_word' id='word_1_285' title='bbox 1277 3165 1518 3250; x_wconf 88' lang='lat' dir='ltr'><strong>compositurus</strong></span> <span class='ocrx_word' id='word_1_286' title='bbox 1541 3161 1686 3228; x_wconf 90' lang='lat' dir='ltr'><strong>bandum</strong></span> <span class='ocrx_word' id='word_1_287' title='bbox 1704 3163 1748 3227; x_wconf 88' lang='lat' dir='ltr'><strong>ad</strong></span> <span class='ocrx_word' id='word_1_288' title='bbox 1765 3186 1838 3249; x_wconf 91' lang='lat' dir='ltr'><strong>par-</strong></span> 
     </span>
    </p>

    <p class='ocr_par' dir='ltr' id='par_1_9' title="bbox 137 3267 1837 3561">
     <span class='ocr_line' id='line_1_25' title="bbox 137 3267 1836 3354; baseline 0.001 -23"><span class='ocrx_word' id='word_1_289' title='bbox 137 3285 169 3332; x_wconf 78' lang='lat'><strong>25</strong></span> <span class='ocrx_word' id='word_1_290' title='bbox 187 3277 254 3332; x_wconf 89' lang='lat' dir='ltr'><strong>tem</strong></span> <span class='ocrx_word' id='word_1_291' title='bbox 272 3269 373 3351; x_wconf 81' lang='lat' dir='ltr'><strong>regis3</strong></span> <span class='ocrx_word' id='word_1_292' title='bbox 397 3277 429 3333; x_wconf 91' lang='lat' dir='ltr'><strong>et</strong></span> <span class='ocrx_word' id='word_1_293' title='bbox 453 3267 493 3332; x_wconf 88' lang='lat' dir='ltr'><strong>de</strong></span> <span class='ocrx_word' id='word_1_294' title='bbox 515 3269 588 3352; x_wconf 90' lang='lat' dir='ltr'><strong>ipsa</strong></span> <span class='ocrx_word' id='word_1_295' title='bbox 610 3289 645 3331; x_wconf 88' lang='lat' dir='ltr'><strong>re</strong></span> <span class='ocrx_word' id='word_1_296' title='bbox 669 3289 767 3352; x_wconf 90' lang='lat' dir='ltr'><strong>quam</strong></span> <span class='ocrx_word' id='word_1_297' title='bbox 789 3292 832 3333; x_wconf 87' lang='lat' dir='ltr'><strong>ex</strong></span> <span class='ocrx_word' id='word_1_298' title='bbox 853 3269 1063 3354; x_wconf 88' lang='lat' dir='ltr'><strong>inquisitione</strong></span> <span class='ocrx_word' id='word_1_299' title='bbox 1086 3279 1359 3351; x_wconf 83' lang='lat' dir='ltr'><strong>monstraverunt,</strong></span> <span class='ocrx_word' id='word_1_300' title='bbox 1384 3291 1482 3354; x_wconf 89' lang='lat' dir='ltr'><strong>quam</strong></span> <span class='ocrx_word' id='word_1_301' title='bbox 1500 3277 1673 3333; x_wconf 90' lang='lat' dir='ltr'><strong>tenuerunt</strong></span> <span class='ocrx_word' id='word_1_302' title='bbox 1688 3267 1836 3332; x_wconf 90' lang='lat' dir='ltr'><strong>Walber·</strong></span> 
     </span>
     <span class='ocr_line' id='line_1_26' title="bbox 187 3368 1837 3456; baseline 0.001 -22"><span class='ocrx_word' id='word_1_303' title='bbox 187 3380 240 3435; x_wconf 93' lang='lat' dir='ltr'><strong>tus</strong></span> <span class='ocrx_word' id='word_1_304' title='bbox 263 3369 363 3434; x_wconf 87' lang='lat' dir='ltr'><strong>iudex</strong></span> <span class='ocrx_word' id='word_1_305' title='bbox 386 3381 418 3435; x_wconf 90' lang='lat' dir='ltr'><strong>et</strong></span> <span class='ocrx_word' id='word_1_306' title='bbox 433 3368 534 3436; x_wconf 84' lang='lat' dir='ltr'><strong>Casto</strong></span> <span class='ocrx_word' id='word_1_307' title='bbox 558 3381 591 3435; x_wconf 91' lang='lat' dir='ltr'><strong>et</strong></span> <span class='ocrx_word' id='word_1_308' title='bbox 612 3371 774 3436; x_wconf 89' lang='lat' dir='ltr'><strong>Iohannes</strong></span> <span class='ocrx_word' id='word_1_309' title='bbox 791 3374 825 3436; x_wconf 92' lang='lat' dir='ltr'><strong>in</strong></span> <span class='ocrx_word' id='word_1_310' title='bbox 841 3370 1016 3454; x_wconf 83' lang='lat' dir='ltr'><strong>Ocretano,</strong></span> <span class='ocrx_word' id='word_1_311' title='bbox 1039 3373 1255 3436; x_wconf 87' lang='lat' dir='ltr'><strong>investierunt</strong></span> <span class='ocrx_word' id='word_1_312' title='bbox 1278 3371 1318 3438; x_wconf 93' lang='lat' dir='ltr'><strong>de</strong></span> <span class='ocrx_word' id='word_1_313' title='bbox 1342 3394 1381 3436; x_wconf 91' lang='lat' dir='ltr'><strong>ea</strong></span> <span class='ocrx_word' id='word_1_314' title='bbox 1403 3381 1529 3456; x_wconf 88' lang='lat' dir='ltr'><strong>partem</strong></span> <span class='ocrx_word' id='word_1_315' title='bbox 1552 3371 1592 3436; x_wconf 91' lang='lat' dir='ltr'><strong>de</strong></span> <span class='ocrx_word' id='word_1_316' title='bbox 1617 3374 1837 3456; x_wconf 88' lang='lat' dir='ltr'><strong>suprascripto</strong></span> 
     </span>
     <span class='ocr_line' id='line_1_27' title="bbox 187 3473 1837 3561; baseline 0 -23"><span class='ocrx_word' id='word_1_317' title='bbox 187 3477 396 3558; x_wconf 88' lang='lat' dir='ltr'><strong>monasterio,</strong></span> <span class='ocrx_word' id='word_1_318' title='bbox 414 3477 646 3561; x_wconf 89' lang='lat' dir='ltr'><strong>etquicunque</strong></span> <span class='ocrx_word' id='word_1_319' title='bbox 662 3497 734 3540; x_wconf 89' lang='lat' dir='ltr'><strong>earn</strong></span> <span class='ocrx_word' id='word_1_320' title='bbox 750 3474 870 3540; x_wconf 81' lang='lat' dir='ltr'><strong>exinde</strong></span> <span class='ocrx_word' id='word_1_321' title='bbox 887 3474 1080 3558; x_wconf 87' lang='lat' dir='ltr'><strong>disvestiret,</strong></span> <span class='ocrx_word' id='word_1_322' title='bbox 1098 3486 1132 3540; x_wconf 88' lang='lat' dir='ltr'><strong>ut</strong></span> <span class='ocrx_word' id='word_1_323' title='bbox 1148 3484 1327 3561; x_wconf 89' lang='lat' dir='ltr'><strong>componat</strong></span> <span class='ocrx_word' id='word_1_324' title='bbox 1341 3473 1486 3539; x_wconf 91' lang='lat' dir='ltr'><strong>bandum</strong></span> <span class='ocrx_word' id='word_1_325' title='bbox 1502 3473 1546 3538; x_wconf 89' lang='lat' dir='ltr'><strong>ad</strong></span> <span class='ocrx_word' id='word_1_326' title='bbox 1561 3483 1687 3560; x_wconf 87' lang='lat' dir='ltr'><strong>partem</strong></span> <span class='ocrx_word' id='word_1_327' title='bbox 1702 3475 1837 3558; x_wconf 87' lang='lat' dir='ltr'><strong>regis...</strong></span> 
     </span>
    </p>
   </div>
   <div class='ocr_carea' id='block_1_6' title="bbox 971 3663 1046 3738">
    <p class='ocr_par' dir='ltr' id='par_1_10' title="bbox 971 3663 1046 3738">
     <span class='ocr_line' id='line_1_28' title="bbox 971 3663 1046 3738; baseline -0.027 0"><span class='ocrx_word' id='word_1_328' title='bbox 971 3663 1046 3738; x_wconf 83' lang='lat' dir='ltr'><strong>35l</strong></span> 
     </span>
    </p>
   </div>
   <div class='ocr_carea' id='block_1_7' title="bbox 137 3788 1837 4012">
    <p class='ocr_par' dir='ltr' id='par_1_11' title="bbox 137 3757 1837 4031">
     <span class='ocr_line' id='line_1_29' title="bbox 196 3788 1837 3892; baseline 0 -25"><span class='ocrx_word' id='word_1_329' title='bbox 196 3788 277 3867; x_wconf 83' lang='lat' dir='ltr'><strong>Otto</strong></span> <span class='ocrx_word' id='word_1_330' title='bbox 311 3791 452 3868; x_wconf 82' lang='lat' dir='ltr'><strong>scbeakt</strong></span> <span class='ocrx_word' id='word_1_331' title='bbox 483 3793 562 3867; x_wconf 83' lang='lat' dir='ltr'><strong>clem</strong></span> <span class='ocrx_word' id='word_1_332' title='bbox 588 3794 879 3869; x_wconf 80' lang='lat' dir='ltr'><strong>Noaaenlcloster</strong></span> <span class='ocrx_word' id='word_1_333' title='bbox 914 3795 1072 3870; x_wconf 80' lang='lat' dir='ltr'><strong>Nivelles</strong></span> <span class='ocrx_word' id='word_1_334' title='bbox 1106 3795 1164 3869; x_wconf 82' lang='lat' dir='ltr'><strong>die</strong></span> <span class='ocrx_word' id='word_1_335' title='bbox 1199 3792 1426 3892; x_wconf 80' lang='lat' dir='ltr'><strong>Ortscltaftea</strong></span> <span class='ocrx_word' id='word_1_336' title='bbox 1453 3793 1604 3891; x_wconf 72' lang='lat' dir='ltr'><strong>Berqbc&#39;s</strong></span> <span class='ocrx_word' id='word_1_337' title='bbox 1638 3793 1717 3866; x_wconf 81' lang='lat' dir='ltr'><strong>aad</strong></span> <span class='ocrx_word' id='word_1_338' title='bbox 1749 3791 1837 3869; x_wconf 79' lang='lat' dir='ltr'><strong>Ger-</strong></span> 
     </span>
     <span class='ocr_line' id='line_1_30' title="bbox 137 3912 1796 4012; baseline -0.002 -30"><span class='ocrx_word' id='word_1_339' title='bbox 137 3937 170 3985; x_wconf 86' lang='lat'><strong>30</strong></span> <span class='ocrx_word' id='word_1_340' title='bbox 190 3912 419 4012; x_wconf 74' lang='lat' dir='ltr'><strong>traideabcrq</strong></span> <span class='ocrx_word' id='word_1_341' title='bbox 445 3916 510 3988; x_wconf 83' lang='lat' dir='ltr'><strong>mit</strong></span> <span class='ocrx_word' id='word_1_342' title='bbox 536 3915 640 3988; x_wconf 82' lang='lat' dir='ltr'><strong>allam</strong></span> <span class='ocrx_word' id='word_1_343' title='bbox 669 3916 842 3989; x_wconf 77' lang='lat' dir='ltr'><strong>Zubebtir.</strong></span> <span class='ocrx_word' id='word_1_344' title='bbox 1581 3969 1623 3978; x_wconf 83' lang='grc'>-</span> <span class='ocrx_word' id='word_1_345' title='bbox 1667 3969 1710 3977; x_wconf 74' lang='grc'><strong>..-</strong></span> <span class='ocrx_word' id='word_1_346' title='bbox 1753 3969 1796 3978; x_wconf 83' lang='lat'><strong>..</strong></span> 
     </span>
    </p>
   </div>
   <div class='ocr_carea' id='block_1_8' title="bbox 275 4119 1838 4302">
    <p class='ocr_par' dir='ltr' id='par_1_12' title="bbox 275 4119 1838 4302">
     <span class='ocr_line' id='line_1_31' title="bbox 275 4119 1838 4198; baseline 0.004 -21"><span class='ocrx_word' id='word_1_347' title='bbox 275 4119 438 4194; x_wconf 73' lang='lat' dir='ltr'><strong>&#39;Gramaye</strong></span> <span class='ocrx_word' id='word_1_348' title='bbox 466 4119 536 4180; x_wconf 83' lang='lat' dir='ltr'><strong>Ant.</strong></span> <span class='ocrx_word' id='word_1_349' title='bbox 561 4123 762 4194; x_wconf 81' lang='lat' dir='ltr'><strong>Brcbaatiae‚</strong></span> <span class='ocrx_word' id='word_1_350' title='bbox 794 4121 866 4180; x_wconf 68' lang='lat' dir='ltr'><strong>Aa.</strong></span> <span class='ocrx_word' id='word_1_351' title='bbox 890 4123 1050 4182; x_wconf 84' lang='lat' dir='ltr'><strong>Bredaaae</strong></span> <span class='ocrx_word' id='word_1_352' title='bbox 1072 4127 1093 4183; x_wconf 86' lang='grc'><em>8</em></span> <span class='ocrx_word' id='word_1_353' title='bbox 1115 4124 1237 4198; x_wconf 71' lang='lat' dir='ltr'><strong>Fraqm.</strong></span> <span class='ocrx_word' id='word_1_354' title='bbox 1268 4140 1325 4182; x_wconf 82' lang='lat' dir='ltr'><strong>aas</strong></span> <span class='ocrx_word' id='word_1_355' title='bbox 1354 4124 1420 4181; x_wconf 80' lang='lat' dir='ltr'><strong>dem</strong></span> <span class='ocrx_word' id='word_1_356' title='bbox 1448 4123 1558 4183; x_wconf 78' lang='lat' dir='ltr'><strong>Archiv</strong></span> <span class='ocrx_word' id='word_1_357' title='bbox 1585 4143 1626 4184; x_wconf 77' lang='lat' dir='ltr'><strong>aa</strong></span> <span class='ocrx_word' id='word_1_358' title='bbox 1647 4125 1776 4184; x_wconf 81' lang='lat' dir='ltr'><strong>Niveltes</strong></span> <span class='ocrx_word' id='word_1_359' title='bbox 1797 4143 1838 4183; x_wconf 74' lang='lat' dir='ltr'><strong>au</strong></span> 
     </span>
     <span class='ocr_line' id='line_1_32' title="bbox 291 4223 860 4302; baseline 0.007 -20"><span class='ocrx_word' id='word_1_360' title='bbox 291 4226 355 4282; x_wconf 84' lang='lat'><strong>967</strong></span> <span class='ocrx_word' id='word_1_361' title='bbox 377 4223 443 4302; x_wconf 79' lang='lat' dir='ltr'><strong>(G).</strong></span> <span class='ocrx_word' id='word_1_362' title='bbox 467 4258 508 4266; x_wconf 92' lang='lat'>-</span> <span class='ocrx_word' id='word_1_363' title='bbox 531 4225 660 4298; x_wconf 74' lang='lat' dir='ltr'><strong>Stampf</strong></span> <span class='ocrx_word' id='word_1_364' title='bbox 678 4227 748 4300; x_wconf 72' lang='lat' dir='ltr'><strong>Itey.</strong></span> <span class='ocrx_word' id='word_1_365' title='bbox 773 4229 860 4288; x_wconf 74' lang='lat'><em>539⁰.</em></span> 
     </span>
    </p>
   </div>
   <div class='ocr_carea' id='block_1_9' title="bbox 139 4406 1839 4702">
    <p class='ocr_par' dir='ltr' id='par_1_13' title="bbox 139 4406 1839 4702">
     <span class='ocr_line' id='line_1_33' title="bbox 248 4406 1839 4498; baseline 0.004 -25.807"><span class='ocrx_word' id='word_1_366' title='bbox 248 4407 282 4471; x_wconf 92' lang='lat' dir='ltr'><strong>in</strong></span> <span class='ocrx_word' id='word_1_367' title='bbox 297 4429 384 4493; x_wconf 85' lang='lat' dir='ltr'><strong>pago</strong></span> <span class='ocrx_word' id='word_1_368' title='bbox 402 4406 554 4473; x_wconf 88' lang='lat' dir='ltr'><strong>Schaldis</strong></span> <span class='ocrx_word' id='word_1_369' title='bbox 569 4408 680 4473; x_wconf 91' lang='lat' dir='ltr'><strong>villam</strong></span> <span class='ocrx_word' id='word_1_370' title='bbox 696 4409 833 4495; x_wconf 87' lang='lat' dir='ltr'><strong>Berghis</strong></span> <span class='ocrx_word' id='word_1_371' title='bbox 849 4432 925 4474; x_wconf 89' lang='lat' dir='ltr'><strong>cum</strong></span> <span class='ocrx_word' id='word_1_372' title='bbox 940 4409 1043 4474; x_wconf 87' lang='lat' dir='ltr'><strong>tribus</strong></span> <span class='ocrx_word' id='word_1_373' title='bbox 1058 4409 1174 4474; x_wconf 92' lang='lat' dir='ltr'><strong>insulis</strong></span> <span class='ocrx_word' id='word_1_374' title='bbox 1191 4410 1331 4497; x_wconf 80' lang='lat' dir='ltr'><strong>Spenge,</strong></span> <span class='ocrx_word' id='word_1_375' title='bbox 1345 4411 1557 4497; x_wconf 84' lang='lat' dir='ltr'><strong>Waterangc,</strong></span> <span class='ocrx_word' id='word_1_376' title='bbox 1574 4413 1748 4498; x_wconf 82' lang='lat' dir='ltr'><strong>Stoeninge</strong></span> <span class='ocrx_word' id='word_1_377' title='bbox 1764 4436 1839 4478; x_wconf 89' lang='lat' dir='ltr'><strong>cnm</strong></span> 
     </span>
     <span class='ocr_line' id='line_1_34' title="bbox 190 4511 1839 4599; baseline 0.004 -24"><span class='ocrx_word' id='word_1_378' title='bbox 190 4511 329 4576; x_wconf 90' lang='lat' dir='ltr'><strong>ecclesia</strong></span> <span class='ocrx_word' id='word_1_379' title='bbox 357 4521 390 4575; x_wconf 92' lang='lat' dir='ltr'><strong>et</strong></span> <span class='ocrx_word' id='word_1_380' title='bbox 418 4511 594 4594; x_wconf 86' lang='lat' dir='ltr'><strong>theoloni0‚</strong></span> <span class='ocrx_word' id='word_1_381' title='bbox 625 4514 659 4576; x_wconf 92' lang='lat' dir='ltr'><strong>in</strong></span> <span class='ocrx_word' id='word_1_382' title='bbox 688 4534 773 4598; x_wconf 86' lang='lat' dir='ltr'><strong>pago</strong></span> <span class='ocrx_word' id='word_1_383' title='bbox 804 4511 902 4598; x_wconf 86' lang='lat' dir='ltr'><strong>Strya</strong></span> <span class='ocrx_word' id='word_1_384' title='bbox 925 4514 966 4579; x_wconf 91' lang='lat' dir='ltr'><strong>de</strong></span> <span class='ocrx_word' id='word_1_385' title='bbox 989 4515 1186 4599; x_wconf 90' lang='lat' dir='ltr'><strong>patrimonio</strong></span> <span class='ocrx_word' id='word_1_386' title='bbox 1214 4515 1317 4599; x_wconf 91' lang='lat' dir='ltr'><strong>ipsius</strong></span> <span class='ocrx_word' id='word_1_387' title='bbox 1341 4514 1463 4579; x_wconf 86' lang='lat' dir='ltr'><strong>electae</strong></span> <span class='ocrx_word' id='word_1_388' title='bbox 1486 4516 1622 4598; x_wconf 87' lang='lat' dir='ltr'><strong>virginis</strong></span> <span class='ocrx_word' id='word_1_389' title='bbox 1644 4514 1741 4580; x_wconf 89' lang='lat' dir='ltr'><strong>Mons</strong></span> <span class='ocrx_word' id='word_1_390' title='bbox 1764 4539 1839 4581; x_wconf 88' lang='lat' dir='ltr'><strong>cum</strong></span> 
     </span>
     <span class='ocr_line' id='line_1_35' title="bbox 139 4614 1836 4702; baseline 0.002 -22"><span class='ocrx_word' id='word_1_391' title='bbox 139 4635 171 4680; x_wconf 78' lang='lat'><strong>35</strong></span> <span class='ocrx_word' id='word_1_392' title='bbox 190 4615 414 4701; x_wconf 89' lang='lat' dir='ltr'><strong>appendiciis:</strong></span> <span class='ocrx_word' id='word_1_393' title='bbox 437 4614 610 4697; x_wconf 83' lang='lat' dir='ltr'><strong>Tremella,</strong></span> <span class='ocrx_word' id='word_1_394' title='bbox 635 4614 829 4681; x_wconf 88' lang='lat' dir='ltr'><strong>Sturnahem</strong></span> <span class='ocrx_word' id='word_1_395' title='bbox 852 4625 884 4681; x_wconf 88' lang='lat' dir='ltr'><strong>et</strong></span> <span class='ocrx_word' id='word_1_396' title='bbox 907 4619 994 4681; x_wconf 91' lang='lat' dir='ltr'><strong>omni</strong></span> <span class='ocrx_word' id='word_1_397' title='bbox 1017 4618 1198 4702; x_wconf 89' lang='lat' dir='ltr'><strong>piscatione</strong></span> <span class='ocrx_word' id='word_1_398' title='bbox 1218 4617 1261 4682; x_wconf 88' lang='lat' dir='ltr'><strong>ad</strong></span> <span class='ocrx_word' id='word_1_399' title='bbox 1276 4618 1405 4684; x_wconf 88' lang='lat' dir='ltr'><strong>Mosam</strong></span> <span class='ocrx_word' id='word_1_400' title='bbox 1429 4628 1461 4683; x_wconf 93' lang='lat' dir='ltr'><strong>et</strong></span> <span class='ocrx_word' id='word_1_401' title='bbox 1483 4620 1585 4683; x_wconf 88' lang='lat' dir='ltr'><strong>terris</strong></span> <span class='ocrx_word' id='word_1_402' title='bbox 1600 4618 1836 4684; x_wconf 89' lang='lat' dir='ltr'><strong>adiacentibus.</strong></span> 
     </span>
    </p>
   </div>
   <div class='ocr_carea' id='block_1_10' title="bbox 969 4805 1043 4878">
    <p class='ocr_par' dir='ltr' id='par_1_14' title="bbox 969 4805 1043 4878">
     <span class='ocr_line' id='line_1_36' title="bbox 969 4805 1043 4878; baseline 0 0"><span class='ocrx_word' id='word_1_403' title='bbox 969 4805 1043 4878; x_wconf 87' lang='lat'><strong>355</strong></span> 
     </span>
    </p>
   </div>
   <div class='ocr_carea' id='block_1_11' title="bbox 193 4929 1839 5274">
    <p class='ocr_par' dir='ltr' id='par_1_15' title="bbox 193 4929 1839 5274">
     <span class='ocr_line' id='line_1_37' title="bbox 200 4929 1837 5036; baseline 0.001 -28"><span class='ocrx_word' id='word_1_404' title='bbox 200 4929 280 5008; x_wconf 83' lang='lat' dir='ltr'><strong>Ouo</strong></span> <span class='ocrx_word' id='word_1_405' title='bbox 309 4932 472 5008; x_wconf 79' lang='lat' dir='ltr'><strong>bericdtet</strong></span> <span class='ocrx_word' id='word_1_406' title='bbox 497 4933 567 5008; x_wconf 80' lang='lat' dir='ltr'><strong>dea</strong></span> <span class='ocrx_word' id='word_1_407' title='bbox 594 4933 782 5033; x_wconf 73' lang='lat' dir='ltr'><strong>Herzoqea</strong></span> <span class='ocrx_word' id='word_1_408' title='bbox 807 4935 1001 5008; x_wconf 76' lang='lat' dir='ltr'><strong>Hermann</strong></span> <span class='ocrx_word' id='word_1_409' title='bbox 1028 4934 1108 5008; x_wconf 84' lang='lat' dir='ltr'><strong>aad</strong></span> <span class='ocrx_word' id='word_1_410' title='bbox 1136 4933 1462 5008; x_wconf 71' lang='lat' dir='ltr'><strong>Theodericiana</strong></span> <span class='ocrx_word' id='word_1_411' title='bbox 1493 4935 1563 5009; x_wconf 81' lang='lat' dir='ltr'><strong>dea</strong></span> <span class='ocrx_word' id='word_1_412' title='bbox 1589 4935 1740 5036; x_wconf 61' lang='lat' dir='ltr'><strong>compen</strong></span> <span class='ocrx_word' id='word_1_413' title='bbox 1767 4937 1837 5010; x_wconf 87' lang='lat' dir='ltr'><strong>Be-</strong></span> 
     </span>
     <span class='ocr_line' id='line_1_38' title="bbox 193 5055 1839 5172; baseline 0.005 -50"><span class='ocrx_word' id='word_1_414' title='bbox 193 5065 310 5124; x_wconf 80' lang='lat' dir='ltr'><strong>amteu</strong></span> <span class='ocrx_word' id='word_1_415' title='bbox 336 5055 424 5127; x_wconf 75' lang='lat' dir='ltr'><strong>tiber</strong></span> <span class='ocrx_word' id='word_1_416' title='bbox 450 5055 638 5154; x_wconf 72' lang='lat' dir='ltr'><strong>Vorpdnqe</strong></span> <span class='ocrx_word' id='word_1_417' title='bbox 660 5058 700 5129; x_wconf 79' lang='lat' dir='ltr'><strong>iu</strong></span> <span class='ocrx_word' id='word_1_418' title='bbox 722 5055 855 5129; x_wconf 82' lang='lat' dir='ltr'><strong>Italica</strong></span> <span class='ocrx_word' id='word_1_419' title='bbox 877 5056 956 5127; x_wconf 81' lang='lat' dir='ltr'><strong>aad</strong></span> <span class='ocrx_word' id='word_1_420' title='bbox 977 5057 1130 5154; x_wconf 82' lang='lat' dir='ltr'><strong>eroffaet</strong></span> <span class='ocrx_word' id='word_1_421' title='bbox 1152 5056 1262 5156; x_wconf 67' lang='lat' dir='ltr'><strong>idaea</strong></span> <span class='ocrx_word' id='word_1_422' title='bbox 1287 5056 1339 5129; x_wconf 85' lang='lat' dir='ltr'><strong>als</strong></span> <span class='ocrx_word' id='word_1_423' title='bbox 1363 5057 1486 5129; x_wconf 75' lang='lat' dir='ltr'><strong>selaeu</strong></span> <span class='ocrx_word' id='word_1_424' title='bbox 1512 5057 1640 5132; x_wconf 82' lang='lat' dir='ltr'><strong>Willca</strong></span> <span class='ocrx_word' id='word_1_425' title='bbox 1663 5059 1745 5172; x_wconf 74' lang='lat' dir='ltr'><strong>dass</strong></span> <span class='ocrx_word' id='word_1_426' title='bbox 1769 5059 1839 5131; x_wconf 82' lang='lat' dir='ltr'><strong>dea</strong></span> 
     </span>
     <span class='ocr_line' id='line_1_39' title="bbox 193 5171 1822 5274; baseline 0.01 -30"><span class='ocrx_word' id='word_1_427' title='bbox 193 5171 398 5245; x_wconf 82' lang='lat' dir='ltr'><strong>Redariera</strong></span> <span class='ocrx_word' id='word_1_428' title='bbox 424 5175 505 5248; x_wconf 79' lang='lat' dir='ltr'><strong>leia</strong></span> <span class='ocrx_word' id='word_1_429' title='bbox 531 5177 691 5249; x_wconf 72' lang='lat' dir='ltr'><strong>Friedea</strong></span> <span class='ocrx_word' id='word_1_430' title='bbox 714 5177 875 5274; x_wconf 67' lang='lat' dir='ltr'><strong>percolari</strong></span> <span class='ocrx_word' id='word_1_431' title='bbox 900 5176 1045 5250; x_wconf 70' lang='lat' dir='ltr'><strong>werden</strong></span> <span class='ocrx_word' id='word_1_432' title='bbox 1069 5177 1143 5251; x_wconf 77' lang='lat' dir='ltr'><strong>solt.</strong></span> <span class='ocrx_word' id='word_1_433' title='bbox 1243 5197 1357 5256; x_wconf 79' lang='lat' dir='ltr'><strong>aneit</strong></span> <span class='ocrx_word' id='word_1_434' title='bbox 1381 5196 1486 5270; x_wconf 76' lang='lat' dir='ltr'><strong>capm</strong></span> <span class='ocrx_word' id='word_1_435' title='bbox 1508 5201 1572 5258; x_wconf 80' lang='lat'><strong>968</strong></span> <span class='ocrx_word' id='word_1_436' title='bbox 1595 5198 1722 5258; x_wconf 81' lang='lat' dir='ltr'><strong>Jaauar</strong></span> <span class='ocrx_word' id='word_1_437' title='bbox 1743 5203 1794 5259; x_wconf 81' lang='lat'><strong>18.</strong></span> <span class='ocrx_word' id='word_1_438' title='bbox 1820 5230 1822 5234; x_wconf 94' lang='lat'>·</span> 
     </span>
    </p>
   </div>
   <div class='ocr_carea' id='block_1_12' title="bbox 139 5381 1838 5455">
    <p class='ocr_par' dir='ltr' id='par_1_16' title="bbox 139 5381 1838 5455">
     <span class='ocr_line' id='line_1_40' title="bbox 139 5381 1838 5455; baseline 0.005 -18"><span class='ocrx_word' id='word_1_439' title='bbox 139 5402 173 5450; x_wconf 76' lang='lat'><strong>40</strong></span> <span class='ocrx_word' id='word_1_440' title='bbox 296 5381 473 5440; x_wconf 80' lang='lat' dir='ltr'><strong>Widalciadi</strong></span> <span class='ocrx_word' id='word_1_441' title='bbox 494 5383 553 5440; x_wconf 85' lang='lat' dir='ltr'><strong>Res</strong></span> <span class='ocrx_word' id='word_1_442' title='bbox 573 5387 672 5455; x_wconf 65' lang='lat' dir='ltr'><strong>uastae</strong></span> <span class='ocrx_word' id='word_1_443' title='bbox 687 5383 796 5444; x_wconf 74' lang='lat' dir='ltr'><strong>Sason.</strong></span> <span class='ocrx_word' id='word_1_444' title='bbox 821 5386 864 5442; x_wconf 80' lang='lat' dir='ltr'><strong>im</strong></span> <span class='ocrx_word' id='word_1_445' title='bbox 880 5383 976 5444; x_wconf 73' lang='lat' dir='ltr'><strong>Codes</strong></span> <span class='ocrx_word' id='word_1_446' title='bbox 998 5389 1062 5445; x_wconf 78' lang='lat'><strong>289</strong></span> <span class='ocrx_word' id='word_1_447' title='bbox 1085 5402 1141 5443; x_wconf 83' lang='lat' dir='ltr'><strong>aas</strong></span> <span class='ocrx_word' id='word_1_448' title='bbox 1165 5384 1230 5443; x_wconf 84' lang='lat' dir='ltr'><strong>dem</strong></span> <span class='ocrx_word' id='word_1_449' title='bbox 1253 5385 1339 5444; x_wconf 74' lang='lat' dir='ltr'><strong>unae</strong></span> <span class='ocrx_word' id='word_1_450' title='bbox 1362 5386 1410 5444; x_wconf 84' lang='lat' dir='ltr'><strong>des</strong></span> <span class='ocrx_word' id='word_1_451' title='bbox 1433 5389 1484 5446; x_wconf 88' lang='grc'><strong>11.</strong></span> <span class='ocrx_word' id='word_1_452' title='bbox 1502 5387 1529 5446; x_wconf 86' lang='lat' dir='ltr'><strong><em>J</em></strong></span> <span class='ocrx_word' id='word_1_453' title='bbox 1529 5389 1556 5446; x_wconf 74' lang='lat' dir='ltr'><strong>b.</strong></span> <span class='ocrx_word' id='word_1_454' title='bbox 1580 5389 1614 5446; x_wconf 79' lang='lat' dir='ltr'><strong>ia</strong></span> <span class='ocrx_word' id='word_1_455' title='bbox 1636 5388 1689 5446; x_wconf 83' lang='lat' dir='ltr'><strong>der</strong></span> <span class='ocrx_word' id='word_1_456' title='bbox 1703 5387 1838 5447; x_wconf 84' lang='lat' dir='ltr'><strong>Kloster·</strong></span> 
     </span>
    </p>
   </div>
   <div class='ocr_carea' id='block_1_13' title="bbox 291 5484 1838 5670">
    <p class='ocr_par' dir='ltr' id='par_1_17' title="bbox 291 5484 1838 5670">
     <span class='ocr_line' id='line_1_41' title="bbox 291 5484 1838 5566; baseline 0.004 -24"><span class='ocrx_word' id='word_1_457' title='bbox 291 5484 446 5542; x_wconf 77' lang='lat' dir='ltr'><strong>bibliotdelc</strong></span> <span class='ocrx_word' id='word_1_458' title='bbox 467 5503 507 5543; x_wconf 81' lang='lat' dir='ltr'><strong>au</strong></span> <span class='ocrx_word' id='word_1_459' title='bbox 529 5486 749 5546; x_wconf 76' lang='lat' dir='ltr'><strong>Moatecassiuo</strong></span> <span class='ocrx_word' id='word_1_460' title='bbox 773 5486 837 5566; x_wconf 81' lang='lat' dir='ltr'><em>(A).</em></span> <span class='ocrx_word' id='word_1_461' title='bbox 865 5521 904 5530; x_wconf 90' lang='lat'><em>-</em></span> <span class='ocrx_word' id='word_1_462' title='bbox 925 5489 1045 5549; x_wconf 81' lang='lat' dir='ltr'><strong>Widuk.</strong></span> <span class='ocrx_word' id='word_1_463' title='bbox 1062 5489 1101 5547; x_wconf 83' lang='lat' dir='ltr'><strong>R.</strong></span> <span class='ocrx_word' id='word_1_464' title='bbox 1115 5505 1145 5561; x_wconf 76' lang='lat' dir='ltr'><strong>p.</strong></span> <span class='ocrx_word' id='word_1_465' title='bbox 1164 5487 1194 5548; x_wconf 82' lang='lat' dir='ltr'><strong>S.</strong></span> <span class='ocrx_word' id='word_1_466' title='bbox 1218 5490 1260 5546; x_wconf 84' lang='lat' dir='ltr'><strong>im</strong></span> <span class='ocrx_word' id='word_1_467' title='bbox 1277 5488 1345 5548; x_wconf 83' lang='lat' dir='ltr'><strong>Ood.</strong></span> <span class='ocrx_word' id='word_1_468' title='bbox 1362 5493 1468 5550; x_wconf 79' lang='lat'><em>21109</em></span> <span class='ocrx_word' id='word_1_469' title='bbox 1492 5509 1548 5551; x_wconf 85' lang='lat' dir='ltr'><strong>aas</strong></span> <span class='ocrx_word' id='word_1_470' title='bbox 1569 5491 1635 5550; x_wconf 84' lang='lat' dir='ltr'><strong>dem</strong></span> <span class='ocrx_word' id='word_1_471' title='bbox 1651 5495 1702 5552; x_wconf 80' lang='lat'><strong>12.</strong></span> <span class='ocrx_word' id='word_1_472' title='bbox 1720 5491 1772 5551; x_wconf 74' lang='lat' dir='ltr'><strong>Jlt.</strong></span> <span class='ocrx_word' id='word_1_473' title='bbox 1796 5493 1838 5548; x_wconf 80' lang='lat' dir='ltr'><strong>im</strong></span> 
     </span>
     <span class='ocr_line' id='line_1_42' title="bbox 293 5586 934 5670; baseline 0.009 -26"><span class='ocrx_word' id='word_1_474' title='bbox 293 5586 473 5644; x_wconf 76' lang='lat' dir='ltr'><strong>Brittisctcu</strong></span> <span class='ocrx_word' id='word_1_475' title='bbox 495 5588 638 5647; x_wconf 82' lang='lat' dir='ltr'><strong>Muscam</strong></span> <span class='ocrx_word' id='word_1_476' title='bbox 659 5607 700 5647; x_wconf 77' lang='lat' dir='ltr'><strong>aa</strong></span> <span class='ocrx_word' id='word_1_477' title='bbox 721 5590 848 5649; x_wconf 79' lang='lat' dir='ltr'><strong>Loadoa</strong></span> <span class='ocrx_word' id='word_1_478' title='bbox 872 5589 934 5670; x_wconf 89' lang='lat' dir='ltr'><em>(B).</em></span> 
     </span>
    </p>
   </div>
   <div class='ocr_carea' id='block_1_14' title="bbox 275 5735 466 5806">
    <p class='ocr_par' dir='ltr' id='par_1_18' title="bbox 275 5735 466 5806">
     <span class='ocr_line' id='line_1_43' title="bbox 275 5735 466 5806; baseline 0 -16"><span class='ocrx_word' id='word_1_479' title='bbox 275 5735 334 5790; x_wconf 72' lang='lat' dir='ltr'><strong>aar.</strong></span> <span class='ocrx_word' id='word_1_480' title='bbox 361 5735 466 5806; x_wconf 70' lang='lat' dir='ltr'><strong>[rona.</strong></span> 
     </span>
    </p>
   </div>
   <div class='ocr_carea' id='block_1_15' title="bbox 0 0 2273 6434">
    <p class='ocr_par' dir='ltr' id='par_1_19' title="bbox 0 0 2273 6434">
     <span class='ocr_line' id='line_1_44' title="bbox 0 0 2273 6434; baseline 0 0"><span class='ocrx_word' id='word_1_481' title='bbox 0 0 2273 6434; x_wconf 95' lang='lat' dir='ltr'><strong> </strong></span> 
     </span>
    </p>
   </div>
  </div>
 </body>
</html>
