4560 6420
450 377 514 443 232
1047 385 1499 456 KAISERURKUNDEN.

552 571 602 630 des
624 572 906 662 Iteyiermtquahras
928 588 952 630 s.
975 570 1043 630 DO.
1066 573 1106 630 95
1129 570 1194 628 aad
1214 571 1288 629 ether
1309 570 1357 628 die
1377 588 1433 629 von
1455 569 1570 643 Bitiiaq
1592 569 1835 645 einpetoosehter
1859 567 2100 641 Besitzmeqer
2121 584 2146 627 s.

551 673 713 735 118165.

550 861 609 941 (O.)
629 858 644 938 l
664 859 704 924 ln
725 862 857 926 nomine
880 869 1014 924 sanctae
1035 869 1068 923 et
1089 858 1278 923 individuae
1305 859 1470 924 trinitatis.
1516 858 1595 924 Otto
1619 860 1670 925 dei
1692 864 1804 946 gratia
1827 885 1912 928 rex.
2032 860 2146 926 Nove-

448 965 512 1027 rint
536 985 647 1027 omnes
669 962 782 1028 fideles
805 965 839 1028 in
862 963 990 1028 Christo
1014 972 1202 1048 praesentes
1225 962 1350 1027 scilicet
1379 973 1411 1027 et
1438 964 1554 1046 futuri,
1577 964 1591 1044 1
1613 966 1750 1050 qualiter
1772 989 1842 1033 nos
1869 989 1963 1032 cum
1989 965 2150 1052 quodam

447 1065 543 1130 nobis
566 1066 685 1132 dilecto
708 1067 851 1131 vassallo
874 1067 997 1151 Billing
1018 1078 1207 1153 nuncupato
1231 1067 1439 1152 praediorum
1460 1069 1597 1134 fecimus
1620 1074 1955 1154 commutationem,
1984 1094 2031 1136 ea
2055 1071 2183 1134 vide-5

446 1169 524 1233 licet
551 1175 610 1235 τό*
637 1181 673 1235 ut
699 1173 770 1256 ipse
792 1194 812 1235 a
834 1171 930 1236 nobis
953 1181 1084 1236 nostrae
1110 1173 1318 1257 proprietatis
1343 1171 1418 1237 loca
1445 1195 1583 1258 quomm
1605 1177 1737 1238 nomina
1762 1176 2031 1258 subnotantur,
2058 1177 2151 1239 acci-

448 1283 554 1357 peret,
585 1273 619 1337 id
642 1286 691 1339 est
714 1274 853 1340 Ozmina
875 1297 1022 1340 marcam
1044 1298 1118 1341 cum
1142 1274 1269 1339 duobus
1291 1275 1374 1339 lucis
1397 1297 1535 1360 quorum
1556 1299 1641 1343 unus
1670 1278 1754 1341 infra
1784 1280 1907 1363 ipsius
1937 1278 2150 1361 confinium,

448 1375 529 1440 alter
550 1375 654 1442 verob
684 1389 778 1443 extra
808 1380 889 1443 situs
915 1378 1058 1460 videtur,
1092 1387 1125 1441 et
1146 1377 1269 1442 'Parata
1291 1400 1436 1442 marcam
1458 1400 1533 1444 cum
1556 1379 1690 1445 castello
1715 1379 1890 1445 Grodista
1918 1391 1960 1446 et
1986 1381 2150 1446 Thobra-

447 1501 528 1562 gora
550 1502 704 1563 maroam,
728 1480 899 1546 Steinbeki
923 1503 1051 1567 quoque
1074 1478 1163 1566 quod
1185 1489 1235 1544 est
1256 1482 1290 1544 in
1308 1479 1487 1565 Schidinga
1509 1503 1630 1564 marca,
1654 1488 1719 1548 una
1741 1505 1823 1548 cum
1852 1483 1955 1548 silva
1983 1507 2082 1571 quae
2106 1507 2150 1548 ex

447 1583 520 1667 ipsa
542 1581 721 1666 Schidinga
743 1605 855 1648 marca
878 1582 921 1647 ad
943 1582 1146 1669 praedictum
1170 1582 1337 1648 Steinbeki
1361 1583 1597 1668 comprehensa
1625 1594 1674 1648 est
1703 1596 1805 1671 atque
1841 1588 2071 1670 coniuncta,
2105 1586 2150 1650 ad
2169 1601 2197 1649 ιο

368 1743 371 1750 .
446 1684 527 1748 haec
557 1687 653 1750 etiam
683 1686 854 1751 Brehstedi
883 1708 1030 1752 marcam
1052 1695 1084 1750 et
1105 1686 1215 1771 Vpina
1243 1708 1404 1768 marcam,
1438 1689 1471 1749 in
1502 1689 1634 1772 pascuis
1663 1690 1749 1772 agris
1781 1689 1893 1754 cultis
1930 1701 1971 1754 et
2004 1690 2150 1755 incultis

446 1790 540 1872 aquis
574 1811 796 1874 aquarumque
830 1789 1022 1855 decursibus
1055 1799 1153 1875 atque
1188 1789 1339 1855 omnibus
1369 1788 1413 1853 ad
1441 1790 1611 1874 praedicta
1639 1792 1894 1876 pertinentibus
1936 1793 2047 1877 loca,
2085 1818 2149 1858 nos

446 1901 556 1955 autem
574 1894 652 1955 ista:
676 1892 894 1976 Dasingerod,
917 1892 1141 1957 Hitdeshuson
1158 1903 1190 1956 et
1205 1892 1337 1974 Heristi,
1361 1915 1436 1957 cum
1452 1893 1602 1958 omnibus
1620 1893 1762 1959 adhaec
1787 1895 1876 1959 loca
1902 1899 2149 1963 attinentibus

446 2004 559 2058 mutuo
589 1994 792 2059 haberemus.
836 1995 883 2059 Ut
906 2005 1015 2060 autem
1036 1998 1107 2080 ipsu
1132 1995 1399 2061 concambiorum
1421 1998 1648 2061 convenientia
1675 1997 1771 2062 firma
1800 1999 2049 2088 infractaque
2074 2024 2149 2088 per-

446 2118 576 2160 manere
598 2096 722 2180 valeat,
746 2120 900 2184 praesens
922 2109 1133 2183 praeceptum
1155 2099 1225 2164 fieri
1248 2101 1401 2165 iussimus
1421 2103 1619 2196 propriaque
1642 2124 1739 2166 manu
1763 2102 2046 2171 roboravimus.
2166 2119 2194 2166 15

549 2232 563 2313 1
585 2232 721 2318 Signum
744 2237 939 2300 serenissimi
963 2239 1049 2322 regis
1072 2237 1136 2317 (M.)
1162 2235 1339 2319 Ottonis.l

549 2335 563 2415 ᾔ
585 2337 757 2403 Liudolfus
773 2339 988 2404 cancellarius
1005 2338 1153 2404 advicem
1168 2340 1333 2405 Bnmonis
1349 2339 1625 2425 archicappellani
1640 2346 1835 2426 recognovi.
1853 2345 1870 2426 ᾖ
1890 2348 1961 2426 (SI.
1978 2349 2039 2428 D.)
2059 2349 2146 2429 (SR.)

548 2474 638 2538 Data
666 2493 713 2540 v1.
742 2475 808 2540 kal.
838 2475 895 2541 iul.
928 2498 1015 2540 anno
1050 2476 1233 2542 dominicae
1266 2477 1500 2541 incarnationis
1535 2491 1710 2561 ncccctn,
1744 2481 1844 2563 regni
1885 2505 1980 2546 vero
2023 2484 2144 2548 domni

331 2641 333 2652 ,
446 2574 578 2641 Ottonis
600 2595 676 2662 xv1,
699 2577 879 2644 indictione
903 2597 970 2660 vl13
996 2590 1107 2645 actum
1128 2578 1335 2663 Merseburg3
1357 2579 1503 2644 feliciter.

1224 2819 1309 2893 153.
2159 2861 2188 2907 20

326 3001 328 3005 ’
454 2972 534 3048 Otto
568 2974 729 3072 bestdtiqt
761 2973 831 3048 den
863 2974 1030 3048 Kldstern
1062 2971 1190 3048 Comei
1223 2972 1303 3045 aad
1335 2973 1503 3072 Hersord
1529 2974 1599 3047 den
1625 2975 1741 3048 Besitz
1774 2975 1846 3049 der
1875 2981 2067 3058 Kirchen
2095 3013 2141 3059 zu

444 3095 620 3193 Meppea,
655 3096 861 3194 Morsberp,
896 3094 1028 3167 Boane
1059 3094 1139 3166 aad
1170 3093 1313 3168 haina
1345 3095 1425 3167 aad
1457 3095 1515 3168 die
1538 3097 1763 3196 pelopentlich
1792 3097 1866 3172 der
1894 3099 2141 3206 Schendrmq

444 3215 560 3290 dieser
584 3215 745 3290 Kireheri
770 3215 993 3290 certicheaea
1023 3213 1217 3289 Vei-recha.
1632 3255 1820 3330 Meam
1846 3263 1923 3321 952
1949 3263 2034 3323 Jah'
2059 3271 2092 3326 χ,

548 3443 664 3517 Rospes
688 3441 798 3516 Gopiar
818 3460 875 3502 aas
896 3441 963 3500 dan
991 3446 1040 3501 17.
1064 3440 1117 3500 Jh.
1143 3458 1177 3513 p.
1202 3442 1264 3499 155
1293 3441 1335 3498 im
1356 3440 1383 3498 h.
1408 3441 1611 3500 &amsarehiv
1631 3460 1672 3500 ra
1693 3441 1849 3518 Morhury
1875 3445 1953 3527 (Ε).
1987 3487 2035 3494 -
2070 3453 2136 3512 Ab·

547 3547 654 3618 schrift
681 3565 737 3606 voa
764 3545 883 3605 Baadis
911 3561 968 3604 aas
997 3545 1049 3604 der
1076 3545 1166 3602 Mitte
1194 3543 1243 3602 des
1271 3546 1322 3604 18.
1347 3543 1399 3603 Jh.
1428 3546 1510 3604 eichst
1535 3546 1660 3605 hieihem
1681 3547 1766 3605 Focs.
1791 3548 1839 3604 im
1864 3551 1959 3614 herr⁸
1986 3555 2134 3617 Lapides-
2153 3569 2183 3616 ss

547 3651 742 3725 harpiarchio
768 3668 809 3708 eu
836 3647 1047 3718 Wolseezhhttel
1075 3645 1143 3726 (F).
1175 3681 1217 3689 —
1246 3647 1393 3720 Spilehers
1420 3647 1676 3721 Diplomotarium
1701 3649 1968 3716 Podorhomense
1999 3678 2073 3718 vom
2098 3662 2132 3721 J,

546 3757 631 3815 1824
654 3754 712 3813 Bd.
730 3757 773 3813 17
789 3769 823 3826 p.
839 3755 905 3813 297
926 3754 960 3810 in
981 3750 1035 3810 der
1051 3749 1219 3809 Bibliotheh
1240 3750 1290 3810 des
1312 3751 1379 3810 hist.
1402 3751 1520 3812 Vereins
1543 3751 1599 3822 fhr
1619 3751 1858 3814 rhetoricae„
1881 3775 1929 3817 aa
1956 3761 2134 3824 Harnooer

545 3875 603 3918 aas
626 3858 659 3918 Ε
678 3854 742 3936 (G).
2173 3855 2179 3862 ’

546 3994 675 4069 &omps
692 3995 768 4055 Aeto
789 3994 867 4054 iaed.
893 3999 913 4054 7
934 3999 969 4051 a⁰
991 3995 1011 4052 6
1039 4008 1096 4052 aaa
1118 3991 1156 4050 F.
1179 4024 1222 4036 —
1247 3991 1393 4054 wemma
1415 3993 1520 4064 Wesif.
1542 3995 1614 4055 ΚΠ.
1636 3999 1667 4066 2,
1689 3997 1733 4055 38
1753 4001 1790 4052 a⁰
1813 4000 1861 4058 78
1885 3999 1962 4078 (oyi.
1985 4023 2025 4079 p.
2051 4006 2131 4085 405)

545 4116 602 4159 aas
624 4097 723 4158 EFG.
749 4131 785 4140 -
812 4094 940 4169 &omps
958 4097 1030 4170 Rea.
1054 4099 1127 4156 213.
1518 4113 1526 4122 ·
2146 4125 2178 4172 ao

544 4235 604 4295 Die
631 4237 730 4310 Froqe
756 4237 910 4296 irwieweit
939 4235 988 4294 die
1014 4234 1197 4294 aahlreiehea
1222 4249 1288 4294 vera
1312 4235 1498 4309 Zehhtheeuq
1519 4234 1703 4293 Mndebsdea
1723 4233 1794 4292 DD.
1820 4235 1884 4306 fiir
1910 4239 2030 4304 Oorvei
2062 4246 2129 4305 und

425 4403 428 4408 ,
545 4338 680 4411 Herford
698 4339 907 4414 ybahwhrdiq
929 4339 998 4398 sind
1020 4338 1091 4397 oder
1110 4339 1205 4408 nicia,
1237 4339 1276 4397 ist
1297 4339 1370 4396 noch
1390 4339 1471 4397 nicht
1492 4338 1666 4412 spruchreif
1683 4338 1747 4397 aad
1767 4339 1855 4398 kaim
1879 4347 1969 4406 auch
1994 4367 2041 4408 aa
2063 4351 2128 4410 dte-

529 4460 606 4503 ·sem
631 4443 700 4504 Orte
726 4445 807 4503 reiciet
836 4442 1029 4516 erschopfend
1054 4446 1177 4501 erodere
1199 4441 1322 4502 wadon.
1366 4443 1410 4502 Es
1428 4447 1543 4516 pereat
1571 4444 1636 4502 hier
1662 4443 1825 4516 diejeniqen
1857 4425 2127 4527 Anhatespunme

544 4547 600 4618 far
622 4548 669 4606 die
689 4547 906 4620 Beartheiianq
928 4546 978 4606 des
1001 4549 1086 4605 eirea
1108 4547 1229 4607 Sthches
1251 4545 1444 4606 doreahieten
1465 4547 1567 4606 wdehe
1588 4548 1650 4605 sich
1672 4548 1823 4606 eiaerseits
1849 4567 1914 4612 aas
1939 4559 2052 4616 seim
2064 4559 2125 4619 Be·

544 4651 732 4722 scleoffenheit
753 4651 817 4710 mid
839 4668 896 4709 aus
923 4649 975 4709 der
1001 4650 1208 4725 Vcrylcichary
1235 4652 1290 4709 mit
1319 4651 1449 4710 anderen
1473 4649 1660 4710 Ottoaisehca
1686 4650 1854 4710 Urhanden
1886 4661 2027 4730 eryehm
2057 4665 2126 4722 aad
2143 4675 2174 4723 3⁵

545 4754 742 4814 andererseits
763 4771 820 4814 aas
843 4754 895 4813 der
916 4753 1113 4828 Feststelhmy
1141 4754 1192 4814 dee
1220 4754 1431 4834 Verhhltnissee
1455 4773 1496 4812 ea
1518 4753 1662 4824 fatherea
1682 4753 1746 4811 aad
1766 4757 1921 4825 sperem»
1945 4763 2124 4840 &saepem

541 4856 668 4930 yleicher
689 4857 895 4931 Bestimriary
922 4857 987 4915 aad
1010 4855 1140 4930 yleichen
1166 4859 1291 4919 Iriiialts.
1319 4893 1361 4902 -—
1392 4858 1446 4917 Ale
1472 4858 1536 4918 VU.
1566 4859 1647 4916 horn
1667 4875 1728 4916 rme
1749 4856 1805 4916 das
1828 4859 1874 4922 D.
1902 4861 2048 4944 Lfflmy
2072 4872 2124 4931 des

544 4958 713 5021 Deatschea
734 4961 863 5020 thmer
884 4961 955 5034 Req.
979 4960 1055 5019 Kar.
1080 4963 1143 5022 768
1164 4963 1197 5020 ia
1219 4963 1358 5022 Betracht
1380 4963 1522 5032 hemam
1547 4962 1665 5022 welches
1687 4961 1733 5020 ioh
1753 4961 1787 5017 ia
1810 4961 1917 5027 Beitr.
1943 4989 2011 5031 eur
2033 4975 2122 5049 Dipl.

545 5068 575 5133 1,
591 5067 654 5124 389
678 5063 722 5123 als
744 5065 912 5138 interpolet
934 5064 1096 5123 heeeichnrt
1118 5065 1204 5136 hatte,
1229 5067 1346 5126 welches
1366 5065 1512 5126 Wilmans
1530 5064 1660 5139 dapeyer
1673 5066 1706 5123 ih
1723 5063 1831 5134 Westf.
1849 5065 1890 5125 K
1892 5069 1931 5130 U.
1951 5079 1985 5144 1,
2005 5079 2122 5150 12211

545 5169 655 5227 seiheri
680 5185 798 5242 ponaer
826 5168 990 5229 Wmhiuee
1016 5170 1092 5227 rach
1118 5169 1163 5228 als
1191 5171 1251 5229 echi
1279 5189 1320 5228 ru
1340 5169 1536 5243 oestheidipen
1558 5171 1690 5228 eiersaeht
1711 5169 1769 5226 hot.
1817 5167 1909 5230 Aher
1929 5181 2054 5249 yerade
2077 5183 2124 5242 015
2141 5193 2173 5239 ιο

545 5271 753 5346 Noeihihdarq
781 5272 878 5332 dieser
904 5273 968 5333 VU.
999 5271 1154 5331 hetrochiet
1183 5274 1263 5331 weist
1292 5271 1359 5332 DO.
1384 5274 1447 5331 153
1476 5289 1509 5330 so
1535 5271 1607 5330 ciete
1634 5271 1697 5330 eard
1721 5285 1793 5327 eam
1821 5272 1918 5333 Theil
1951 5297 1991 5340 so
2020 5285 2125 5344 stara-2

544 5373 651 5432 Fehler
671 5373 739 5445 aas,
763 5375 833 5434 dass
854 5377 917 5434 hier
939 5375 1011 5433 alles
1033 5391 1094 5433 was
1117 5377 1172 5433 wir
1193 5379 1274 5434 emisi
1296 5393 1352 5434 sion
1371 5373 1613 5444 Uaheholserheit
1634 5373 1698 5433 aad
1723 5370 2046 5455 Godanlwnlnsiqkeit
2069 5388 2125 5446 (ιθ,

544 5477 713 5552 dorsalipea
739 5478 914 5538 Didotorea
944 5479 1125 5538 hochweisen
1152 5479 1283 5550 merea,
1317 5479 1390 5537 hodi
1414 5478 1573 5536 *chetaei
1600 5477 1747 5537 escham.
1793 5474 1860 5536 Die
1893 5481 2125 5564 Beeeicheianp

529 5660 586 5715 1⁵2.
614 5661 722 5731 [Siclrel]
826 5663 853 5730 a)
872 5663 896 5714 A
913 5669 974 5715 stott
991 5665 1093 5715 ratione
1197 5667 1225 5728 b)
1243 5682 1290 5716 ver
1307 5663 1360 5728 ores
1371 5664 1467 5716 lim.
