4560 6420
1043 408 1495 468 KAISERURKUNDEN.

543 598 713 657 Braadosb.
739 604 764 668 Ι,
786 603 818 669 2,
842 601 903 658 435
926 603 1001 656 n⁰1
1031 614 1088 656 aas
1116 594 1238 654 Hooclt.
1267 594 1431 653 Haustuct
1458 611 1523 652 vom
1551 593 1584 653 J.
1608 597 1692 654 1720
1723 591 1772 672 ().
1806 627 1848 636 -
1877 593 2011 666 Ebelinq
2040 591 2103 651 Dia

544 702 702 760 deutschen
716 701 858 772 Bischofe
879 698 1015 778 (Lapsa
1032 698 1127 776 1858)
1149 706 1178 770 1,
1204 701 1265 758 475
1289 715 1345 757 aus
1368 697 1532 757 desselben
1545 698 1718 757 Haustach.
1734 730 1777 741 —
1798 699 1917 770 Wiqpcr
1931 696 2099 756 Mecklmb.

542 807 621 864 Anu.
645 804 805 883 (Schweria
828 802 924 883 1860)
946 808 985 863 81
1010 820 1067 862 cus
1090 805 1131 862 bc.
1161 837 1202 846 -
1230 803 1409 862 Hosscltoch
1433 802 1495 862 01).
1518 803 1714 860 Paraetoniae
1739 805 1833 860 171(ο
1856 805 1875 860 6
1897 819 1955 860 cus
1979 801 2098 860 Hausb.

543 929 609 969 uma
625 911 657 969 J.
674 913 759 970 1720
781 908 846 966 eard
860 926 889 966 o.
912 940 954 950 —
976 907 1136 966 Mechlent.
1158 907 1222 966 UB.
1243 911 1272 977 1,
1296 909 1337 965 16
1359 912 1394 964 u⁰
1409 909 1450 965 14
1472 922 1530 963 aas
1551 907 1605 963 abc
1627 927 1666 957 =
1690 905 1875 964 Hauunanu
1893 903 2097 964 (11111111.

543 1020 573 1084 1,
598 1017 639 1072 13
660 1017 695 1070 (ιθ
717 1016 768 1071 18.
798 1044 840 1053 -
862 1011 991 1069 Βῠὴηιεν
1012 1011 1084 1084 Ray.
1108 1013 1182 1072 136.
1205 1042 1248 1053 -
1270 1006 1398 1081 Stamps
1415 1009 1487 1083 ch.
1510 1011 1583 1068 133.
2116 1013 2133 1060 0

545 1175 765 1250 Moqdeharyer
785 1174 898 1234 Dictat.

640 1409 678 1471 In
694 1409 824 1471 nomine
841 1417 975 1470 sanctem
991 1416 1023 1469 et
1038 1405 1226 1469 individuae
1242 1406 1404 1468 trinitatis.
1429 1403 1525 1470 Oddo
1542 1405 1653 1468 divina
1668 1405 1838 1469 clementia
1853 1427 1925 1468 rex.
2008 1403 2098 1484 Quo·

443 1515 531 1576 niam
554 1511 655 1576 cultui
678 1508 863 1574 Christiano
886 1507 1137 1594 amplificandae
1160 1506 1235 1571 fidei
1260 1507 1394 1591 dignum
1416 1517 1482 1589 est,
1516 1518 1552 1572 ut
1579 1507 1793 1572 adhibeamus
1824 1529 1959 1592 operam
1989 1505 2097 1572 solum

443 1615 534 1679 illum
556 1636 635 1700 prae
659 1613 761 1678 oculis
783 1612 941 1677 habentes
966 1614 1020 1698 qui
1042 1611 1167 1677 nullum
1189 1613 1313 1678 bonum
1335 1614 1603 1676 irremuneratum
1632 1609 1780 1692 dimittit,
1810 1609 1961 1676 consultu
1991 1620 2024 1674 et
2050 1611 2098 1673 in-

443 1718 544 1782 ductu
573 1715 682 1780 dilecti
710 1714 806 1780 nobis
834 1714 1030 1778 venerabilis
1059 1714 1219 1800 praesulis
1242 1715 1360 1778 Marini
1387 1714 1487 1798 legati
1509 1714 1668 1778 ecclesiae
1690 1715 1857 1779 Romanae
1880 1723 1913 1776 et
1935 1710 2146 1776 Friderici1o

442 1821 679 1905 archiepiscopi
703 1829 735 1882 et
756 1818 894 1882 aliorum
917 1820 1146 1903 episcoporum
1169 1815 1201 1882 et
1223 1818 1331 1881 fratris
1351 1821 1453 1882 nostri
1472 1818 1634 1883 Brunonis
1656 1839 1717 1882 nec
1739 1840 1805 1882 non
1821 1815 1963 1881 Geronis
1987 1815 2098 1880 dilecti
2167 1835 2185 1872 ο

443 1923 535 1988 ducis
564 1933 596 1986 et
625 1921 822 1986 marchionis
851 1923 970 2002 nostri,
1005 1923 1038 1984 in
1066 1930 1173 1985 castro
1207 1920 1395 2005 Havelberg
1423 1923 1456 1985 in
1485 1920 1630 1985 marchia
1659 1919 1746 1984 illius
1775 1920 1836 1984 sito
1870 1921 1905 1982 in
1935 1918 2098 1983 honorem

442 2026 565 2092 domini
595 2025 767 2090 salvatoris
795 2026 871 2089 Iesu
894 2022 1012 2088 Christi
1037 2033 1069 2087 et
1091 2023 1207 2087 beatae
1230 2023 1354 2088 Mariae
1382 2026 1555 2108 genetricis
1580 2026 1649 2088 eius
1677 2022 1899 2110 episcopalem
1927 2026 2097 2088 constitui·

441 2153 513 2194 mus
537 2129 657 2210 sedem,
681 2128 906 2213 praeficientes
930 2129 959 2191 ei
975 2126 1195 2191 venerabilem
1217 2138 1251 2191 et
1271 2127 1462 2211 religiosum
1484 2128 1668 2212 praesulem
1685 2126 1866 2208 Oudonem,
1889 2127 2096 2191 conferentes

442 2245 474 2298 et
497 2233 656 2299 donantes
679 2232 719 2296 de
742 2243 854 2296 nostra
877 2233 1074 2317 proprietate
1096 2232 1126 2293 ei
1149 2241 1181 2294 et
1203 2232 1362 2296 ecclesiae
1385 2231 1564 2298 cathedrali
1587 2231 1709 2296 ibidem
1727 2231 1827 2296 abeo
1846 2229 2096 2296 constituendae
2115 2251 2145 2296 15

442 2334 650 2400 medietatem
672 2337 771 2399 castri
794 2346 827 2398 et
849 2335 991 2398 civitatis
1014 2332 1203 2416 Havelberg
1225 2343 1257 2396 et
1279 2332 1486 2399 medietatem
1510 2336 1654 2398 omnium
1675 2333 1827 2398 villarum
1856 2332 1934 2397 illuc
1957 2335 2097 2396 attinen-

442 2441 540 2520 tium,
569 2449 601 2502 et
629 2449 773 2502 castrum
796 2447 828 2502 et
850 2439 966 2502 civitas
995 2437 1057 2499 sita
1080 2444 1130 2498 est
1151 2436 1184 2498 in
1208 2437 1378 2520 provincia
1400 2436 1574 2502 Nieletitzi.
1617 2434 1790 2508 Donamus
1812 2437 1912 2500 etiam
1934 2433 2042 2498 eidem
2066 2445 2098 2498 et

442 2564 521 2605 suae
544 2540 702 2604 ecclesiae
725 2543 758 2604 in
781 2538 897 2604 eadem
918 2539 1088 2624 provincia
1111 2537 1227 2602 Nizem
1250 2542 1417 2605 civitatem
1440 2564 1516 2605 cum
1543 2540 1693 2606 omnibus
1723 2539 1918 2606 utilitatibus
1948 2541 2033 2622 suis,
2064 2540 2097 2601 in

441 2645 611 2729 provincia
634 2643 778 2707 Zemzici
802 2644 883 2707 duas
905 2642 1000 2707 villas
1023 2644 1057 2706 in
1079 2641 1252 2727 Mallinga,
1287 2646 1373 2709 Burri
1396 2657 1429 2710 et
1452 2645 1616 2730 Orogaviz
1639 2657 1671 2710 et
1694 2645 1863 2710 dimidium
1886 2642 1990 2710 silvae
2013 2666 2097 2729 quae

441 2746 561 2812 dicitur
582 2747 678 2811 Porci
702 2769 776 2811 cum
799 2745 885 2810 villis
914 2747 947 2809 in
975 2768 1013 2809 ea
1041 2744 1146 2810 cultis
1168 2757 1200 2810 et
1229 2748 1390 2831 colendis,
1426 2751 1461 2813 in
1489 2750 1658 2835 provincia
1685 2750 1809 2813 Liezizi
1838 2747 2098 2812 Marienborch⁸
2115 2765 2146 2811 ao

441 2862 585 2915 castrum
614 2873 689 2914 cum
717 2849 767 2913 lu's
794 2849 1021 2915 adiacentibus
1044 2852 1148 2917 villis:
1182 2851 1367 2937 Priecipini,
1390 2853 1546 2936 Rozmoc,
1570 2849 1688 2930 Cotini,
1712 2853 1894 2934 Virslrroiz,
1916 2852 2097 2932 Niecurim,

441 2952 588 3033 Milcuni,
612 2952 735 3034 Moliri,
758 2952 920 3034 Rabbuni,
943 2953 1128 3040 Priecipini,
1152 2955 1303 3035 Podesal,
1327 2955 1458 3038 Ludini,
1481 2958 1515 3020 in
1538 2958 1709 3041 provincia
1731 2952 1884 3040 Mirrtgal’
1908 2972 1984 3018 xxx
2007 2976 2099 3018 man·

442 3079 497 3122 sos
519 3060 554 3121 in
575 3058 626 3121 his
648 3055 751 3120 villis:
787 3057 1026 3140 Mintesbusini,
1050 3057 1256 3142 Hagerstedi,
1280 3057 1448 3142 Aertbuni,
1472 3058 1672 3140 Aieestoum,
1701 3062 1734 3123 in
1756 3059 1834 3122 villa
1863 3081 1947 3144 quae
1979 3058 2099 3122 dieitur

441 3160 558 3226 Robeli
581 3178 618 3223 vr
641 3182 785 3241 mansos,
808 3162 842 3224 in
865 3163 1037 3246 provincia
1053 3159 1191 3226 Chorice
1206 3161 1280 3226 Plot
1302 3163 1469 3227 civitatem
1491 3173 1595 3228 totam
1618 3185 1693 3228 cum
1714 3161 1907 3227 burcwardo
1921 3171 1942 3244 ⁰,
1967 3163 2000 3226 in
2023 3183 2098 3246 pro·

441 3265 552 3327 vincia
575 3262 709 3327 Desseri
732 3263 876 3328 Wizoka
904 3267 1071 3330 civitatem
1100 3289 1175 3331 cum
1206 3267 1293 3330 onmi
1324 3265 1517 3330 burcwardo
1530 3276 1551 3348 ⁰,
1585 3265 1788 3331 Pochlustim
1819 3267 1988 3329 civitatem
2021 3287 2097 3329 cum
2115 3277 2146 3323 aa

440 3367 635 3432 burcwardo
649 3377 670 3450 ⁰,
705 3367 867 3433 decimam
888 3369 1000 3434 tributi
1024 3393 1107 3456 quae
1128 3369 1225 3434 nobis
1250 3369 1386 3435 solvitur
1408 3369 1448 3434 de
1471 3369 1646 3451 Radewer,
1678 3368 1838 3434 decimam
1861 3369 1962 3432 etiam
1984 3367 2097 3433 tributi

443 3493 527 3556 quae
546 3471 640 3536 nobis
656 3471 792 3536 debetm·
807 3472 847 3536 de
862 3474 1007 3538 inferiori
1024 3474 1180 3540 marchia.
1214 3473 1387 3537 Praeterea
1410 3472 1697 3538 determinavimus
1719 3474 1987 3557 praenominatae
2011 3471 2098 3536 sedis

441 3575 618 3660 parochiae
647 3574 793 3640 decimas
822 3577 957 3641 istarum
986 3579 1229 3662 provinciarum
1257 3576 1343 3639 infra
1377 3599 1453 3640 suos
1483 3576 1602 3640 limites
1636 3577 1903 3640 consistentium:
1938 3574 2097 3659 Zemzizi,

440 3677 576 3759 Liezizi,
599 3678 753 3761 Nielitizi,
777 3679 921 3762 Desseri,
944 3680 1106 3765 Linagga,
1129 3681 1276 3762 Murizzi,
1300 3680 1457 3762 Tholenz,
1476 3678 1582 3763 Ploth,
1599 3679 1750 3760 Miserez,
1766 3679 1923 3760 Brotwin,
1939 3677 2096 3762 Wanzlo,

441 3780 576 3844 Wosze.
621 3782 811 3847 Terminum
832 3805 911 3847 vero
935 3782 1041 3848 eidem
1064 3784 1240 3868 parochiae
1262 3785 1489 3849 constituimus
1511 3782 1555 3847 ab
1579 3794 1651 3848 ortu
1673 3783 1764 3848 fluvii
1788 3785 1842 3869 qui
1865 3782 1987 3848 dicitur
2008 3784 2097 3848 Pene
2114 3801 2147 3848 so

440 3885 485 3949 ad
514 3888 686 3967 orientem,
721 3886 777 3951 ubi
801 3886 887 3951 idem
908 3887 1028 3952 fluvius
1051 3890 1149 3952 intrat
1171 3910 1276 3970 mare,
1310 3887 1351 3951 ab
1376 3896 1449 3951 ortu
1470 3909 1548 3951 vero
1570 3887 1713 3952 fluminis
1741 3887 1828 3972 quod
1856 3885 1977 3951 dicitur
1998 3886 2097 3952 Eldia

440 3989 485 4053 ad
515 3988 736 4072 occidentem,
769 3989 826 4055 ubi
848 3989 936 4055 idem
957 3991 1078 4056 flumen
1101 3991 1207 4056 influit
1229 3993 1263 4055 in
1286 3990 1435 4072 Albiam,
1458 3989 1501 4054 ab
1524 3990 1677 4076 aquilone
1699 4012 1788 4054 mare
1810 3990 2054 4074 Rugianorum,
2076 4014 2097 4055 a

441 4091 575 4156 meridie
604 4091 769 4156 Strumma
796 4092 916 4157 fluvius
945 4104 977 4157 et
1004 4094 1078 4157 finis
1110 4093 1352 4178 praedictarum
1382 4095 1634 4179 provinciarum.
1679 4093 1895 4158 Decernimus
1924 4095 2035 4179 itaque
2065 4105 2098 4158 et

441 4196 543 4280 regali
566 4204 679 4260 nostra
701 4197 896 4260 auctoritate
919 4198 1100 4278 sancimus,
1135 4207 1171 4261 ut
1199 4196 1308 4262 nullus
1336 4197 1656 4281 archiepiscoporum
1679 4206 1736 4260 aut
1758 4197 1991 4281 episcoporum
2012 4197 2099 4262 infra

442 4301 663 4385 praescriptos
686 4301 841 4364 terminos
864 4298 999 4385 aliquod
1021 4302 1070 4364 ius
1095 4300 1156 4364 sibi
1180 4322 1337 4385 usurpare
1360 4309 1562 4385 praesumat,
1599 4298 1658 4364 sed
1684 4301 1793 4364 omnia
1820 4298 1908 4366 dicto
1939 4302 2098 4386 episcopo
2117 4324 2149 4372 as

442 4402 700 4486 Havelbergensi
723 4413 755 4466 ct
777 4404 846 4466 eius
870 4402 1113 4467 successoribus
1136 4404 1316 4489 episcopali
1338 4406 1408 4468 iure
1437 4404 1627 4470 subiaceant
1654 4415 1722 4469 tam
1751 4406 1784 4468 in
1813 4404 1950 4469 decimis
1981 4405 2100 4471 dandis

442 4527 540 4590 quam
568 4508 602 4569 in
631 4504 704 4568 aliis
732 4527 816 4590 quae
846 4504 889 4568 ad
918 4503 1137 4570 Christianam
1173 4506 1280 4590 legem
1314 4518 1472 4593 spectant.
1517 4508 1560 4572 Et
1587 4517 1623 4571 ut
1651 4507 1733 4572 haec
1760 4516 1873 4571 nostra
1902 4507 2040 4574 traditio
2069 4521 2103 4574 ot

442 4607 575 4673 donatio
605 4607 798 4673 inconvulsa
827 4609 978 4673 firmitate
1006 4632 1064 4695 per
1093 4611 1203 4674 omnia
1232 4611 1475 4676 succedentium
1504 4622 1686 4696 temporum
1709 4608 1868 4676 cmrioula
1890 4625 2101 4696 permaneat,

441 4712 595 4775 iussimus
618 4710 706 4776 dicto
730 4713 886 4797 episcopo
910 4711 1042 4777 Oudoni
1064 4713 1127 4778 hoc
1150 4736 1305 4799 praesens
1328 4715 1491 4780 conscribi
1514 4714 1705 4780 mandatum
1726 4736 1825 4778 manu
1846 4725 1966 4781 nostra
1985 4718 2102 4784 subtus

440 4813 604 4879 firmatum
627 4826 660 4878 et
682 4815 779 4899 sigilli
801 4817 903 4880 nostri
927 4817 1140 4901 impressione
1162 4817 1363 4883 roboratum.
2121 4851 2154 4898 40

545 4977 682 5062 Signum
704 4978 827 5044 domini
852 4977 1000 5044 Oddonis
1026 4981 1091 5061 (Μ.)
1116 4983 1313 5047 serenissimi
1336 4984 1431 5066 repe.

547 5103 659 5190 (Ego)
683 5108 795 5172 Bruno
819 5108 1034 5174 cancellarius
1058 5109 1208 5175 advicem
1230 5109 1388 5176 Fritlerici
1411 5111 1665 5198 archicapellani
1687 5114 1873 5196 recognovi.

544 5267 634 5332 Data
656 5269 784 5334 ((11.1(1.
808 5273 884 5334 maii
908 5293 994 5336 anno
1024 5273 1259 5338 incarnationis
1290 5273 1473 5340 dominicae
1501 5291 1658 5338 ncnxuv1
1669 5274 1692 5358 ἃ,
1726 5274 1905 5340 indictione
1930 5295 1979 5362 11,
2017 5305 2112 5350 anno

441 5391 518 5433 vero
541 5373 634 5454 regni
657 5371 780 5436 dommi
804 5373 953 5439 Oddonis
976 5377 1181 5442 invictissimi
1204 5379 1290 5461 regis
1313 5395 1353 5459 x3
1376 5387 1485 5443 actum
1508 5376 1742 5463 Magdeburgi3
1763 5380 1798 5443 in
1818 5381 1956 5446 nomine
1977 5383 2115 5453 domini

441 5471 579 5538 feliciter
597 5496 711 5562 amen.
2114 5529 2168 5582 '45

544 5669 586 5724 71.
616 5671 773 5740 [Ottentlral]
878 5683 905 5736 a)
924 5677 1137 5729 Maricubocbrl
1242 5679 1271 5744 b)
1289 5679 1433 5747 umtyah
1528 5683 1554 5745 0)
1572 5681 1769 5732 111101πά1111
1864 5681 1892 5746 (1)
1913 5695 2061 5744 nxnxuvr
2081 5695 2118 5747 A,
