4538 6436
420 430 483 496 456
1021 435 1473 496 KAISERURKUNDEN.

421 638 504 688 fundo
527 637 608 687 Prata
629 637 721 685 unciae
744 639 804 695 tres,
833 649 866 683 ex
888 633 971 683 fundo
994 633 1141 700 Argaaiano
1165 635 1257 684 unciae
1281 639 1403 700 quatuor,
1427 650 1461 685 ex
1483 633 1565 684 fundo
1589 634 1737 684 Catoniano
1761 637 1853 685 unciae
1876 632 1944 684 duas
1966 635 1995 683 in
2019 647 2075 698 qno

423 747 463 792 εει
485 741 597 806 ecclesia
619 745 710 803 sancte
733 737 837 802 Sabine,
861 753 893 788 ει
916 737 999 786 fundo
1021 739 1121 788 Araura
1143 742 1236 790 unciae
1259 745 1380 804 quatuor,
1410 755 1442 789 ex
1465 739 1548 788 fundo
1571 739 1688 805 Agallari
1710 741 1803 789 uncias
1826 740 1900 802 duaa,
1931 755 1963 788 ει
1987 736 2076 787 fundo

422 846 563 894 Latiniano
586 844 679 892 uncias
702 841 782 902 duas,
805 857 838 891 ει
860 841 943 891 fundo
966 842 1095 893 Altariolo
1119 846 1212 894 unciae
1235 843 1314 905 duas,
1345 860 1377 894 ει
1401 843 1484 894 fundo
1507 843 1654 909 argasiano
1677 849 1730 894 tres
1753 851 1842 909 partes
1864 843 1897 894 de
1920 844 2016 902 uncia,
2040 857 2074 891 ει

422 948 506 998 fundo
528 948 667 998 Petiniano
691 948 783 996 uncias
806 945 880 1010 duas,
903 962 935 995 ει
958 946 1041 996 fundo
1061 931 1222 1012 Puptianok
1244 937 1336 997 unciae
1359 953 1481 1013 quatuor,
1505 964 1537 997 ει
1560 947 1643 998 fundo
1666 949 1818 998 Domitiano
1841 949 1934 996 unciae
1957 953 2076 1012 quatuor

422 1055 450 1101 in
473 1068 525 1118 quo
549 1056 589 1100 est
610 1050 723 1116 ccclesia
744 1051 828 1099 sancti
852 1048 986 1114 Stephani,
1010 1065 1042 1100 ει
1065 1051 1147 1100 fundo
1172 1051 1339 1116 crispiniano
1362 1054 1455 1102 uncias
1478 1058 1539 1115 tres,
1563 1069 1595 1104 ει
1613 1053 1695 1104 fundo
1714 1053 1850 1103 Cisiniano
1866 1053 1959 1102 uncias
1974 1067 2074 1100 novem
2095 1055 2111 1100 5

422 1156 450 1203 in
473 1169 526 1218 quo
549 1159 611 1203 sunt
633 1154 744 1218 ecclesie
767 1158 858 1218 sancte
881 1153 964 1218 Marie
988 1158 1014 1203 ει
1036 1155 1120 1203 sancti
1143 1154 1279 1218 Silueetri,
1309 1171 1341 1205 ει
1370 1155 1453 1206 fundo
1476 1157 1632 1209 Lucaniano
1657 1158 1761 1210 unciam
1783 1171 1862 1206 unam
1884 1143 1919 1206 in
1943 1163 2008 1226 quo
2033 1161 2075 1204 εει

423 1257 536 1323 ecclesia
558 1258 642 1306 sancti
665 1256 746 1318 Petri,
769 1273 802 1306 ει
825 1255 907 1305 fundo
930 1239 1069 1322 Βεςιιιιιο1

1092 1260 1185 1307 unciae
1208 1259 1282 1322 duas,
1309 1259 1421 1310 fundum
1444 1259 1621 1323 Ortisianum,
1645 1277 1677 1310 ει
1700 1259 1783 1310 fundo
1806 1259 1941 1323 Cipiriano
1965 1258 2074 1308 unciam

422 1377 502 1410 unam
525 1348 558 1410 in
581 1368 644 1433 quo
669 1367 708 1410 εει
730 1361 844 1427 ecclesia
871 1363 955 1410 sancti
978 1361 1127 1425 Calistrati,
1161 1378 1194 1412 ει
1213 1355 1305 1412 'fundo
1334 1363 1470 1428 Beggiano
1483 1357 1503 1386 ¹²¹
1534 1365 1640 1412 unciam
1667 1379 1748 1414 unam
1777 1368 1803 1413 ει
1831 1363 1923 1425 semia,
1959 1359 2075 1410 fundum

423 1465 592 1527 Caelianum,
615 1465 726 1514 fundum
750 1459 908 1528 criptulas¹¹
932 1448 987 1513 ubi
1012 1459 1061 1514 εει
1083 1450 1223 1534 ccclesia
1246 1455 1351 1516 sancti
1374 1452 1539 1532 Iohannis,
1563 1453 1700 1518 fundum
1723 1453 1906 1535 Serranum,
1933 1450 2075 1516 fundum

421 1555 619 1618 Pontianum
647 1552 702 1617 ubi
733 1562 783 1617 εει
811 1553 951 1636 ecclesia
980 1556 1085 1619 sancti
1114 1555 1298 1640 Ualentini,
1333 1557 1470 1622 fundum
1491 1558 1684 1642 Borruculc,
1719 1573 1831 1623 fundum
1859 1570 2129 1632 Montanianum,10

422 1673 534 1722 fundum
557 1673 720 1722 Bebcianum
743 1673 771 1720 in
794 1687 846 1736 quo
870 1676 910 1722 εει
932 1671 1045 1737 ecclesia
1067 1677 1151 1724 sancti
1174 1675 1305 1739 Abundii,
1340 1691 1372 1726 ει
1396 1678 1478 1728 fundo
1501 1678 1648 1728 Lamniano
1671 1679 1764 1727 uncias
1787 1684 1846 1726 sex
1869 1661 1924 1724 ubi
1949 1670 1999 1724 est
2021 1681 2074 1743 qe·

423 1762 523 1827 clesia
547 1762 652 1825 sancti
675 1760 849 1846 Stephani,
884 1776 995 1826 fundum
1018 1777 1165 1827 Turianum
1186 1779 1215 1826 in
1238 1796 1290 1844 quo
1313 1785 1353 1829 ost
1375 1780 1488 1844 ecclesia
1510 1787 1600 1847 sancto
1623 1782 1721 1846 Maria,
1752 1781 1864 1830 fundum
1886 1778 2075 1840 Moriannlam,

424 1882 536 1932 fundum
558 1881 711 1930 Pollianum
732 1882 760 1928 in
782 1897 835 1945 quo
858 1885 899 1929 est
920 1881 1033 1945 ecclesia
1055 1884 1139 1932 sancti
1163 1881 1263 1946 Sabim,
1287 1901 1319 1934 ex
1341 1885 1424 1935 fundo
1447 1887 1619 1935 Monumento
1639 1877 1744 1949 Οιιρίε0
1768 1887 1860 1934 unciae
1883 1899 1937 1946 εει,
1960 1882 2074 1932 fundum

423 1977 620 2048 Terbilianurn,
648 2001 680 2034 ει
702 1983 785 2034 fundo
808 1983 949 2034 Pretorioli
972 1987 1064 2034 uncias
1087 2001 1147 2048 εει,
1181 2003 1214 2036 ει
1237 1988 1319 2038 fundo
1343 1987 1491 2039 Seruiliano
1515 1991 1607 2056 uncias
1630 2005 1675 2039 εει
1702 1990 1749 2038 ubi
1778 1995 1819 2038 εει
1845 1988 1959 2054 ccclesia
1987 1987 2074 2036 sancti

423 2092 532 2153 Antimi,
556 2106 588 2139 ex
603 2089 686 2139 fundo
702 2089 852 2139 Gabiniano
869 2090 962 2138 unciae
978 2097 1046 2158 sex,
1071 2107 1102 2140 ει
1125 2091 1208 2142 fundo
1226 2093 1377 2143 Labariano
1400 2095 1493 2144 uncias
1516 2101 1631 2159 quatuor
1652 2081 1685 2144 in
1710 2101 1774 2164 quo
1798 2099 1837 2144 εει
1859 2092 1972 2158 ecclesia
1987 2092 2074 2140 sancti
2096 2088 2127 2134 15

425 2195 558 2257 Gethulii,
591 2210 623 2244 ει
646 2193 729 2243 fundo
752 2193 900 2258 Beaginelli
924 2195 1017 2243 uncias
1039 2201 1165 2259 quatuor,
1199 2196 1311 2246 fundum
1334 2198 1474 2247 arrianum
1497 2200 1524 2248 in
1547 2215 1599 2264 quo
1623 2205 1663 2249 εει
1685 2199 1798 2265 ecclesia
1820 2199 1903 2248 sancti
1926 2197 2076 2257 Laurentii,

426 2315 458 2349 ει
480 2298 563 2348 fundo
586 2297 711 2348 Tulliano
734 2299 828 2348 uncias
851 2313 896 2347 εει
919 2284 953 2346 in
976 2305 1039 2368 quo
1069 2305 1109 2348 εει
1132 2299 1245 2364 ecclesia
1268 2303 1352 2351 sancti
1374 2301 1524 2364 Ualentini,
1557 2285 1695 2351 fundum
1717 2285 1899 2367 Anianum,
1935 2316 1968 2350 ει
1990 2298 2075 2348 fundo

425 2403 566 2453 Maeciano
590 2403 683 2451 uncias
705 2407 766 2464 tres,
789 2400 902 2450 tandum
917 2401 1060 2450 Paternum
1083 2403 1111 2450 in
1134 2419 1186 2466 quo
1211 2409 1250 2452 εει
1268 2404 1380 2469 ecclesia
1395 2406 1479 2454 sancti
1494 2405 1640 2466 Ualentini,
1663 2389 1798 2453 fundum
1815 2385 1902 2452 Casa
1917 2387 2074 2469 Uictoris,

426 2522 458 2556 ει
481 2506 562 2555 fundo
586 2507 715 2556 Bassiano
738 2507 831 2555 uncias
854 2520 900 2554 εει
922 2505 951 2552 in
973 2521 1025 2569 quo
1049 2510 1089 2555 εει
1111 2505 1224 2571 ccclesia
1247 2509 1331 2556 sancti
1354 2508 1493 2572 Uictorini,
1517 2525 1549 2558 ει
1572 2508 1655 2559 fundo
1679 2508 1817 2558 Cossiiano
1840 2508 1933 2556 uncias
1957 2522 2003 2555 εει
2026 2506 2074 2554 ubi

426 2616 467 2660 εει
488 2610 601 2676 ecclesia
623 2611 707 2660 sancti
730 2611 836 2675 Cesigii,
860 2625 891 2660 ει
914 2609 997 2659 fundo
1020 2609 1164 2659 Auriclano
1187 2613 1280 2662 unciae
1303 2628 1348 2662 εει
1371 2613 1418 2662 ubi
1441 2618 1482 2662 est
1503 2611 1616 2677 ecclesia
1639 2613 1723 2661 saucti
1745 2612 1825 2673 Petri,
1851 2627 1883 2661 ει
1905 2609 1989 2660 fundo
2014 2609 2075 2658 Sili·
2094 2611 2129 2658 20

425 2716 498 2781 glani
521 2717 614 2765 unciae
636 2720 689 2765 tres
712 2715 758 2764 ubi
782 2719 822 2764 εει
844 2713 957 2779 ecclesia
980 2716 1064 2764 sancti
1086 2714 1189 2780 Angeli,
1213 2731 1245 2765 ει
1268 2717 1350 2766 fundo
1374 2717 1509 2766 Graniano
1531 2718 1637 2766 unciam
1660 2731 1748 2778 unam,
1772 2715 1883 2764 fundum
1907 2715 2075 2780 Mignianum

425 2820 453 2867 in
475 2835 527 2884 quo
551 2825 590 2869 εει
613 2819 726 2885 ecclesia
748 2824 839 2883 sancte
861 2817 977 2883 Helene,
1006 2817 1117 2867 fundum
1140 2818 1296 2869 Mallianum
1319 2821 1346 2870 in
1370 2837 1422 2886 quo
1445 2827 1485 2871 est
1507 2820 1620 2886 ecclesia
1642 2821 1727 2869 nancti
1749 2795 1912 2881 quenaliss
1934 2835 1966 2868 ει
1990 2819 2075 2868 fundo

425 2922 545 2972 Anoiuno
568 2925 661 2972 uncias
684 2938 730 2972 εει
753 2923 799 2972 ubi
823 2927 862 2971 εει
886 2922 999 2987 ecclesia
1021 2924 1105 2971 sancti
1122 2923 1201 2985 Petri,
1226 2939 1258 2972 ει
1281 2923 1364 2973 fundo
1387 2924 1452 2972 Ioue
1475 2924 1568 2972 unciae
1590 2939 1644 2984 εει,
1668 2938 1700 2972 ει
1719 2922 1801 2971 fundo
1817 2921 1964 2971 Pretoriolo
1980 2923 2076 2970 uncias

426 3041 472 3075 εει
500 3026 549 3075 ubi
577 3031 617 3076 est
646 3026 759 3091 ecclesia
787 3026 871 3075 nancti
900 3024 1063 3088 Sebastiam,
1098 3042 1131 3076 ex
1159 3027 1242 3077 fundo
1266 3027 1398 3076 Husiiano
1421 3028 1467 3092 qui
1490 3032 1516 3076 ει
1538 3026 1662 3075 Hilianus
1685 3043 1701 3073 ε
1724 3027 1816 3075 unciae
1839 3041 1885 3075 εει
1907 3027 1935 3074 in
1958 3041 2011 3090 quo
2035 3031 2077 3074 εει

426 3129 539 3194 ecclesia
560 3135 651 3195 nancte
672 3129 829 3194 Anatholie,
858 3145 890 3178 ει
918 3128 1001 3178 fundo
1024 3124 1187 3194 Feclinulel'
1216 3131 1309 3180 uncias
1332 3146 1377 3180 εει
1400 3131 1446 3179 ubi
1470 3135 1509 3180 εει
1531 3130 1644 3195 ccclesia
1667 3133 1757 3194 sancte
1779 3129 1910 3194 Uictorie,
1935 3143 1967 3177 ει
1990 3128 2075 3177 fundo
2095 3131 2129 3176 25

426 3233 540 3283 Paterno
563 3235 657 3283 unciae
680 3239 739 3281 sex
762 3234 808 3282 ubi
832 3239 872 3282 εει
894 3233 1007 3298 ecclesia
1029 3235 1113 3282 sancti
1136 3232 1268 3282 Uictorini
1290 3251 1319 3297 a,
1343 3250 1375 3283 ει
1398 3234 1480 3284 fundo
1499 3233 1616 3284 Salliano
1640 3235 1733 3283 uncias
1756 3239 1808 3283 tres
1831 3233 1878 3282 ubi
1900 3237 1941 3282 εει
1962 3232 2077 3298 ecclesia

426 3337 511 3386 sancti
533 3337 650 3400 Martini,
674 3351 706 3386 ει
729 3336 812 3386 fundo
835 3337 970 3386 Coriliano
993 3338 1086 3386 unciae
1110 3343 1171 3400 tros,
1193 3339 1305 3388 fundum
1328 3339 1472 3388 Perianum
1495 3340 1523 3387 in
1546 3355 1599 3403 quo
1622 3344 1662 3388 εει
1684 3338 1797 3404 ecclesia
1819 3338 1903 3386 sancti
1926 3336 2076 3398 Tholomei,

347 3443 349 3449 ⁴
426 3455 458 3490 ει
481 3439 564 3489 fundo
587 3441 705 3490 Lusiano
733 3441 827 3489 unciae
856 3445 923 3503 tres,
957 3455 989 3490 ει
1018 3440 1100 3490 fundo
1123 3437 1259 3493 Acliano‘l
1290 3443 1383 3492 uncias
1406 3447 1520 3508 quatuor
1543 3458 1589 3493 seu
1613 3448 1640 3492 ει
1661 3442 1828 3492 medietatem
1851 3440 1883 3490 de
1905 3439 2005 3504 gualdo
2029 3443 2077 3506 qui

426 3545 524 3594 dicitur
545 3543 651 3593 Laurus
674 3549 700 3593 ει
722 3545 888 3595 medietatem
912 3544 945 3594 de
967 3547 1088 3609 portione
1111 3547 1220 3597 Probati
1243 3547 1379 3610 castaldii,
1409 3564 1441 3597 ει
1463 3547 1545 3598 fundo
1569 3547 1683 3597 Paterno
1706 3549 1812 3596 unciam
1835 3561 1913 3594 unam
1938 3551 1964 3595 et
1987 3547 2076 3609 semis,

427 3665 460 3699 ex
482 3647 565 3696 fundo
588 3647 732 3698 Ualeriano
755 3650 849 3698 unciae
871 3654 986 3713 quatuor
1008 3650 1036 3698 in
1058 3665 1110 3714 quo
1134 3657 1174 3700 εει
1196 3651 1309 3716 ecclesia
1331 3653 1415 3701 sancti
1438 3651 1559 3715 Martini,
1594 3667 1626 3702 ει
1648 3651 1731 3700 fundo
1754 3650 1887 3700 Coruiano
1910 3651 2005 3699 uncias
2028 3665 2076 3699 sex
2095 3654 2130 3702 30

426 3754 455 3800 in
477 3767 529 3816 quo
552 3755 593 3800 εει
615 3750 728 3815 ecclesia
750 3753 835 3801 sancti
857 3751 1000 3816 Pancratii,
1024 3769 1056 3802 ex
1078 3754 1161 3804 fundo
1184 3755 1304 3820 Bagiano
1328 3761 1423 3805 terram
1446 3755 1594 3805 modiorum
1617 3758 1725 3818 septem,
1750 3769 1781 3802 ει
1804 3752 1887 3802 fundo
1903 3746 2005 3802 Fianir
2027 3767 2076 3801 un-

427 3857 495 3905 ciam
517 3869 597 3903 unam
620 3859 646 3903 ει
668 3855 755 3916 nemis,
778 3871 811 3904 ex
833 3854 916 3904 fundo
939 3856 1087 3921 Lucigiano
1111 3860 1216 3908 unciam
1238 3875 1318 3908 uuam
1342 3865 1368 3908 ει
1390 3861 1476 3922 nemis,
1499 3875 1531 3908 ει
1547 3858 1630 3908 tundo
1646 3858 1731 3908 Uiarii
1746 3858 1839 3906 unciae
1856 3863 1916 3918 tren,
1942 3872 1975 3905 ει
1990 3856 2076 3906 fundo

426 3961 559 4010 Acutiano
581 3960 675 4008 uncias
697 3964 757 4009 octo
780 3961 808 4008 in
831 3975 883 4024 quo
907 3965 948 4009 εει
970 3962 1083 4026 ecclesia
1105 3966 1190 4013 sancti
1205 3964 1335 4030 Gregorii,
1358 3966 1470 4015 fundum
1492 3964 1642 4013 Motiannm
1664 3963 1692 4010 in
1715 3977 1767 4026 quo
1792 3966 1831 4010 εει
1854 3960 1967 4026 ecclesia
1989 3963 2078 4010 nancti

426 4063 537 4128 Angeli,
558 4062 671 4112 fundum
693 4063 854 4126 Furianum,
883 4064 997 4114 fundum
1019 4067 1162 4117 Paternum
1185 4069 1301 4133 positum
1323 4071 1351 4118 in
1373 4069 1492 4118 Uariano
1516 4073 1541 4117 ει
1563 4068 1591 4115 in
1614 4059 1749 4115 Culiano⁸
1773 4065 1801 4113 in
1824 4079 1876 4130 quo
1900 4069 1939 4113 εει
1961 4064 2077 4128 ecclesia

428 4172 518 4233 nancte
542 4167 654 4232 cecilie,
677 4166 787 4216 fundum
810 4167 965 4216 luscianum
988 4171 1016 4220 in
1039 4172 1183 4238 integrum,
1206 4189 1238 4223 ει
1261 4173 1343 4224 fundo
1366 4173 1459 4239 Agello
1483 4173 1576 4221 uncias
1599 4186 1708 4231 novem,
1735 4168 1846 4217 fundum
1869 4166 2024 4217 Sentianum
2048 4169 2077 4216 in
2096 4173 2130 4220 35

428 4286 481 4335 quo
505 4275 544 4320 εει
566 4270 678 4335 ecclesia
700 4272 784 4319 nancti
807 4270 921 4336 Antimi,
951 4273 1065 4326 fundum
1086 4276 1215 4340 Prinatis,
1243 4277 1355 4328 fundum
1377 4278 1556 4328 Albucianum
1578 4290 1639 4324 cum
1661 4271 1827 4338 appendiciis
1850 4272 1918 4333 suis,
1947 4270 2076 4336 maeldum

429 4375 543 4424 Tunciee
565 4375 593 4422 in
615 4375 746 4439 integrum
768 4391 815 4440 per
835 4376 896 4426 loce
918 4380 1061 4448 designata
1083 4381 1152 4431 sicut
1173 4383 1295 4446 primitus
1317 4382 1351 4432 ab
1373 4384 1431 4447 ipso
1454 4381 1613 4430 monasterio
1636 4391 1774 4442 possessus
1803 4381 1830 4425 ει
1856 4389 1998 4425 εοιιεεεειιε
2028 4381 2077 4436 εει,

429 4480 541 4530 fundum
563 4478 708 4528 Findilieui
729 4480 822 4530 uncias
844 4480 925 4548 duas,
960 4501 994 4534 ex
1022 4485 1105 4535 fundo
1127 4485 1255 4535 Fausiano
1284 4487 1376 4535 uncias
1404 4501 1463 4546 εει,
1493 4499 1525 4534 ει
1554 4482 1636 4532 fundo
1664 4481 1811 4530 Anturiano
1839 4479 1933 4528 unciae
1953 4493 2015 4542 εει,
2044 4493 2077 4528 ει

430 4582 513 4632 fundo
537 4565 626 4648 Carae*
648 4582 727 4648 surde
749 4585 842 4634 unciae
865 4585 946 4648 dues,
976 4604 1008 4637 ει
1032 4589 1114 4639 fundo
1138 4588 1291 4638 Terbiliauo
1313 4591 1406 4638 unciae
1428 4604 1488 4651 εει,
1522 4603 1554 4638 ει
1576 4585 1659 4636 fundo
1683 4585 1749 4650 Ceae
1771 4583 1883 4649 candide
1905 4583 1998 4632 unciae
2021 4599 2077 4644 εει,

430 4703 463 4736 ει
485 4685 567 4736 fundo
590 4685 712 4736 Polliano
736 4690 828 4739 unciae
851 4707 911 4754 εει,
941 4707 973 4740 ει
996 4693 1079 4743 fundo
1102 4694 1200 4743 Leonis
1223 4699 1318 4743 terram
1341 4692 1489 4742 modiorum
1512 4690 1616 4752 docem,
1644 4703 1676 4740 ει
1699 4687 1782 4737 fundo
1805 4686 1959 4751 Leogniano
1982 4687 2077 4736 uncias
2095 4691 2131 4738 40

429 4807 484 4854 εει,
507 4806 539 4840 ει
561 4789 644 4840 fundo
667 4791 771 4841 Uaiano
795 4796 888 4844 uncias
911 4810 965 4857 sex,
988 4811 1021 4845 ει
1043 4796 1126 4846 fundo
1143 4796 1291 4847 Uetusiano
1314 4798 1406 4846 unciae
1429 4812 1484 4858 εει,
1507 4811 1540 4844 ex
1562 4793 1644 4844 fundo
1667 4791 1816 4842 Seruiliano
1839 4791 1931 4840 unciae
1953 4794 2078 4854 quotuor,

430 4911 463 4947 ει
485 4895 568 4945 fundo
591 4895 698 4945 Muaino
721 4898 814 4947 unciae
837 4903 952 4962 septem,
976 4914 1008 4948 ει
1031 4899 1114 4949 fundo
1138 4899 1239 4966 Seriole
1262 4902 1355 4950 unciae
1377 4915 1438 4962 εει,
1461 4915 1493 4950 ει
1516 4898 1599 4949 fundo
1622 4897 1743 4947 Mariano
1766 4895 1859 4944 unciae
1882 4909 1936 4955 εει,
1958 4895 2021 4942 item
2044 4909 2077 4943 ει

429 5000 512 5050 fundo
536 4999 682 5050 Serviliano
705 5001 902 5064 portiunculam
924 5017 1019 5064 unam,
1050 5018 1082 5052 ει
1105 5003 1188 5052 tundo
1211 5004 1325 5054 Pretorii
1346 5003 1542 5068 portiunculam
1565 5017 1660 5062 unam,
1692 5016 1725 5050 ex
1747 4999 1830 5050 fundo
1852 4998 1996 5064 Galignani
2017 5014 2078 5062 por-

429 5103 576 5153 tiunculam
598 5118 693 5166 unam,
725 5120 758 5153 ει
780 5104 864 5155 fundo
887 5103 1013 5154 Sisiniani
1036 5108 1129 5155 uncias
1151 5113 1227 5170 octo,
1261 5123 1294 5156 ει
1321 5106 1404 5157 fundo
1428 5107 1568 5156 Catiniano
1596 5106 1702 5155 unciam
1729 5119 1825 5166 unam,
1859 5119 1892 5152 ει
1919 5101 2002 5151 fundo
2025 5101 2078 5152 Gai

430 5208 544 5258 mediam
566 5210 680 5271 unciam,
703 5223 736 5258 ει
758 5208 841 5258 fundo
864 5208 981 5258 Turiano
1004 5211 1097 5259 uncias
1119 5210 1252 5273 undecim,
1275 5227 1308 5260 ει
1330 5211 1413 5260 fundo
1436 5211 1552 5260 Bariano
1575 5211 1668 5259 uncias
1690 5209 1822 5270 undecim,
1848 5223 1881 5257 ει
1904 5205 1986 5255 mado
2010 5205 2077 5254 Sali-
2095 5209 2131 5258 45

429 5313 505 5362 siano
528 5315 621 5362 uncias
643 5312 742 5376 decem,
765 5329 798 5362 ει
820 5312 903 5362 fundo
925 5313 1043 5363 Uaeiano
1066 5316 1159 5364 unciae
1183 5315 1273 5366 docem
1295 5317 1342 5365 ubi
1366 5321 1405 5365 εει
1428 5314 1541 5380 ecclesia
1563 5319 1654 5380 sancte
1677 5315 1776 5378 Mane,
1798 5312 1910 5361 fundum
1933 5310 2078 5360 Carbonia-

516 5451 573 5504 ³37.
601 5454 629 5514 k)
642 5455 671 5503 ia
680 5454 706 5503 Β
715 5453 798 5504 durch
809 5452 1057 5519 moymarum
1068 5470 1100 5504 ac
1112 5458 1140 5505 tn
1152 5457 1268 5505 Paciano
1280 5454 1431 5518 νενιειιενις
1443 5453 1509 5504 doctr
1518 5457 1551 5504 iat
1560 5456 1693 5520 Puptiano
1705 5452 1788 5504 durch
1800 5451 1885 5506 Ormd
1895 5448 1950 5502 ΠΙ.
1958 5449 2077 5515 marroc

600 5519 850 5590 1)BcbgianoVU.
866 5531 891 5572 ll
995 5527 1031 5586 m)
1050 5525 1188 5591 Bebgiano
1206 5523 1261 5574 VU.
1282 5533 1300 5584 l,
1325 5523 1379 5574 VU.
1401 5533 1426 5573 ΙΙ
1524 5528 1551 5585 ιι)
1574 5522 1602 5586 0,
1627 5524 1769 5590 Cruptulas
1794 5521 1819 5570 B
1922 5521 1949 5574 ο)
1968 5519 2036 5584 Cupi
2058 5518 2083 5570 0

600 5592 627 5657 p)
643 5591 698 5642 VU.
712 5601 732 5654 Ι,
755 5589 809 5640 VU.
824 5591 1089 5658 11‚TechinuchO
1188 5595 1215 5659 q)
1234 5593 1287 5644 VU.
1302 5601 1321 5654 Ι,
1345 5591 1399 5642 VU.
1414 5603 1443 5656 Π,
1468 5592 1583 5643 (iuliano
1602 5592 1655 5643 ΒΟ
1754 5593 1777 5653 r)
1795 5589 1850 5641 VU.
1864 5598 1883 5648 Ι,
1906 5587 1961 5639 VU.
1975 5596 2005 5644 Π,
2029 5587 2076 5637 Os-

600 5661 663 5710 fiani
687 5659 791 5780 BVulrytd
814 5659 929 5726 Ophiaui
951 5660 983 5722 0,
1010 5661 1078 5710 wohl
1104 5663 1254 5713 entatoadea
1280 5679 1327 5712 oue
1354 5661 1501 5712 fundofiani
1615 5665 1637 5725 ε)
1661 5661 1715 5712 VU.
1731 5671 1749 5724 l,
1775 5659 1828 5712 VU.
1843 5667 1872 5716 Π,
1900 5657 2004 5708 Ciliano
2028 5654 2082 5706 Bc
2095 5655 2132 5703 50

599 5731 620 5792 t)
640 5730 708 5796 Ocno
769 5738 811 5780 .Ι.
