4554 6414
409 373 470 438 126
1006 382 1457 439 KAISERURKUNDEN.

406 585 487 630 tatem
502 579 700 642 confirmamus,
724 585 754 629 ut
771 582 839 630 sicut
858 595 873 629 a
894 581 972 646 beate
994 581 1119 645 memorie
1141 585 1307 630 antecessere
1330 585 1420 630 nostre
1443 578 1561 645 predicte
1583 578 1694 644 ecclesie
1717 577 1844 628 collatum
1866 582 1953 642 atque
1979 575 2075 624 firma-

405 690 461 734 tum
489 688 541 745 est,
575 685 613 732 ita
641 677 689 732 etl
720 683 845 747 deinceps
873 683 1063 732 invielabiliter
1093 689 1272 733 conservetur.
1317 683 1352 732 Et
1373 688 1404 732 ut
1425 683 1474 749 hec
1496 688 1588 733 nestra
1610 683 1754 732 auctoritas
1775 697 1793 731 a
1814 681 1944 732 fidelibus
1971 683 2073 744 sancte

405 787 446 836 dei
469 786 580 851 ecclesie
602 791 627 836 et
650 787 747 836 nestris
770 787 858 837 verius
881 787 1031 851 certiusque
1054 787 1190 850 credatur,
1213 802 1293 837 manu
1311 787 1420 852 propria
1441 787 1532 836 subter
1554 801 1611 838 eam
1635 786 1796 836 firmavimus
1817 791 1845 837 et
1861 784 1949 836 anule
1971 788 2073 834 nostro

404 891 529 940 iussimus
552 891 680 954 insigniri.

506 1036 520 1118 ξ
542 1033 677 1115 Signum
702 1029 833 1095 Ottonis
856 1031 920 1111 (M.)
943 1031 1137 1094 serenissimi
1160 1032 1293 1118 regis}
2099 1045 2117 1092 5

505 1153 653 1234 {Brune
676 1151 892 1215 cancellarius
916 1149 1064 1215 advieem
1087 1150 1265 1236 Ruedperti
1289 1151 1541 1237 archicapellani
1564 1153 1749 1236 recognovi.
1772 1155 1786 1237 ᾖ
1808 1151 1892 1232 (SR.)
1917 1149 2078 1230 (SI.1.)‘¹

505 1308 595 1371 Data
618 1325 667 1370 111.
691 1305 758 1371 kal.
782 1307 861 1370 iunii
885 1328 971 1368 anne
995 1315 1103 1369 autem
1126 1305 1168 1370 ab
1192 1308 1415 1370 incarnatione
1444 1305 1566 1370 demini
1597 1315 1834 1388 ncccc¹¹¹⁰xul¹,
1870 1305 2077 1370 indiccione

401 1427 482 1493 xt11,
506 1433 592 1474 anne
617 1427 649 1473 v.
673 1419 830 1494 regnante
854 1409 974 1473 Ottone
998 1411 1204 1474 serenissimo
1227 1431 1318 1493 rege,
1342 1419 1451 1474 actum
1474 1411 1507 1474 in
1529 1409 1764 1494 Ingelenlreim3
1791 1409 1904 1474 iudei
1928 1411 2077 1474 nomine

399 1515 537 1580 feliciter
563 1537 668 1580 amen.

1196 1705 1257 1780 40.
2100 1732 2135 1779 re

410 1857 490 1932 Otto
517 1858 658 1932 sebenlct
684 1858 763 1931 deur
790 1856 952 1958 Stptsttct
976 1885 1021 1931 za
1046 1860 1176 1958 Elpeo,
1204 1886 1278 1932 ctos
1305 1860 1428 1932 dassen
1455 1859 1561 1933 Vara·
1591 1857 1686 1935 Gcre
1712 1859 1758 1931 im
1782 1855 2078 1956 Sclueebenyaa

402 1981 517 2053 bisbcr·
538 2007 583 2053 zu
605 1981 726 2055 Labeo
750 1982 904 2055 decesso-n
926 1981 1030 2054 traua
1685 2018 1768 2077 Βοὴ,
1789 2019 1853 2078 941
1878 2017 1968 2077 Μ·
1995 2021 2028 2076 7Ι

504 2207 751 2281 Ortpinelrle'ptern
775 2211 816 2266 ira
838 2209 915 2266 bera.
941 2211 1042 2267 Huas-
1066 2209 1129 2266 u-ad
1152 2209 1355 2270 Staatsarcltie
1375 2226 1416 2265 su
1441 2208 1543 2266 Zerbst
1566 2204 1625 2284 (A).

503 2363 621 2422 Entcelt
646 2361 752 2423 Cluen.
777 2365 831 2422 der
852 2364 942 2422 Alton
959 2364 1051 2422 erare
1069 2365 1114 2423 M.
1131 2369 1152 2423 3
1168 2366 1216 2422 cit.
1242 2395 1280 2405 —
1304 2363 1459 2434 Peppcred
1474 2365 1506 2420 ia
1522 2363 1651 2422 Mcibem
1668 2362 1719 2422 SS.
1735 2365 1767 2430 2,
1785 2365 1850 2420 417
1863 2379 1925 2420 aas
1942 2360 1986 2431 A,
2014 2365 2075 2420 mit

503 2481 575 2526 v111.
604 2467 642 2527 id.
672 2468 731 2526 iun.
757 2493 796 2520 =
821 2467 1131 2538 meaearcffensaat
1153 2470 1225 2536 458,
1251 2490 1291 2518 =
1314 2467 1417 2524 Laecae
1439 2466 1636 2526 Fitrstenseel
1659 2469 1735 2535 744,
1766 2488 1806 2516 =
1835 2465 2007 2538 Poppered
2036 2469 2073 2525 in
2098 2477 2129 2524 15

501 2570 665 2640 Hoffmann
687 2570 742 2630 SS.
767 2572 872 2630 Luset.
898 2577 927 2641 4,
952 2575 1023 2640 145,
1048 2594 1088 2624 =
1113 2571 1226 2643 Critpcr
1252 2570 1331 2644 Orip.
1356 2571 1462 2629 Iarset
1487 2574 1538 2630 12.
1565 2604 1601 2612 —
1626 2570 1796 2628 Bectmena
1814 2567 1952 2639 nnana
1981 2570 2070 2630 Hist.

503 2678 531 2742 1,
549 2677 614 2734 167
636 2692 692 2732 aas
715 2673 752 2744 A,
778 2677 830 2731 nra
856 2689 928 2736 v111.
953 2677 990 2734 id.
1014 2677 1072 2737 iun.
1098 2699 1133 2728 =
1161 2676 1291 2734 Eckltart
1315 2676 1393 2734 Hist.
1415 2693 1481 2747 pen.
1506 2674 1615 2734 Sesea.
1639 2678 1703 2734 133
1725 2678 1759 2730 πθ
1777 2675 1806 2732 5.
1834 2705 1873 2714 -
1899 2674 2074 2747 Popperod

502 2778 535 2833 in
556 2777 728 2834 Bcclcmena
750 2778 862 2836 Access.
887 2782 931 2838 32
952 2796 1009 2836 ecs
1032 2777 1075 2848 A,
1099 2781 1154 2836 mit
1177 2779 1250 2838 Vm.
1275 2777 1313 2837 id.
1338 2779 1396 2838 iun.
1428 2811 1465 2820 —
1497 2779 1684 2837 Heincrucan
1710 2777 1785 2836 Gere
1808 2779 1873 2836 159
1898 2784 1935 2834 πθ
1961 2783 1981 2837 1
2009 2797 2071 2838 ens

499 2878 537 2936 A.
564 2911 602 2920 -
626 2881 814 2938 Hciucmean
838 2879 899 2939 01).
925 2881 1046 2939 Aelrelt.
1071 2887 1100 2952 1,
1125 2885 1146 2940 8
1167 2887 1201 2940 πθ
1224 2886 1243 2940 9
1267 2899 1323 2939 aus
1345 2881 1384 2940 A.
1407 2914 1449 2924 -
1473 2883 1602 2942 Bdltmer
1623 2885 1695 2955 aeq.
1712 2885 1774 2942 109
1797 2900 1838 2940 aa
1857 2881 1944 2940 Juni
1962 2885 1994 2941 6.
2023 2916 2070 2926 -

500 2983 629 3056 Stamps
646 2985 720 3057 ch,
745 2990 795 3045 97.
1687 2991 1688 2994 ’
2087 3001 2121 3048 ⁶20

502 3139 564 3197 Ven
586 3124 655 3197 BB.
679 3140 754 3198 aecta
776 3140 996 3214 Mepdcbnrpcr
1017 3141 1118 3200 Dictat
1139 3143 1332 3215 peschrtcben.

498 3329 556 3409 (C.)
578 3331 592 3413 ξ
613 3328 652 3391 In
675 3330 806 3392 nemine
829 3339 962 3392 sanotae
985 3340 1017 3393 et
1037 3328 1224 3394 individuae
1240 3329 1403 3392 trinitatis.
1439 3327 1517 3392 Otto
1534 3327 1646 3391 divina
1661 3325 1863 3412 oppitulante
1879 3325 2067 3391 clementia

395 3455 464 3496 rex.
547 3429 736 3517 Comperiat
759 3434 903 3497 omnium
926 3433 1071 3498 fidelium
1093 3443 1292 3498 nestrorun⁸
1314 3443 1381 3497 tam
1404 3433 1602 3517 presentium
1626 3453 1723 3517 quam
1746 3439 1778 3494 et
1797 3429 1990 3495 futurorum
2013 3432 2065 3494 in·

396 3533 536 3615 dustria,
560 3533 648 3619 qued
670 3557 730 3598 nes
752 3535 1010 3618 flagitationibus
1034 3536 1236 3600 dilectissimi
1258 3534 1272 3618 ξ
1295 3536 1492 3600 marchionis
1514 3537 1615 3601 nostri
1641 3533 1779 3598 Gerenia
1803 3545 2064 3626 ceterorumque

396 3640 553 3702 comitum
574 3640 676 3702 uestri
700 3638 845 3702 eiusdem
869 3638 1009 3704 Gerenis
1031 3640 1113 3720 filie,
1145 3651 1257 3705 nostre
1281 3650 1389 3704 autem
1413 3638 1549 3723 spiritali
1572 3636 1689 3718 filiole,
1717 3634 1870 3699 videlicet
1893 3635 2060 3721 Sigifride
2081 3659 2115 3706 as

395 3763 491 3824 quem
507 3741 591 3804 sacri
613 3740 821 3824 baptismatis
844 3741 934 3806 fonte
956 3741 1147 3826 levavimus,
1172 3746 1204 3807 in
1221 3745 1377 3807 comitatu
1393 3741 1542 3826 prelibati
1558 3741 1661 3826 patris
1677 3741 1746 3804 eius
1761 3741 1793 3801 in
1810 3761 1899 3823 page
1918 3738 2061 3804 Sueuen

393 3853 582 3928 nuncupate
607 3843 869 3928 obtemperantes
893 3849 1115 3911 concessimus
1139 3849 1171 3910 in
1195 3848 1362 3932 preprium
1385 3855 1488 3910 tetum
1512 3843 1636 3908 seilicet
1665 3841 1820 3929 quiequid
1849 3843 1940 3907 idem
1966 3841 2060 3909 Gere

395 3949 428 4010 iu
450 3946 538 4010 villis
563 3945 781 4030 Osteregulun
803 3958 836 4012 et
858 3948 1118 4034 Uuestcregulun
1142 3949 1237 4014 dictis
1260 3952 1363 4015 nostri
1388 3950 1490 4013 tenuit
1511 3947 1677 4030 beneficii,
1711 3947 1773 4011 hoc
1796 3945 1978 4012 dumtaxat
2000 3971 2061 4013 ex-

394 4061 488 4135 cepte
513 4050 601 4135 qued
624 4050 664 4114 dc
687 4050 800 4135 predio
826 4054 929 4116 sancti
946 4052 1114 4117 Vuicberti
1139 4053 1181 4116 ad
1204 4053 1373 4118 abbatiam
1389 4051 1627 4116 Heruluesueld
1649 4052 1850 4116 nominatam
1866 4052 2058 4134 pertinente

393 4156 565 4238 prestitum
587 4156 616 4218 ei
639 4154 824 4221 habuimus.
870 4157 940 4220 Has
964 4157 1059 4220 villas
1083 4179 1157 4220 cum
1181 4159 1269 4221 emui
1292 4156 1490 4240 proprietate
1513 4177 1611 4240 quam
1633 4155 1718 4218 infra
1747 4153 1878 4217 illarum
1901 4175 2057 4221 marcam
2076 4179 2112 4226 ae

392 4257 551 4322 hactenus
579 4258 769 4340 habuimus,
805 4258 910 4324 eidem
939 4251 1128 4345 supradicte
1158 4259 1315 4344 sigifrido
1344 4261 1412 4324 iure
1442 4259 1575 4343 perenni
1604 4259 1638 4320 in
1669 4258 1835 4342 proprium
1858 4257 1922 4321 hec
1947 4247 2059 4344 regali

394 4373 548 4446 precepto
579 4361 752 4426 tribuimus
781 4385 855 4426 cum
886 4385 971 4428 nevo
1002 4363 1137 4428 castelle
1170 4365 1203 4427 in
1234 4362 1451 4446 Osteregulun
1478 4371 1665 4426 constructe
1688 4371 1721 4425 et
1743 4361 1894 4425 omnibus
1927 4385 2057 4449 appen-

394 4463 487 4528 diciis
512 4466 578 4527 suis
601 4464 679 4528 illue
703 4463 850 4548 legaliter
873 4466 1124 4548 aspicientibus,
1148 4467 1321 4550 mancipiis
1344 4467 1433 4549 agris
1455 4467 1558 4550 pratis
1582 4466 1714 4550 pascuis
1730 4464 1819 4528 silvis
1836 4466 1933 4551 aquis
1951 4487 2058 4553 aqua·

391 4591 527 4652 rumque
558 4567 750 4632 decursibus
782 4569 975 4633 molendinis
1003 4568 1241 4654 piseationibus
1270 4571 1334 4632 viis
1357 4579 1389 4633 et
1411 4570 1509 4632 inviis
1532 4568 1702 4634 curtilibus
1728 4569 1810 4633 loeis
1832 4579 1865 4633 et
1888 4570 2058 4636 aedificiis

391 4672 485 4734 terris
508 4670 604 4734 cultis
626 4681 659 4735 et
681 4671 811 4735 incultis
835 4674 969 4757 quesitis
992 4683 1024 4736 et
1047 4671 1264 4758 inquirendis3
1285 4681 1434 4766 preterea
1457 4681 1489 4735 et
1510 4693 1609 4736 unam
1633 4672 1749 4736 silvam
1771 4672 1803 4735 in
1828 4671 1916 4736 saltu
1939 4673 2057 4740 Hacul
2077 4694 2112 4742 35

392 4774 478 4838 dicte
502 4774 549 4837 illi
573 4772 722 4839 dedimus
746 4797 845 4860 quam
867 4775 978 4840 Bardo
1001 4777 1090 4861 prius
1120 4777 1153 4838 in
1182 4775 1376 4840 beneficium
1400 4775 1503 4839 tenuit
1533 4776 1627 4839 iuxta
1649 4774 1761 4839 villam
1791 4771 1974 4860 Oekstedi,
2006 4781 2058 4844 in·

391 4901 487 4962 super
510 4889 542 4942 et
564 4895 615 4941 ΧΗ
639 4879 804 4962 mancipia
833 4901 970 4964 querum
1000 4881 1134 4943 nomina
1157 4878 1277 4944 subter
1305 4888 1420 4941 notata
1450 4886 1540 4942 sunt:
1574 4876 1712 4959 Paulus,
1742 4877 1914 4962 Vuenido,
1947 4881 2059 4964 Bane,

392 4981 505 5058 Atker,
528 4982 674 5064 Kristan,
697 4980 916 5064 Vuerinburg,
940 4982 1076 5062 Hunric,
1104 4982 1245 5066 Redger,
1268 4982 1421 5063 Hemme,
1444 4979 1542 5063 Hille,
1566 4979 1690 5064 Atheri,
1713 4980 1905 5046 Thiadbert.
1952 4985 2060 5050 Iussi·

392 5108 463 5149 mus
487 5107 615 5171 queque
637 5084 700 5149 hee
723 5095 912 5169 preceptum
936 5085 1097 5149 conscribi
1122 5107 1180 5170 per
1202 5085 1291 5171 qued
1312 5086 1403 5169 regia
1425 5093 1588 5169 potestate
1619 5086 1797 5167 sancimus,
1829 5095 1866 5149 ut
1888 5109 2059 5155 memera-

391 5198 443 5253 tus
467 5188 640 5272 Sigifridus
664 5188 703 5252 de
727 5187 778 5251 his
802 5187 953 5252 omnibus
975 5199 1087 5253 nestro
1112 5189 1197 5252 dene
1223 5188 1283 5252 sibi
1308 5190 1341 5252 in
1363 5189 1531 5273 preprium
1554 5188 1681 5253 cellatis
1704 5186 1907 5254 liberrimam
1929 5189 2060 5260 habeat
2079 5219 2114 5267 40

391 5301 585 5377 potestatem
612 5289 755 5355 habendi
784 5289 944 5354 vendendi
975 5289 1119 5355 donandi
1149 5291 1369 5356 commutandi
1400 5314 1456 5356 seu
1480 5293 1635 5378 quicquid
1658 5291 1775 5357 exinde
1799 5292 1861 5358 sibi
1887 5294 2060 5380 placuerit

391 5391 547 5479 faciendi,
578 5418 678 5460 manu
700 5405 814 5458 nestra
836 5394 950 5459 subtus
975 5398 1137 5479 signatum
1160 5407 1192 5460 et
1215 5396 1303 5460 anuli
1325 5399 1428 5460 nestri
1451 5399 1655 5483 inpressione
1678 5395 1882 5465 roboratum.

493 5582 535 5637 39.
562 5587 589 5650 p)
609 5591 635 5636 et
652 5584 840 5650 necbqetrepen
931 5587 957 5650 q)
977 5583 1106 5635 lcttmtls'cb
1124 5585 1238 5650 bescsttpt
1324 5589 1346 5648 r)
1367 5598 1448 5638 eecce
1467 5585 1520 5650 asaf
1530 5585 1625 5639 Bucar.

492 5667 533 5720 40.
561 5669 669 5738 [sicket]
774 5671 800 5736 a)
818 5668 849 5719 A.
