4560 6436
866 455 990 514 ΟΤΤΟ
1012 457 1036 512 Ι.
1061 449 1251 510 att-973.
1818 443 1881 511 579

235 654 333 706 futuris
350 653 482 717 fidelibus,
505 653 619 720 qualiter
637 655 671 704 oh
689 668 805 704 amorem
822 653 864 704 dei
880 659 907 704 et
928 655 1015 720 anime
1037 659 1127 720 nostrq
1148 652 1292 704 remedium
1314 652 1449 704 abbatiam
1471 654 1582 704 cenobio
1597 653 1760 704 Lauresham
1783 669 1881 720 appen-

235 759 342 810 deutem
363 759 392 808 in
413 773 495 808 unum
519 757 643 823 deinceps
665 771 723 808 esse
746 757 884 808 collectam
908 763 934 809 et
956 760 1044 823 ipsum
1066 759 1207 809 cenobium
1229 757 1344 824 regulari
1367 757 1459 808 ordine
1482 763 1508 808 et
1530 757 1627 808 abbate
1645 756 1729 808 solide
1747 764 1774 809 et
1790 760 1881 809 incon-

235 861 311 912 vulse
333 877 381 928 per
403 862 492 912 omnia
513 877 615 928 semper
629 863 719 928 vigere
742 861 916 925 decrevimus,
939 867 1101 928 quapropter
1117 864 1272 912 obsecrante
1287 861 1432 912 venerabili
1452 861 1549 912 abbate
1565 845 1773 928 Salemanm,
1798 861 1882 912 eidem

235 967 394 1017 monasterio
423 971 514 1017 nostra
542 966 672 1018 electione
700 967 892 1030 inthronizato,
921 967 972 1017 hoc
1000 973 1089 1033 nostre
1118 969 1285 1019 auctoritatis
1306 971 1460 1031 preceptum
1482 964 1539 1015 fieri
1562 964 1696 1015 voluimus
1718 980 1771 1030 quo
1794 981 1882 1030 precs·

201 1070 354 1121 bdeutium
377 1075 564 1136 augustorum,
587 1071 689 1121 scilicet
712 1070 824 1120 illustris
847 1075 874 1120 et
896 1071 984 1136 magni
1008 1071 1099 1121 Karoli
1122 1073 1213 1138 piique
1235 1069 1415 1131 mudeuurt,
1444 1070 1634 1135 benignitatem
1656 1067 1783 1118 imitando
1806 1085 1882 1136 regu-

234 1174 316 1224 larem
338 1173 475 1224 monachie
496 1173 569 1224 illius
592 1175 743 1225 monasterii
766 1174 799 1224 de
822 1174 919 1225 abbate
946 1174 1102 1225 electionem
1130 1174 1298 1241 indulgemus
1321 1179 1347 1224 et
1368 1175 1454 1239 ipsam
1476 1172 1611 1223 abbatiam
1629 1189 1662 1222 sx
1684 1174 1786 1240 integro
1809 1179 1881 1238 pote-

235 1279 297 1328 stati
320 1277 448 1328 abbatum
470 1277 504 1328 ad
527 1294 691 1329 communem
714 1279 856 1329 utilitatem
878 1278 1067 1329 monachorum
1091 1277 1140 1329 deo
1163 1279 1200 1328 ibi
1228 1277 1415 1328 inmolantium
1443 1277 1589 1328 subdimus.
1628 1276 1774 1326 Statuimus
1802 1278 1882 1326 etiam

235 1384 388 1447 episcopum
410 1383 438 1431 in
461 1383 538 1433 cuius
560 1383 700 1448 parrochia
722 1385 801 1433 situm
825 1388 866 1433 est
887 1383 974 1447 ipsum
997 1383 1199 1446 monasterium,
1230 1398 1263 1432 ex
1290 1383 1410 1449 qualibet
1437 1384 1576 1433 occasione
1602 1383 1639 1432 ibi
1667 1383 1812 1446 irrumpere
1835 1397 1882 1432 seu

234 1485 378 1536 monachos
400 1486 618 1537 irrationabiliter
641 1488 789 1553 inquietare
806 1501 861 1538 nou
880 1485 985 1548 debere,
1008 1501 1057 1536 nec
1080 1502 1112 1536 ex
1135 1487 1215 1536 rebus
1238 1488 1389 1537 monasterii
1412 1488 1440 1536 in
1463 1488 1533 1537 omni
1555 1487 1659 1551 imperii
1681 1488 1764 1536 nosbi
1783 1486 1883 1537 ditione

183 1594 216 1641 10
234 1589 350 1640 thelonei
374 1591 538 1640 exactionem
561 1589 619 1640 lieri
641 1606 691 1641 nec
712 1590 849 1656 publicum
872 1589 987 1640 iudicem
1010 1605 1058 1640 seu
1080 1591 1225 1655 quemlibet
1247 1607 1280 1640 cx
1302 1591 1442 1640 iudiciaria
1463 1595 1595 1655 potestate
1610 1590 1653 1640 vel
1672 1591 1751 1640 aliam
1767 1589 1883 1656 aliquam

232 1707 372 1758 personam
400 1695 542 1759 quicquam
570 1697 710 1758 potestatis
738 1701 786 1744 aut
813 1697 913 1762 negotii
941 1697 998 1746 sins
1026 1695 1164 1746 voluntate
1192 1701 1240 1746 aut
1261 1697 1391 1760 permissu
1414 1696 1519 1746 abbatis
1540 1697 1569 1745 iu
1592 1695 1714 1745 omnibus
1737 1694 1882 1759 sepedicti

232 1797 385 1847 monasterii
413 1797 494 1847 rebus
523 1797 620 1848 habere
649 1799 691 1848 vel
722 1813 852 1849 exercere.
897 1799 1032 1865 Quicquid
1054 1801 1096 1849 ius
1119 1797 1176 1850 fisci
1197 1799 1259 1850 inde
1282 1801 1388 1866 exigere
1410 1804 1549 1864 potuerat,
1580 1815 1613 1848 ex
1641 1801 1744 1865 integro
1766 1800 1795 1848 in
1816 1814 1882 1849 usus

232 1901 385 1951 monasterii
408 1899 501 1950 cedere
524 1901 692 1966 precipimus.
736 1902 865 1952 Homines
887 1917 993 1967 quoque
1016 1903 1146 1968 ingenuos
1169 1918 1216 1952 seu
1238 1917 1329 1953 servos
1351 1903 1379 1951 in
1401 1902 1614 1967 possessionibus
1636 1901 1789 1951 monasterii
1812 1917 1881 1951 com-

233 2009 370 2055 manentes
393 2004 550 2070 distringere
573 2007 630 2056 sive
653 2008 725 2071 ipsas
747 2007 928 2071 possessiones
951 2012 1044 2056 contra
1066 2007 1171 2056 abbatis
1193 2006 1328 2057 decretum
1351 2008 1449 2056 intrare
1475 2022 1522 2057 seu
1550 2005 1584 2055 ad
1613 2021 1707 2056 causas
1736 2005 1882 2055 audiendas

182 2111 214 2158 15
233 2125 280 2160 seu
302 2110 452 2159 mansiones
474 2109 610 2160 iaciendas
632 2115 679 2161 aut
701 2109 775 2160 freda
790 2109 832 2160 vel
855 2109 956 2159 tributa
978 2108 1108 2176 exigenda
1123 2109 1165 2160 vel
1188 2109 1270 2160 ullam
1292 2111 1320 2159 in
1343 2109 1433 2176 aliquo
1449 2109 1604 2160 violentiam
1626 2108 1775 2159 faciendam
1797 2110 1880 2159 omni-

231 2213 281 2263 hus
305 2213 411 2263 omnino
434 2213 585 2263 homiuibus
607 2229 654 2278 per
675 2215 745 2264 hanc
766 2219 856 2279 nostre
878 2214 1052 2263 immunitatis
1075 2215 1296 2279 conscriptionem
1319 2229 1428 2278 prorsus
1445 2213 1627 2263 interdicimus
1643 2217 1723 2278 atque
1737 2211 1772 2262 ab
1788 2212 1881 2262 huius

231 2315 302 2366 modi
324 2315 367 2366 vel
389 2315 469 2366 simili
491 2319 689 2389 presumptione
712 2323 822 2368 cunctos
844 2334 892 2383 per
914 2319 1003 2368 omnia
1025 2323 1144 2383 tempora
1165 2319 1324 2382 iuhibemus,
1347 2320 1473 2384 quatinus
1497 2289 1580 2368 abbas
1603 2325 1629 2368 et
1650 2317 1773 2368 monachi
1792 2319 1881 2366 omnia

230 2418 295 2470 illuc
323 2420 481 2484 aspicientia
508 2421 557 2470 sub
586 2425 678 2470 nostra
705 2422 818 2472 tuitione
841 2437 893 2488 quo
916 2423 1041 2487 quietiori
1069 2421 1161 2472 ordine
1184 2423 1368 2487 possederint,
1400 2439 1432 2473 eo
1460 2422 1571 2473 liberius
1599 2438 1647 2487 pro
1676 2427 1747 2472 statu
1776 2423 1880 2487 imperii

229 2527 372 2588 nostraque
403 2523 488 2573 salute
517 2524 566 2574 deo
595 2531 698 2575 vacent.
743 2525 778 2575 Et
806 2532 837 2575 ut
864 2527 915 2577 hoc
944 2528 1111 2576 auctoritatis
1137 2533 1226 2594 uostrq
1248 2534 1402 2593 preceptum
1424 2527 1528 2580 firmum
1551 2534 1577 2578 et
1599 2527 1694 2578 stabile
1716 2533 1878 2591 permaneat,

180 2632 214 2680 20
232 2627 306 2679 anuli
328 2630 411 2679 nostri
432 2631 605 2694 impressione
625 2632 724 2697 signari
746 2632 872 2682 iussimus
895 2639 921 2683 et
942 2647 1022 2682 manu
1044 2633 1152 2697 propria
1174 2634 1269 2684 subtus
1290 2631 1461 2682 firmavimus.

335 2751 471 2837 Signum
493 2752 603 2818 domni
628 2751 759 2820 Ottonis
772 2766 785 2793 ⁵
806 2756 871 2837 (li.)
896 2755 1096 2821 serenissimi
1118 2757 1324 2842 imperatoris
1346 2755 1486 2840 augusti.

332 2855 517 2940 Willigisus
540 2856 756 2923 cancellarius
779 2859 929 2924 advicem
950 2855 1098 2924 Rdtberti
1122 2857 1377 2944 archicapellani
1400 2859 1587 2942 recognovi.

332 2993 421 3058 Data
437 3011 483 3059 vr.
499 2993 567 3060 hal.
587 2997 754 3061 ianuarias
769 3017 857 3060 anno
874 2995 916 3062 ab
932 2997 1158 3061 incarnatione
1174 2995 1297 3062 domini
1312 2997 1416 3062 nostri
1431 2996 1507 3062 Iesu
1523 2993 1643 3060 Christi
1658 3011 1878 3077 nccccuxxn,

229 3095 405 3162 indictione
420 3113 477 3182 xv,
500 3108 657 3183 regnante
673 3100 727 3185 pio
745 3101 942 3186 imperatore
959 3097 1081 3165 Ottone
1092 3109 1106 3136 ⁸
1127 3121 1214 3165 anno
1233 3098 1402 3181 xxxvnl3
1425 3107 1534 3164 actum
1549 3097 1787 3179 Franconfurt3
1809 3096 1877 3161 feli-

178 3214 212 3263 25
230 3200 311 3266 citer
332 3222 437 3266 amen.

1007 3405 1094 3482 tto.

237 3561 318 3640 Otto
344 3564 485 3638 scitscit
510 3563 589 3637 mon
615 3563 762 3637 Klostor
788 3537 848 3637 das
880 3562 913 3635 la.
938 3561 1067 3638 Petram
1099 3590 1144 3637 zu
1170 3561 1324 3661 Crespio
1349 3563 1507 3636 mediocre
1534 3560 1773 3661 Besitzooqeo
1800 3561 1880 3636 oud

226 3696 384 3785 putatet
410 3685 480 3759 dan
506 3684 680 3758 Bredam
707 3683 766 3758 dic
781 3684 882 3783 frete
907 3683 1013 3759 Watt
1038 3685 1099 3760 dar
1125 3685 1238 3786 Vopts.
1403 3703 1513 3784 Treta
1535 3707 1598 3767 973
1621 3705 1759 3766 serem
1781 3710 1832 3767 12.

333 3913 489 3976 &arction
510 3913 647 3983 Morcus,
673 3911 797 3972 curtes
820 3911 878 3972 Bt.
903 3917 941 3973 11
968 3911 992 3984 f.
1017 3915 1081 3974 148
1103 3915 1136 3971 io
1158 3912 1211 3972 der
1231 3911 1533 3972 Natiortolbibliotlrelt
1553 3928 1594 3970 aa
1615 3911 1705 3971 Paris
1727 3909 1788 3990 (A).

177 4075 211 4124 ³0
330 4052 476 4112 obesiore
490 4051 578 4111 Roob.
601 4068 657 4111 sor
678 4051 704 4110 lc
726 4052 863 4111 Habeant
885 4053 949 4112 350
971 4057 1006 4109 πθ
1022 4054 1065 4113 29
1088 4048 1189 4110 asad
1210 4067 1251 4110 aa
1266 4050 1404 4110 Febraor
1417 4054 1469 4109 11.
1491 4082 1534 4092 —
1557 4047 1687 4122 Stumps
1697 4050 1769 4123 Ray.
1787 4051 1874 4110 523⁰.

329 4189 433 4250 Dictat
448 4189 498 4248 des
517 4189 592 4249 WB.
627 4188 697 4249 Deo
711 4188 967 4263 Attsstellonqsort
989 4194 1118 4249 crissen
1139 4191 1195 4248 wir
1212 4187 1255 4267 (so
1273 4189 1349 4248 aucit
1364 4187 1505 4268 Stumpf)
1520 4189 1669 4248 hochsteas
1692 4186 1754 4260 aas
1767 4187 1877 4247 Dreltlc

332 4296 364 4353 io
386 4294 439 4353 der
460 4294 661 4388 Landdroetei
687 4291 859 4354 Osaobratclr
880 4313 922 4352 so
943 4295 1066 4365 derum
1091 4295 1163 4352 oter
1184 4310 1213 4352 es
1235 4295 1274 4352 ist
1296 4292 1577 4352 oowolrrscbeinliolz
1599 4292 1669 4352 does
1691 4292 1744 4350 der
1765 4293 1877 4351 Kaisar

329 4399 392 4458 siet
413 4398 475 4469 auf
493 4397 618 4458 soalon
637 4397 769 4470 Umweqe
790 4414 845 4456 ooo
867 4396 1041 4468 Froekfurt
1063 4397 1140 4455 eracli
1160 4396 1347 4470 Maodetory
1370 4396 1491 4470 bcpcbea
1513 4397 1596 4455 liobe.

433 4582 472 4647 In
494 4582 626 4647 nominc
650 4590 763 4646 sancte
786 4588 819 4646 et
840 4581 1008 4646 individue
1030 4580 1194 4646 trinitatis.
1233 4579 1311 4646 Otto
1335 4580 1446 4646 divina
1468 4580 1599 4646 favente
1622 4580 1795 4647 clementia
1817 4581 1874 4646 im-

176 4713 209 4762 3⁵
229 4697 359 4773 perator
381 4695 549 4770 augustus.
636 4683 796 4749 Noverint
819 4706 932 4750 omnes
954 4687 1056 4751 nostri
1079 4683 1193 4750 fideles
1215 4693 1381 4772 presentes
1397 4695 1430 4750 et
1446 4684 1556 4768 futuri,
1581 4684 1718 4770 qualiter
1733 4707 1793 4750 uos
1806 4695 1875 4751 tam

226 4811 286 4875 pro
305 4791 413 4854 anime
431 4799 542 4855 nostre
560 4787 703 4854 remedio
727 4811 826 4876 quam
849 4791 947 4855 etiam
969 4789 1233 4855 fidelissimorum
1249 4798 1434 4855 nostrorum
1449 4789 1637 4854 Richinonie
1653 4798 1752 4875 atque
1767 4788 1877 4855 Amel-

227 4893 285 4957 rici
314 4894 471 4960 comitum
497 4893 680 4958 interventu
708 4892 753 4957 ad
780 4893 1014 4959 monasterium
1041 4893 1207 4980 quoddam
1232 4887 1338 4958 sancti
1360 4892 1447 4957 Petri
1470 4893 1627 4980 principis
1648 4891 1875 4978 apostolorum

226 4999 397 5083 sanctique
412 4995 587 5063 Landelini
603 4996 801 5062 confessoris
818 4995 938 5062 Christi
954 4997 987 5060 in
1003 4995 1082 5062 villa
1097 4993 1236 5082 Crespiu
1251 5004 1475 5061 constructum
1490 5017 1623 5060 mansos
1640 5012 1687 5058 xv
1709 4997 1743 5059 in
1759 4994 1873 5061 eadem

226 5098 305 5164 villa
327 5101 419 5183 sitos,
442 5101 476 5165 in
492 5097 639 5186 inliaco
663 5098 836 5165 ecclesiam
858 5122 933 5164 cum
956 5117 1030 5164 xxx
1053 5101 1186 5184 mansis,
1209 5101 1243 5164 in
1261 5101 1382 5166 Estron
1405 5101 1578 5166 ecclesiam
1601 5121 1676 5166 cum
1698 5117 1721 5164 x
1739 5103 1872 5186 mansis,

174 5229 208 5277 40
226 5203 259 5266 in
283 5201 466 5268 Gelliniaco
490 5219 513 5268 v
535 5226 668 5269 mansos
690 5213 803 5269 nostra
825 5203 984 5290 imperiali
1006 5204 1154 5290 potentie
1176 5203 1370 5270 tradidimus
1399 5204 1508 5288 largiti
1537 5227 1649 5270 sumus
1674 5205 1873 5293 firmiterque

88 5295 91 5302 ¹
226 5305 436 5391 donavimus,
463 5329 538 5374 cum
559 5309 727 5394 utriusque
750 5330 849 5374 sexus
872 5309 1045 5394 mancipiis
1068 5307 1205 5374 edificiis
1228 5310 1321 5374 terris
1343 5307 1440 5374 cultis
1462 5317 1496 5374 et
1516 5307 1648 5374 incultis
1671 5311 1774 5396 pratis
1798 5330 1872 5396 pas·

225 5413 294 5476 cuis
323 5410 413 5476 silvis
442 5412 567 5495 campis
594 5411 826 5496 agriculturis·
849 5409 1087 5498 piscationibus
1108 5411 1211 5476 vineis
1234 5413 1296 5476 viis
1318 5422 1351 5477 et
1372 5411 1468 5476 inviis
1492 5411 1635 5476 exitibus
1658 5421 1692 5478 et
1713 5411 1871 5478 reditibus

310 5581 368 5635 ⁴2³.
396 5579 505 5650 [Siclrel]
609 5582 635 5649 a)
653 5584 699 5632 mit
717 5583 776 5634 dem
794 5585 822 5633 in
839 5583 863 5635 A
880 5584 998 5636 riblielteu
1015 5585 1108 5636 metz
1124 5584 1181 5635 ido
1203 5584 1251 5636 da
1269 5585 1338 5636 Zeila
1358 5586 1435 5652 primi
1453 5585 1508 5636 aad
1525 5589 1611 5652 primo
1707 5585 1734 5652 b)
1754 5583 1785 5648 A,
1803 5585 1872 5636 wohl

396 5649 572 5701 westrem
588 5657 649 5701 rtctt
667 5663 785 5704 mnu.

173 5745 207 5794 tt
310 5733 503 5803 tit.[siek01]
606 5737 634 5800 a)
652 5737 808 5804 agriculturis
826 5738 857 5791 Δ.

1605 5827 1666 5891 73*
