4560 6426
300 416 341 480 16
897 429 1351 488 KAISERURKUNDEN.

295 609 417 672 nostris
434 608 634 694 temporibus
648 593 800 673 iustitiae
826 609 868 674 ab
892 612 940 675 eis
963 633 1121 676 concessa
1144 611 1309 678 fruantur:
1333 627 1533 702 quapropter
1556 619 1678 682 sanctis
1700 618 1898 684 monialibus
1918 621 1953 684 in

296 715 517 776 monasterio‘*
546 710 717 778 llescedil
739 727 926 800 nuncupato
957 727 1090 801 propter
1116 739 1261 782 amorem
1291 717 1343 783 dei
1367 741 1406 784 ac
1431 730 1640 786 sanctorum⁶
1669 723 1754 802 eius,
1789 723 1874 786 sicut
1899 746 1952 786 ro·

295 817 386 898 gavit
401 839 461 880 nos
478 817 634 881 Herirnan
657 817 855 882 venerabilis
877 842 987 884 comes
1010 831 1131 902 noster,
1153 821 1391 888 immunitatem
1413 833 1511 908 atque
1534 825 1724 890 electionem
1748 849 1846 911 quarn
1869 837 1953 890 tem·

295 919 429 1004 poribus
452 920 695 1005 precedentium
718 944 830 1005 regum
853 921 1038 988 babuerunt
1059 924 1287 1009 concedimus,
1316 937 1353 991 ut
1380 928 1651 1014 quandocumque
1673 933 1852 994 necessitas
1875 954 1953 995 eve-

294 1025 387 1104 nerit,
405 1034 600 1108 potestatem
614 1025 700 1087 inter
715 1047 749 1088 se
765 1024 968 1090 abbatissam
984 1027 1125 1112 eligendi
1141 1027 1294 1112 habeant,
1319 1031 1403 1094 sieut
1417 1041 1553 1096 actenus
1569 1031 1761 1098 habuerunt.
1787 1035 1953 1099 Iussimus
1973 1049 1992 1095 5

294 1147 423 1211 quoque
445 1126 507 1191 hoc
532 1138 720 1212 preceptum
743 1128 818 1192 inde
840 1129 1005 1194 conscribi
1028 1153 1086 1216 per
1110 1132 1198 1217 quod
1220 1133 1371 1198 volumus
1392 1135 1589 1221 tinniterque
1605 1136 1763 1220 iubemus,
1787 1149 1953 1224 quatenus

293 1228 375 1293 haee
402 1231 582 1295 auctoritas
611 1229 705 1294 firma
732 1232 924 1317 stabilisque
947 1245 1156 1318 permaneat3
1182 1259 1281 1302 manu
1311 1259 1439 1324 quoque
1461 1251 1574 1306 nostra
1596 1263 1670 1306 eam
1691 1242 1894 1307 firmavimus
1918 1251 1954 1308 et

292 1334 381 1400 anuli
405 1335 507 1400 nostri
532 1335 745 1419 impressione
768 1336 931 1419 assignari
953 1337 1120 1403 iussimus.

394 1476 408 1558 ξ
432 1473 567 1558 Signum
591 1473 701 1537 domni
726 1472 916 1539 Chuonradi
942 1477 1007 1558 (n.)
1031 1477 1169 1562 piissimi
1192 1481 1288 1564 regis.
1310 1477 1325 1565 ξ

392 1578 586 1658 {Salomon
617 1578 833 1643 cancellarius
864 1579 1016 1645 advicem
1045 1581 1203 1667 Piligrimi
1234 1584 1511 1671 archicappellani
1541 1590 1734 1674 recognovit
1757 1598 1790 1652 et
1817 1585 1832 1665 ξ
1862 1590 2011 1668 (SR)1o

1814 1694 1872 1772 (SI.
1896 1695 1952 1773 D.)

394 1821 484 1884 Data
506 1838 568 1884 ΧΠ.
592 1819 659 1885 kal.
682 1843 763 1884 mar.
787 1843 873 1885 auno
897 1821 1134 1888 incarnationis
1156 1825 1278 1891 domini
1302 1843 1488 1910 Dccccxrn,
1510 1829 1689 1895 indictione
1712 1848 1735 1911 1,
1758 1853 1845 1895 anno
1869 1852 1952 1894 vero

289 1928 381 2010 regni
405 1925 515 1990 domni
539 1922 751 1990 chuonradis
772 1943 816 2008 113
838 1935 951 1992 actum
974 1925 1162 2010 Chassella3
1189 1929 1326 1995 feliciter
1348 1931 1381 1994 in
1404 1930 1456 1995 dei
1478 1933 1609 1997 nomine
1632 1955 1738 1996 amen.

1096 2136 1157 2212 17.

289 2288 450 2361 lr'oruud
470 2289 632 2388 bestdtipt
653 2288 732 2361 dcru
754 2288 897 2362 Kloster
919 2290 1095 2364 Marbacb
1122 2290 1244 2364 dassen
1266 2291 1515 2391 Bcsitzunpeu,
1543 2293 1601 2366 die
1629 2293 1852 2384 Immrnritt'r't,
1882 2293 1954 2368 dos
1975 2329 2010 2375 ιε,

295 2411 495 2485 Waltlrecltt
521 2411 600 2484 aad
624 2410 684 2483 die
713 2409 992 2510 Zollbeftciunq.
1436 2449 1625 2526 &Mis
1646 2451 1713 2511 913
1735 2451 1830 2509 ΜΗ
1854 2455 1906 2513 12·

396 2618 658 2694 Orioirtaldiplora
681 2622 721 2678 ira
746 2619 979 2680 Batrtsarcltv
1004 2638 1046 2678 an
1068 2618 1189 2679 Golruor
1213 2619 1273 2698 (A).

393 2759 537 2817 Murteae
554 2759 640 2819 Thes.
658 2763 688 2831 1,
704 2761 748 2818 62
761 2777 820 2817 ons
835 2759 865 2815 A
887 2781 927 2812 =
952 2759 1058 2831 Lilaia
1073 2755 1142 2818 ΒΑ.
1161 2760 1212 2828 19,
1229 2761 1292 2817 961
1308 2764 1342 2817 n⁰
1358 2757 1409 2830 18,
1434 2782 1473 2813 =
1496 2759 1955 2834 EckbartOriq.Hobsb.122

394 2871 428 2920 n⁰
442 2865 472 2922 8.
489 2896 532 2906 -
549 2861 702 2936 Seboptiin
718 2862 784 2924 Ala.
807 2861 881 2936 dipl.
905 2867 934 2932 1,
958 2865 1021 2921 111
1044 2867 1079 2920 πθ
1102 2864 1164 2923 131
1188 2858 1272 2923 nebat
1294 2863 1383 2925 Fons.
1405 2883 1465 2923 nus
1480 2866 1508 2922 A
1531 2889 1572 2918 =
1596 2865 1808 2925 &honoramur
1826 2865 1900 2926 eoa.
1917 2873 1950 2938 1,

392 2971 434 3026 55
451 2974 485 3026 a⁰
499 2969 598 3026 saxa
614 2969 665 3027 12.
680 2967 759 3026 Mat.
783 3001 825 3010 -
848 2967 937 3026 Face.
962 2968 996 3025 in
1018 2968 1108 3041 Kopp
1124 2967 1286 3043 Polaeopr.
1302 2971 1366 3029 crit.
1384 2972 1413 3040 1,
1436 2972 1499 3028 411
1523 2993 1565 3023 =
1587 2969 1718 3029 norm
1732 2969 1772 3029 A.
1792 2971 1882 3030 Conr.
1903 2975 1951 3031 20
1970 2990 2008 3037 ρο

394 3077 427 3128 n⁰
444 3074 496 3131 16.
511 3105 553 3114 -
569 3070 718 3130 Bresslaa
733 3070 807 3130 DD.
824 3077 943 3130 centina
959 3075 978 3129 1
995 3077 1029 3129 η’
1045 3075 1063 3130 1
1079 3089 1138 3131 ons
1150 3071 1187 3131 A.
1206 3105 1249 3115 —
1264 3072 1397 3132 Bobrncr
1410 3075 1487 3148 Rep.
1501 3073 1579 3150 Imp.
1596 3077 1647 3144 15,
1663 3075 1738 3148 Rea.
1754 3075 1834 3136 Kar.
1852 3077 1953 3137 1247.

397 3208 595 3269 Gescttrr'eben
620 3226 676 3268 ron
700 3210 759 3269 SR.
785 3209 865 3268 aava
889 3211 1016 3283 Concept
1039 3226 1096 3268 ron
1119 3208 1182 3269 SD.

392 3399 450 3476 tc.)
474 3397 489 3479 ξ
510 3395 549 3459 ln
571 3397 702 3460 nomine
726 3407 860 3460 sanctae
883 3407 914 3460 et
938 3396 1125 3461 individuae
1149 3398 1313 3460 trinitatis
1343 3395 1561 3461 Cbuonradus
1577 3397 1689 3461 divina
1705 3398 1862 3462 favente·
1883 3398 1951 3463 cle

289 3503 411 3566 mentia
433 3522 503 3564 rex.
591 3498 729 3564 Noverit
752 3501 895 3564 omnium
918 3498 1063 3564 fidelium
1085 3511 1269 3564 nostrorum
1294 3502 1512 3584 praesentium
1543 3499 1667 3564 seilicet
1696 3511 1795 3586 atque
1822 3501 1951 3567 futuro·

288 3626 360 3669 rum
389 3603 567 3682 industria,
601 3602 679 3685 quia
705 3601 925 3666 Nandberdus
952 3601 1149 3667 venerabilis
1175 3602 1444 3667 llorbacheeusis
1467 3601 1624 3667 cenobiib
1645 3603 1732 3668 abba
1754 3609 1770 3689 ξ
1790 3615 1824 3668 et
1851 3627 1951 3670 omne
1971 3627 2007 3674 25

289 3706 462 3790 eollegimn
483 3706 620 3770 flatrum
644 3705 767 3772 ibidem
790 3705 922 3771 domino
945 3706 1186 3772 famulantum*
1206 3731 1264 3793 per
1286 3705 1558 3791 supplicationem
1580 3707 1724 3772 fidelium
1748 3719 1950 3792 nostrorum,

289 3809 453 3874 Hathonis
481 3808 652 3882 videlicet,
681 3810 887 3894 Salomonis,
916 3811 1096 3893 Thiodolti,
1127 3809 1950 3896 Hildini,Einl1ardi,Ercbengarii,Chuonradi,

289 3915 455 4000 Hugonis,
480 3913 627 3990 tutonis,
658 3914 821 3996 Heinrici,
844 3915 1031 4001 Bopponis,
1055 3914 1219 3994 Udalriei,
1242 3913 1436 3996 Eberhardi,
1460 3917 1604 4000 praeeati
1635 3927 1710 3978 sunt
1737 3915 1950 3981 clementiam

289 4031 434 4085 nostram
463 4031 500 4084 ut
527 4044 579 4085 res
608 4019 695 4084 illius
719 4021 869 4085 coenobii
893 4018 936 4084 ad
959 4017 1182 4104 praebendam
1211 4029 1243 4082 ct
1270 4019 1502 4082 nutrimentum
1530 4041 1643 4083 eorum
1671 4021 1873 4103 pertinentes
1900 4022 1951 4086 eis

289 4147 363 4189 cum
391 4135 523 4189 nostrae
551 4125 759 4188 auctoritatis
789 4125 911 4209 scripto
940 4121 1207 4186 confirmaremus
1236 4122 1348 4205 eisque
1377 4122 1462 4186 inter
1489 4145 1524 4186 sc
1546 4121 1688 4206 eligendi
1710 4121 1868 4188 abbatem
1891 4126 1949 4209 qui
1970 4145 2008 4194 ao

289 4227 414 4292 eisdem
441 4227 539 4292 rebus
566 4229 715 4313 praesite
743 4228 944 4311 flaminique
973 4227 1140 4310 regimini,
1170 4247 1230 4310 per
1258 4224 1467 4289 succedentia
1495 4237 1644 4310 tempora
1672 4226 1951 4314 quandocumque

290 4356 424 4398 necesse
448 4335 505 4414 sit,
528 4332 793 4397 concederemus.
823 4331 893 4395 Nos
915 4353 1045 4415 qnoque
1068 4352 1179 4406 eornm
1203 4330 1353 4414 petitioni
1375 4351 1436 4413 pro
1460 4329 1511 4394 dei
1534 4351 1646 4393 amore
1668 4341 1700 4393 et
1715 4339 1849 4395 nostrae
1863 4354 1950 4396 mer—

288 4437 379 4502 cedis
400 4447 576 4522 augmento
599 4435 739 4500 libenter
760 4437 935 4499 annuimus
958 4445 991 4498 et
1012 4434 1076 4498 hoc
1098 4430 1313 4519 preceptum‘¹
1335 4435 1382 4498 eis
1405 4433 1480 4498 iude
1503 4433 1667 4497 conscribi
1689 4436 1860 4516 iussimus,
1889 4458 1951 4522 per

289 4541 378 4626 quod
399 4543 447 4606 eis
470 4543 579 4604 omnia
602 4540 676 4604 loca
699 4561 783 4624 quae
806 4538 859 4602 vel
882 4551 1029 4623 ternpore
1046 4536 1206 4602 Liutsredi
1229 4536 1343 4600 usibus
1361 4559 1473 4602 eorum
1489 4559 1648 4602 concessa
1665 4549 1739 4601 sunt
1754 4550 1813 4602 aut
1829 4551 1951 4624 postea

289 4667 347 4730 per
368 4647 603 4710 incrementum
625 4655 724 4706 aucta
749 4653 824 4706 sunt
846 4655 878 4706 et
901 4643 999 4707 modo
1015 4645 1175 4706 incorum
1190 4642 1349 4704 vestitura
1372 4638 1533 4704 habentur
1554 4651 1610 4704 aut
1633 4643 1751 4706 itriuste
1773 4642 1949 4710 abstracta
1970 4664 2008 4712 35

287 4761 482 4830 noscuntur,
515 4747 674 4811 basilicae
697 4745 851 4809 videlicet
874 4747 979 4809 sancti
1002 4745 1165 4809 Desiderii
1189 4757 1222 4807 et
1244 4759 1378 4807 sanctae
1405 4745 1575 4808 Susannae
1596 4745 1800 4831 Dadilaque‚
1831 4747 1867 4812 id
1896 4761 1949 4813 est

288 4851 488 4932 Dadenn'ed,
512 4863 546 4915 et
559 4848 716 4936 quicquid
731 4848 777 4912 ad
797 4851 870 4934 ipm
893 4848 966 4912 loca
988 4848 1156 4933 appendit,
1178 4849 1270 4931 regia
1292 4850 1487 4913 auctoritate
1509 4849 1728 4946 concedentes
1749 4850 1949 4918 roboramus

287 4959 399 5042 eisque
421 4958 506 5020 inter
528 4978 563 5019 se
585 4953 726 5038 eligendi
749 4951 905 5016 abbatem
928 4951 1067 5016 libemm
1093 4952 1303 5016 concedimus
1330 4951 1511 5017 arbitrium.
1544 4953 1685 5039 Insuper
1711 4955 1811 5018 etiam
1840 4957 1948 5041 regali

288 5071 442 5145 sceptro‘
467 5061 632 5124 sancimus
654 5069 691 5121 ut
713 5055 822 5120 nullus
844 5077 956 5120 comes
978 5065 1035 5118 aut
1057 5054 1157 5119 iudex
1180 5077 1238 5118 seu
1260 5054 1396 5139 quilibet
1419 5066 1616 5140 praepotens
1638 5079 1780 5141 persona
1801 5062 1948 5124 mansio-

286 5185 346 5228 nes
369 5165 401 5227 in
423 5161 488 5228 illis
510 5162 593 5227 locis
615 5161 737 5226 habere
760 5171 817 5224 aut
840 5169 957 5244 parata
982 5161 1154 5244 exquirere
1180 5171 1383 5243 praesumat,
1412 5159 1472 5224 sed
1495 5159 1592 5224 liceat
1619 5161 1667 5224 eis
1693 5163 1804 5244 quieto
1828 5163 1947 5230 ordine
1967 5183 2006 5230 {o

392 5350 432 5404 ΙΙ.
459 5353 488 5401 bt
505 5351 549 5400 dis
565 5350 625 5400 dni
647 5351 736 5399 {aaa
753 5348 917 5398 lancinata
938 5347 992 5410 aas
1004 5347 1094 5398 Bm
1196 5349 1221 5398 ci
1240 5364 1306 5398 corr.
1328 5363 1378 5396 ω
1401 5351 1554 5400 monastirio
1578 5348 1633 5398 ud
1654 5352 1699 5398 ein
1720 5357 1802 5400 auu-d
1825 5353 1948 5417 melsul-

454 5419 551 5486 9eadar
573 5420 590 5468 d
613 5420 748 5468 «madiis
852 5418 881 5464 m
900 5416 1085 5481 mett-etwas
1105 5418 1132 5464 tn
1155 5415 1207 5466 laer·
1226 5417 1374 5481 edm
1392 5416 1479 5468 aas·
1583 5433 1610 5480 er
1627 5434 1733 5469 somn
1755 5419 1822 5470 abac
1841 5423 1948 5474 Atti»

458 5486 638 5554 arianida
742 5487 764 5538 st
783 5484 800 5533 d
817 5501 884 5535 ωπ.
903 5502 951 5534 m
968 5489 986 5535 i.

390 5589 430 5642 17.
458 5588 566 5654 {sichel}
654 5599 682 5642 at
699 5595 726 5638 te
745 5587 806 5635 iba
827 5586 876 5636 δα·
896 5589 967 5638 Zeila
989 5588 1175 5652 aarbpmyea
1261 5589 1332 5652 ΜΛ
1421 5602 1447 5644 τ)
1465 5599 1539 5640 me
1561 5601 1573 5642 t
1596 5595 1629 5640 tas
1648 5593 1765 5657 ,adalam
1787 5611 1806 5642 n
1829 5593 1950 5645 sirmu-

458 5649 488 5722 d)
505 5665 588 5708 neat
606 5675 685 5724 prep,
706 5657 789 5718 πρὼν(
812 5659 932 5720 corrigas
1036 5658 1061 5720 e)
1080 5673 1129 5706 m
1150 5665 1232 5708 m
1252 5659 1446 5724 mnsam
1470 5677 1512 5710 sta
1529 5663 1650 5727 (scriptul
1670 5662 1769 5711 mitte
1787 5661 1844 5713 SB.
1861 5665 1948 5727 usur
1968 5667 2006 5714 ts

458 5735 571 5794 sceptro.
