4576 6428
892 439 1018 499 ΟΤΤΟ
1040 443 1063 498 Ι.
1088 437 1161 498 964.
1786 434 1846 501 381

202 627 243 692 de
266 624 443 690 Uallerano
467 647 541 690 eum
564 625 659 689 tertia
689 621 863 708 portioned
893 623 933 688 de
960 625 1058 709 ipso⁰
1086 623 1240 708 castello,
1275 634 1365 690 curte
1389 624 1428 690 dc
1452 623 1617 710 Curtizole
1640 634 1673 690 et
1695 634 1785 691 curte
1809 625 1849 690 de

203 729 305 796 Corso
323 752 397 796 oum
413 731 493 814 ipsis
515 730 641 794 masis*
664 751 746 816 quos
767 728 915 793 fecerunt
937 727 1039 793 valesi
1052 739 1066 768 ⁸
1087 726 1129 792 ad
1145 736 1271 813 partem
1295 729 1400 792 sancti
1417 725 1609 810 Salratons,
1632 738 1722 793 curte
1745 729 1850 793 sancti

201 835 288 898 Petri
312 836 345 898 in
364 831 543 898 Ceruaria‘
564 843 597 898 et
618 842 708 898 curte
732 841 866 897 sanctae
889 832 992 897 Marie
1015 833 1049 896 in
1063 831 1241 897 Ualeriano
1265 833 1352 896 etin
1374 830 1472 918 Aqua
1494 832 1655 917 pendente
1679 830 1850 897 tabernam

203 959 302 1002 unam
325 947 357 1002 et
378 936 517 1002 molinas
541 937 634 1019 duas,
658 959 768 1001 masos
794 945 866 1000 octo
890 937 924 999 in
946 934 1020 1000 loco
1044 933 1203 1018 Nebiano,
1227 938 1261 1000 in
1284 934 1415 1001 Cusano
1440 957 1549 1001 masos
1573 953 1638 1019 vn,
1662 945 1786 1002 curtem
1809 935 1849 1001 de

170 1049 318 1107 osanoto
336 1039 457 1105 Seuero
483 1062 581 1125 super
602 1039 720 1122 lacum,
744 1047 869 1104 curtem
891 1038 931 1102 de
955 1049 1069 1104 sancto
1086 1037 1303 1124 Columbano,
1317 1049 1451 1106 curtem
1474 1040 1514 1104 de
1535 1040 1701 1122 Portiano,
1725 1049 1849 1104 curtem

203 1145 308 1208 sancti
332 1142 488 1228 Stephani
517 1145 552 1207 in
573 1144 724 1209 Funiano
748 1151 780 1206 et
803 1151 893 1208 curte
922 1144 1027 1207 sancti
1049 1143 1170 1208 Lazari
1198 1146 1232 1207 in
1256 1143 1358 1227 Sena,
1389 1153 1480 1210 curte
1508 1147 1611 1208 sancti
1635 1141 1791 1228 Stephani
1815 1144 1848 1207 in

201 1247 356 1331 Terquini
379 1255 411 1311 et
434 1246 518 1311 cella
540 1249 645 1312 sancti
660 1245 773 1312 Sauini
798 1255 830 1310 ct
852 1255 986 1310 sanctae
1008 1245 1168 1311 Restituta
1190 1257 1222 1311 et
1245 1257 1335 1312 curte
1358 1247 1398 1312 de
1421 1248 1575 1312 Bizantia
1599 1270 1674 1312 cum
1697 1247 1848 1312 omnibus

203 1351 403 1434 pertinentiis
422 1359 455 1414 et
472 1350 665 1415 adiacentiis
689 1372 801 1414 eorum
820 1359 852 1414 et
869 1348 1005 1413 decimis
1024 1361 1056 1412 et
1073 1349 1173 1413 fredis
1197 1357 1229 1413 et
1247 1351 1414 1416 iudicariis
1437 1337 1481 1414 ad
1502 1352 1571 1417 iarn
1591 1350 1714 1416 dictum
1737 1371 1849 1414 mona-

202 1453 335 1518 sterium
358 1454 489 1518 sanoti⁸
508 1453 688 1519 salvatoris
707 1462 739 1517 ct
757 1454 986 1538 prenominata
1009 1443 1083 1517 loca
1105 1454 1189 1517 iuste
1212 1456 1411 1537 pertinentes
1435 1452 1494 1518 sub
1518 1464 1627 1538 nostre
1650 1453 1848 1518 defensionis

152 1572 185 1620 ιο
203 1555 385 1622 munburdo
408 1559 552 1642 recipere
576 1557 794 1642 dignaremur.
831 1555 928 1638 Quod
950 1579 1010 1621 nos
1034 1578 1092 1641 pro
1117 1555 1169 1621 dei
1192 1578 1303 1621 amore
1324 1555 1551 1640 libeltissime⁸
1573 1557 1708 1622 fecimus
1732 1567 1764 1620 at
1787 1557 1847 1622 sub

202 1669 351 1725 nostrum
366 1658 584 1726 munburdum
599 1662 707 1745 ipsum
722 1661 954 1726 monasterium
970 1682 1045 1725 oum
1062 1661 1293 1744 suprascriptis
1308 1659 1405 1724 rebus
1422 1662 1615 1745 recepimus,
1632 1662 1848 1746 precipientes
1887 1735 1890 1742 f

203 1786 260 1848 per
287 1773 398 1847 nostre
427 1765 631 1828 auctoritatis
663 1765 818 1849 paginam
846 1773 882 1830 ut
903 1763 1012 1830 nullus
1041 1763 1109 1828 dux
1137 1763 1282 1829 marchio
1313 1785 1423 1830 comes
1452 1765 1635 1828 vicecomes
1664 1763 1847 1829 sculdascio

202 1864 364 1951 gastaldio
388 1889 448 1932 neo
472 1866 615 1953 quelibet
642 1869 745 1933 nostri
774 1870 864 1952 regni
895 1888 1015 1951 magna
1043 1889 1208 1954 parvaque
1237 1888 1377 1952 persona
1407 1869 1668 1951 prenominatum
1695 1866 1849 1934 abbatem
1881 1871 1883 1874 ’

203 1969 416 2035 Gisilbertum
439 1980 471 2035 et
493 1972 563 2036 eius
592 1992 799 2037 successores
823 1970 863 2035 de
886 1970 1037 2037 omnibus
1067 1973 1296 2057 suprascriptis
1319 1971 1416 2036 rebus
1439 1971 1627 2036 monasterii
1652 1974 1756 2036 sancti
1779 1971 1849 2038 Sal-

152 2076 325 2138 lavatoria
349 2076 529 2160 inquietare
551 2074 725 2140 molestare
747 2073 944 2140 contendere
965 2074 1121 2140 invadere
1144 2084 1201 2139 aut
1223 2073 1395 2138 disvestire
1419 2076 1489 2139 sine
1510 2074 1607 2159 legali
1630 2075 1752 2140 iudicio
1777 2097 1847 2160 pre-

202 2186 319 2242 sumat.
356 2177 400 2242 Et
422 2179 448 2242 si
473 2179 545 2265 quis
567 2177 681 2243 fecerit
704 2187 736 2242 et
758 2179 861 2242 nostri
883 2176 1058 2243 munburdi
1080 2177 1222 2243 violator
1243 2179 1401 2256 extiterit,
1427 2180 1509 2243 sciat
1532 2177 1567 2242 sle
1590 2181 1848 2264 compositurum

202 2283 272 2346 auri
297 2284 410 2367 optimi
433 2281 534 2347 libras
557 2293 698 2365 centum,
721 2282 932 2348 medietatem
953 2283 1087 2367 kamere
1110 2291 1220 2366 nostre
1238 2291 1270 2347 et
1288 2281 1496 2347 medietatem
1519 2281 1645 2368 prelato
1669 2282 1848 2348 venerabili

201 2384 323 2451 abbato
336 2397 349 2426 ²
364 2385 542 2452 Gisilberto
565 2389 690 2451 eteius
713 2385 957 2451 suecessoribus
981 2388 1035 2471 qui
1058 2407 1117 2473 pro
1140 2395 1287 2471 tempore
1309 2385 1439 2450 fuerint.
1475 2377 1573 2466 Quod
1594 2396 1631 2450 ut
1651 2388 1759 2450 verius
1783 2408 1849 2450 orc-

202 2488 297 2555 datur
319 2498 352 2555 et
375 2489 561 2575 diligentius
585 2490 626 2556 ab
652 2491 801 2556 omnibus
825 2488 1030 2570 observetur,
1059 2491 1213 2554 iussimus
1235 2487 1311 2554 inde
1334 2487 1420 2553 hunc
1443 2487 1663 2554 munburdum
1685 2487 1848 2554 conscribi

152 2609 186 2657 ao
204 2593 368 2680 anuloque
390 2604 502 2659 nostro
526 2593 673 2678 sigillari.
1126 2581 1129 2588 ¹
1624 2585 1625 2588 ¹

304 2755 318 2836 ξ
339 2751 526 2835 Liutgerius
541 2749 757 2815 cancellarius
777 2749 926 2816 advicem
940 2749 1104 2830 Uuidonis,
1121 2750 1267 2836 episcopi
1284 2757 1316 2814 et
1330 2745 1609 2814 archicancellarii
1624 2747 1814 2834 subscripsi.
1836 2751 1850 2834 ξ

1599 2853 1681 2934 (sn.)
1722 2854 1779 2934 (su
1796 2853 1847 2933 o.)

303 3010 394 3075 Data
416 3029 466 3075 111.
482 3033 558 3076 non.
575 3032 649 3095 aug.
673 3030 759 3074 anno
783 3007 967 3074 dominicae
989 3009 1223 3074 incarnationis
1239 3025 1462 3092 Dcoccnxnn,
1485 3008 1662 3075 indictione
1679 3025 1738 3093 vn,
1763 3032 1847 3074 anno

201 3117 326 3199 imperii
356 3117 465 3198 magni
490 3113 622 3180 Ottonis
650 3113 855 3198 imperatoris
884 3114 1012 3198 augusti
1035 3113 1148 3196 tertio3
1179 3121 1288 3178 aetum
1310 3114 1344 3176 in
1367 3114 1499 3178 civitate
1522 3114 1711 3197 Lucense⁸3
1727 3125 1728 3128 ’
1743 3135 1848 3180 amen.

150 3399 185 3446 as
830 3391 833 3394 ·
980 3370 1068 3447 268.

156 3595 157 3598 ,
211 3527 291 3604 Ouo
328 3529 489 3627 boatdtiyt
520 3528 585 3602 der
618 3525 862 3623 bucboflioboa
885 3525 1019 3600 Kirche
1053 3553 1098 3600 za
1122 3527 1257 3627 Reppio
1291 3529 1359 3602 alte
1392 3527 1634 3618 Gerocbtsomo
1671 3527 1749 3599 und
1777 3526 1847 3599 Bc·

201 3649 386 3748 sitzuoyeu
419 3649 500 3722 aad
532 3661 638 3721 unter
671 3648 832 3720 letzterea
865 3648 1114 3723 imbesondere
1149 3651 1254 3722 eicon
1279 3675 1351 3721 voa
1375 3647 1472 3721 Korl
1498 3649 1578 3722 dem
1610 3646 1764 3723 &ossea
1788 3672 1847 3746 pe-

201 3768 386 3843 soderattea
411 3769 527 3842 Wald.
1426 3790 1527 3848 Lacca
1549 3792 1611 3850 964
1635 3787 1753 3862 Aroqust
1776 3791 1805 3847 8.

309 3994 555 4068 Oriqiualdiptom
578 3995 620 4051 tm
645 3991 858 4066 Capitelarcbr'u
879 4011 920 4051 eu
941 3993 1054 4067 Reyoio
1077 3991 1135 4071 (A).

151 4146 183 4192 30
310 4132 422 4206 uquezu
444 4133 538 4196 Italia
560 4149 644 4191 soora
667 4131 711 4191 ed.
731 4140 762 4202 Ι,
786 4133 815 4201 5,
839 4133 925 4191 1582
947 4149 1003 4191 aus
1027 4131 1063 4202 A,
1087 4132 1142 4190 mit
1160 4146 1219 4193 vn.
1244 4131 1308 4191 idus
1331 4133 1447 4205 augusti
1472 4131 1514 4210 (a)
1541 4157 1578 4184 ε
1602 4132 1736 4203 Affarosi
1757 4133 1848 4191 illem.

303 4237 385 4294 istor.
409 4235 441 4292 di
463 4235 495 4294 S}
517 4235 661 4307 Prospero
684 4238 714 4306 1,
738 4237 802 4295 363
823 4239 890 4294 u⁰1
915 4234 959 4294 als
983 4236 1104 4293 trascrirt
1127 4236 1159 4292 ia
1174 4233 1242 4294 Do.
1258 4239 1321 4296 269
1340 4233 1391 4313 (b),
1409 4259 1449 4288 :=
1470 4234 1549 4309 Orio.
1570 4236 1670 4307 Guetf.
1688 4242 1717 4306 1,
1736 4240 1800 4296 280
1816 4239 1849 4294 in

302 4344 337 4394 πθ
350 4341 403 4398 29.
422 4369 459 4379 -
482 4337 594 4410 Uolrettr'
615 4337 658 4397 ed.
679 4346 719 4408 11,
741 4342 773 4408 2,
790 4341 855 4397 269
878 4354 934 4396 aas
953 4355 973 4395 a
993 4339 1047 4396 mit
1071 4337 1320 4410 Verbcosermrqea
1338 4355 1395 4396 uua
1410 4336 1438 4394 A
1455 4352 1494 4390 =
1514 4337 1595 4412 Orip.
1615 4339 1716 4410 Gualf.
1736 4345 1765 4409 1,
1786 4341 1849 4418 510

303 4448 337 4499 a⁰
354 4445 405 4501 17.
421 4473 464 4484 —
482 4441 650 4500 Tirahoactr‘
671 4441 760 4499 Mem.
784 4445 854 4500 ster.
878 4441 1034 4500 Modouesi
1056 4435 1099 4512 1⁶,
1123 4445 1186 4502 130
1208 4447 1242 4499 u⁰
1260 4444 1325 4500 107
1346 4441 1390 4499 ola
1413 4443 1535 4500 iruerirt
1557 4443 1590 4499 ta
1611 4440 1679 4501 ΒΟ.
1695 4445 1770 4512 269,
1793 4460 1849 4500 uus

303 4543 360 4604 Ab.
386 4577 424 4587 -
448 4542 577 4602 Bdhmer
598 4544 672 4617 aar.
696 4547 756 4604 281
780 4544 845 4602 aad
867 4543 996 4617 Stampf
1012 4543 1084 4618 Ray.
1108 4548 1170 4604 341
1194 4563 1234 4603 zu
1257 4545 1375 4618 Areua
1397 4549 1426 4603 7.

306 4701 428 4760 Conterit
435 4700 620 4774 peschriebea
631 4717 686 4760 suu
697 4700 738 4759 It.
752 4698 790 4758 A.
803 4701 867 4758 aad
877 4700 1063 4759 Esctotokoll
1077 4717 1132 4759 uon
1144 4699 1210 4760 Μ’.
1228 4700 1321 4760 quer
1335 4702 1470 4759 beautste
1485 4700 1643 4758 wicciorum
1656 4699 1850 4779 (3.1)0242)

303 4805 432 4862 mebrore
452 4805 677 4864 Vorurturrdea.
713 4805 751 4862 Ia
767 4802 834 4863 DO.
857 4807 923 4863 242
945 4804 989 4862 als
1010 4803 1073 4865 VU.
1094 4812 1112 4861 Ι
1130 4803 1267 4862 schultetc
1288 4820 1320 4862 er
1342 4805 1426 4862 cinea
1442 4803 1514 4862 Sata
1536 4819 1591 4860 aus
1615 4801 1680 4859 dom
1700 4803 1739 4860 D.
1763 4821 1847 4876 spur.

301 4907 380 4965 Kurl
402 4907 452 4966 des
471 4907 600 4966 Grosscu
624 4906 703 4985 (VU.
725 4915 758 4966 11
779 4929 820 4959 =
843 4906 1036 4965 Mdblboobcr
1057 4907 1128 4966 RK.
1151 4905 1242 4984 229),
1267 4907 1349 4965 duaa
1375 4909 1460 4965 etuas
1488 4908 1610 4964 awriten
1637 4923 1693 4965 uus
1721 4907 1787 4966 dem
1808 4909 1847 4967 D.

302 5011 406 5084 Huqos
429 5010 493 5068 mut
510 5010 639 5072 Lothurs
661 5028 726 5069 vom
748 5010 781 5070 J.
802 5014 866 5082 942
888 5008 967 5088 (VU.
988 5017 1038 5068 ΙΙι
1054 5033 1095 5062 =
1111 5011 1240 5068 Bobmer
1256 5011 1329 5084 Req.
1349 5012 1425 5070 Kar.
1450 5008 1546 5087 1411)
1571 5012 1633 5078 ein,
1649 5010 1755 5082 jedoclr
1777 5013 1850 5070 elme

304 5113 366 5172 sicli
394 5114 439 5170 ber'
466 5112 565 5171 diesen
590 5113 741 5172 Zuscttoeu
768 5113 832 5171 uad
854 5112 911 5171 dea
932 5113 1178 5185 eratspreclrcudeu
1199 5114 1387 5186 Kareunyoa
1409 5113 1461 5171 der
1483 5113 1705 5186 Hauptrorlupc
1727 5132 1779 5171 um
1801 5115 1849 5173 dic

308 5219 500 5275 constructive
519 5217 708 5290 Verbioduno
731 5236 772 5275 au
793 5217 958 5276 hommem.
995 5215 1057 5274 Voa
1080 5217 1242 5275 stabilimus
1264 5233 1304 5274 uu
1327 5218 1447 5275 ucrwsbt
1470 5233 1502 5274 er
1515 5218 1549 5274 iu
1571 5217 1619 5275 die
1634 5217 1774 5291 Fossunp
1797 5219 1849 5276 dor
1906 5221 1913 5234 ”

306 5317 369 5379 VU.
389 5327 408 5376 Ι
428 5320 556 5378 abactae
578 5320 771 5393 Weaduuqca
799 5321 852 5379 der
871 5321 934 5381 VU.
954 5329 1006 5379 ΙΙΙ
1024 5319 1089 5379 aad
1111 5320 1160 5380 des
1183 5322 1225 5378 im
1247 5319 1350 5378 Dictat
1378 5321 1511 5378 ricmlioh
1535 5321 1789 5394 oloiclrloutcndcn
1806 5324 1845 5382 D.

303 5423 433 5496 Inarime
455 5422 505 5481 des
528 5423 660 5482 Bliadeu
681 5440 746 5482 omn
768 5423 800 5482 J.
825 5427 888 5484 909
913 5423 1056 5501 (Bttmer'
1074 5424 1145 5498 Ray.
1170 5425 1246 5482 Kar.
1272 5422 1380 5500 1457).

288 5637 348 5692 207.
374 5641 401 5702 d)
420 5641 584 5708 portioned
688 5645 712 5707 e)
729 5645 756 5708 ip
780 5660 845 5695 corr.
872 5660 920 5693 aus
937 5646 960 5694 ia
1063 5644 1167 5710 Osolpt
1184 5644 1273 5696 Rarus·
1290 5644 1373 5695 durch
1394 5644 1488 5696 welche
1512 5651 1576 5696 awa
1599 5643 1850 5708 modlsBuebatcbea

371 5710 461 5776 pailet
478 5711 534 5761 sein
551 5711 640 5776 m‘o'yen
743 5713 771 5778 g)
789 5729 817 5762 sc
835 5729 901 5764 corr.
919 5730 967 5798 aaa
984 5729 1022 5766 sa,
