4576 6420
891 424 1016 484 ΟΤΤΟ
1037 426 1062 481 Ι.
1086 421 1158 480 962.

203 631 318 674 nostram
341 609 494 690 perpetuam
518 624 631 677 salutem
653 624 813 676 corticellam
837 641 888 691 que
903 625 999 674 dicitur

202 727 326 778 blalliace
348 733 374 779 et
396 728 505 778 alteram
528 745 580 794 quc
602 728 700 778 dicitnr
716 728 849 778 Calauade
872 733 899 778 et
914 728 999 794 capel-

202 833 253 882 lam
270 847 321 895 qus
338 835 376 880 est
391 832 419 880 in
434 833 534 883 honore
550 837 657 882 sanctae
673 832 715 882 dei
732 832 868 898 genitricis
882 850 899 880 ι
916 833 1000 898 Maria

203 950 254 999 que
271 933 367 984 dicitur
382 934 524 996 Primascn,
547 950 599 1000 que
614 929 801 984 constructa
816 930 865 984 est
887 936 915 984 in
929 935 1000 986 valle

168 1037 335 1100 ausinora,
359 1038 387 1086 in
409 1037 557 1088 subsidium
576 1045 602 1089 et
619 1040 837 1090 sustentationem
858 1039 999 1089 monacho-

200 1157 257 1192 rnm
282 1157 341 1191 cnm
365 1123 506 1192 omnibnsi
528 1144 702 1208 pertiuentiis,
724 1159 784 1193 cum
803 1145 885 1193 servis
906 1149 933 1194 et
954 1159 999 1194 an-

166 1233 171 1244 *
201 1246 269 1296 cillis
291 1263 308 1294 ι
330 1250 409 1311 atque
438 1245 590 1296 aldionibus
617 1247 686 1296 iuste
715 1252 741 1296 et
769 1247 889 1313 legaliter
911 1249 938 1296 in
962 1249 1000 1298 eis

202 1349 345 1399 corticellis
367 1350 569 1414 pertinentibus.
603 1334 740 1419 Insuper
762 1335 861 1398 etiam
884 1334 999 1399 confir-

201 1460 327 1503 mamus
357 1447 390 1502 et
421 1438 671 1504 corroboramus
693 1437 798 1502 eidem
822 1437 999 1502 venerabili

152 1557 183 1603 10
202 1541 361 1607 coenobio
381 1551 504 1606 cortem
520 1539 690 1606 Paonemlt
708 1550 740 1606 et
756 1540 854 1605 aliam
874 1550 999 1606 curtem

203 1669 265 1730 quc
280 1644 466 1710 Uillarasca
481 1645 600 1709 dicitur
617 1653 650 1708 et
667 1666 783 1709 mansa
806 1665 868 1731 que
891 1645 1000 1709 iacent

202 1751 235 1812 in
249 1747 387 1812 Rouorri
404 1770 479 1813 cum
494 1747 643 1814 omnibus
660 1750 862 1834 pertinentiis
876 1771 998 1831 earum,

202 1873 277 1915 cum
299 1849 396 1914 rebus
419 1860 451 1914 et
473 1849 608 1916 familiis
631 1851 791 1937 portubus
807 1863 839 1917 et
854 1862 998 1917 mercato

201 1964 234 2018 ct
262 1953 519 2018 districtionibus
542 1954 736 2019 molendinis
758 1965 790 2019 et
812 1956 999 2039 piscationi-

152 2071 183 2120 15
201 2057 263 2122 bus
286 2059 380 2143 aquis
404 2079 626 2146 aquarumque
650 2058 800 2124 ductibus
808 2110 817 2141 ,
847 2069 882 2124 ut
911 2059 1000 2124 dein·

110 2211 113 2214 .
202 2182 280 2246 cepe
295 2163 364 2246 ipse
381 2171 515 2225 sanctus
537 2162 630 2227 locus
653 2185 712 2247 pro
731 2164 873 2228 remedio
890 2165 999 2248 anime

201 2274 311 2348 nostre
342 2267 411 2329 sine
441 2264 538 2330 ullius
570 2265 711 2332 hominis
741 2265 1000 2332 contradictione

201 2376 310 2433 teneat
338 2378 436 2456 atque
463 2369 639 2456 possideat.
677 2370 722 2434 Et
744 2371 771 2434 si
793 2370 905 2456 aliqua
928 2394 998 2458 per-

202 2492 283 2536 sona
312 2474 402 2557 ipsas
432 2482 538 2538 curtes
567 2473 619 2538 vel
642 2472 765 2560 aliquid
791 2474 832 2538 de
861 2473 999 2540 eorum¹²

117 2625 118 2630 ,
150 2588 184 2634 20
203 2575 455 2661 proprietatibus
472 2575 617 2662 predicto
636 2587 749 2642 sancto
767 2577 925 2643 coenobio
941 2578 1000 2643 tol-

200 2677 266 2742 lere
288 2688 345 2742 aut
367 2678 563 2744 diminorare
583 2683 802 2765 presumserit,
826 2703 900 2746 cum
916 2682 998 2747 Iuda

201 2780 356 2846 traditore
384 2791 416 2846 et
445 2805 521 2848 curn
555 2783 686 2869 diabolo
721 2794 848 2870 partem
878 2784 999 2851 habeat

201 2886 270 2950 sine
293 2884 359 2951 ullo
383 2886 526 2952 remedio
550 2897 582 2953 ct
605 2889 674 2952 sine
697 2887 764 2954 ullo
786 2889 861 2954 fine.
900 2904 997 2955 Secun-

200 3004 262 3054 dum
291 3011 379 3056 antem
407 3006 476 3056 hauc
503 3013 619 3056 nostram
641 3005 821 3057 definitionem
844 3002 876 3056 et
898 2994 998 3077 impe·

149 3101 183 3150 25
200 3092 293 3158 rialia
316 3096 439 3178 scripta
462 3111 595 3160 sancimus
619 3117 645 3160 et
667 3111 751 3161 modis
774 3112 896 3170 omnibus
919 3113 997 3161 inter-

202 3211 313 3262 dicimus
336 3215 438 3263 cunctis
460 3215 506 3279 qui
532 3214 661 3279 reliquam
687 3219 790 3278 partem
811 3198 847 3250 *¹
869 3216 897 3264 in
919 3215 998 3264 bene-

201 3315 289 3366 ficium
317 3316 473 3380 habuerint,
503 3323 533 3368 ut
555 3318 655 3368 nullam
678 3323 835 3382 potestatem
858 3323 998 3369 exerceant

201 3420 228 3470 in
250 3420 375 3484 predictis
398 3422 477 3471 rebus
500 3437 517 3472 a
537 3429 628 3474 nostra
650 3422 769 3474 mercede
796 3423 931 3472 monachis
954 3422 997 3473 de·

201 3524 294 3588 legatis
317 3540 333 3572 ιι
356 3524 398 3574 vel
421 3525 533 3575 electum
556 3542 633 3592 quem
657 3526 798 3576 habuerint
824 3526 947 3575 abbatem
969 3527 996 3576 in

150 3630 184 3678 30
202 3626 291 3690 aliquo
320 3628 492 3692 conturbent,
526 3622 558 3678 et
583 3613 680 3702 liceat
706 3612 894 3696 [Iohannem
917 3614 994 3698 iam]

201 3714 323 3780 dictum
353 3715 507 3780 abbatem
534 3717 568 3780 in
597 3717 669 3800 ipso
694 3717 853 3782 coenobio
880 3715 997 3801 degere

202 3817 261 3883 sub
284 3817 397 3903 regula
427 3821 530 3884 sancti
552 3819 722 3884 Benedicti
746 3829 777 3884 et
799 3819 996 3885 cottidianas

202 3921 263 3986 dco
286 3921 400 3986 laudes
424 3933 457 3987 et
480 3917 643 3988 orationes
670 3945 729 4008 pro
757 3933 866 3988 nostre
890 3924 996 4008 anime

204 4028 408 4108 vegetatione
441 4029 631 4114 imperiique
664 4030 767 4092 nostri
802 4037 887 4091 statu
917 4027 997 4093 inibi

150 4143 183 4190 35
203 4129 317 4192 offerre
332 4139 364 4193 ct
380 4152 508 4194 omnem
525 4132 811 4214 congregationem
833 4129 894 4194 sibi
911 4153 997 4197 com·

201 4232 335 4296 missam
365 4231 504 4310 assiduis
534 4233 694 4298 alimentis
723 4255 858 4319 pascere
887 4243 919 4300 et
941 4258 998 4300 nu·

203 4335 278 4397 trire
302 4337 428 4399 cunctis
450 4337 516 4420 vite
541 4359 597 4420 sue
621 4335 752 4417 diebus3
786 4359 860 4402 oum
890 4348 997 4404 autom

227 4538 304 4592 2410.
322 4541 341 4604 i)
359 4542 462 4590 omibus
490 4540 555 4591 abac
578 4540 698 4598 Atlrilna
697 4542 846 4608 nazaraea
936 4545 963 4606 k)
983 4561 1000 4595 a

317 4609 378 4659 iiber
396 4609 443 4660 der
460 4609 529 4660 Zeila
546 4610 733 4682 aactqetrayea
803 4613 822 4674 l)
835 4619 935 4679 partem
954 4613 998 4664 ab·

149 4693 183 4741 40
320 4679 408 4729 batiae
425 4678 480 4731 VU.

1786 416 1846 482 341

1051 607 1228 673 venerabili
1243 607 1317 672 loco
1334 627 1525 672 concessam
1541 615 1574 670 et
1590 599 1696 690 alfiae]
1715 603 1848 689 corlte]s

1053 710 1064 795 [
1072 760 1245 777 .......
1252 710 1292 794 ]⁰,
1316 707 1673 791 videlicetOr[essiani]
1698 731 1848 773 necnon
1930 711 1933 716 ’

1051 826 1083 880 et
1094 830 1244 880 uillarum
1258 837 1324 879 una
1336 835 1411 880 oum
1427 822 1535 877 castro
1550 811 1630 877 inibi
1646 810 1847 893 const[ructo

1051 919 1087 1002 et]
1105 949 1198 984 mansa
1212 948 1263 999 que
1281 934 1413 982 iacentia
1428 932 1542 982 Rouorri
1564 947 1623 980 cum
1647 931 1769 982 omnibns
1791 948 1848 996 per·

1051 1039 1169 1088 tinentiis
1188 1053 1285 1099 earum,
1309 1052 1368 1086 cum
1391 1037 1470 1086 rebus
1494 1042 1520 1086 et
1541 1035 1648 1086 familiis
1670 1037 1800 1100 portubus
1823 1042 1850 1088 et

1050 1147 1165 1192 mercato
1189 1146 1215 1191 et
1237 1140 1446 1190 districtionibus
1469 1138 1626 1188 molendinis
1649 1144 1676 1188 et
1697 1139 1849 1203 piscationi-

1051 1247 1101 1296 bus
1124 1247 1200 1312 aquis
1223 1259 1403 1310 aquarumque
1419 1243 1552 1304 ductibus,
1575 1248 1605 1292 ut
1620 1241 1747 1306 deinceps
1762 1245 1849 1307 ipsum

1051 1355 1172 1401 sanctum
1194 1331 1389 1398 coenobium
1411 1363 1459 1410 pro
1475 1346 1590 1397 remedio
1609 1346 1695 1411 anime
1717 1328 1847 1397 nostraed

1051 1456 1108 1504 aine
1131 1453 1211 1502 ullius
1240 1451 1353 1502 bominis
1376 1449 1585 1501 contradictione
1608 1455 1697 1500 teneat
1718 1457 1745 1501 et
1766 1451 1849 1515 possi-

1051 1557 1113 1606 deat
1134 1541 1348 1626 firmiterque,
1378 1547 1413 1603 ut
1444 1537 1579 1622 [omnes]
1609 1561 1661 1604 ree
1691 1547 1848 1625 perpetuo

1052 1643 1093 1709 ad
1123 1665 1218 1709 usum
1249 1643 1303 1707 vel
1325 1644 1448 1708 victum
1477 1641 1712 1708 monachorum
1739 1643 1848 1708 fruan-

1050 1757 1111 1813 tur.
1150 1763 1186 1812 Et
1213 1763 1234 1812 si
1264 1761 1354 1829 aliqua
1381 1777 1496 1826 persona
1524 1768 1645 1831 magna
1667 1747 1719 1811 vel
1746 1769 1848 1833 parva

1050 1867 1122 1932 ipsas
1150 1873 1235 1916 cort-es
1265 1866 1307 1916 vel
1337 1866 1438 1930 aliquid
1466 1866 1498 1915 de
1527 1881 1617 1916 eorum
1643 1867 1849 1930 proprietatibus

1049 1970 1168 2036 predicto
1199 1955 1396 2018 monasterio
1428 1967 1521 2018 tollere
1544 1973 1592 2017 aut
1613 1967 1770 2017 diminorare
1794 1962 1850 2016 aut

1050 2057 1122 2123 loco
1156 2057 1181 2142 [.
1201 2105 1209 2121 .
1230 2106 1238 2122 .
1257 2057 1301 2141 .]e
1330 2055 1461 2120 illorum
1493 2065 1625 2122 tenere⁰
1653 2072 1849 2135 presumpserit,

1050 2194 1110 2227 cum
1125 2177 1193 2226 Iuda
1210 2176 1337 2227 traditore
1360 2181 1386 2225 et
1408 2192 1468 2226 cum
1491 2175 1597 2227 diabolo
1620 2181 1721 2240 partem
1743 2167 1850 2235 bab[eat

1050 2283 1107 2332 sine
1136 2281 1191 2332 ullo
1221 2281 1336 2332 remedio
1366 2285 1393 2330 et
1425 2281 1481 2330 sine
1511 2279 1566 2330 ullo
1593 2279 1653 2330 line.
1698 2277 1849 2330 Secundum

1050 2376 1147 2444 autem]
1177 2384 1245 2434 banc
1275 2389 1391 2434 nostram
1421 2374 1609 2443 [definitionem
1638 2389 1664 2433 et
1693 2375 1849 2448 imperialia]

1050 2491 1149 2552 scripta
1182 2489 1315 2537 sancimus
1346 2492 1372 2538 et
1399 2487 1484 2537 modis
1513 2487 1635 2538 omuibus
1668 2487 1849 2538 interdicimus

1050 2593 1152 2643 cunctis
1174 2593 1220 2657 qui
1242 2591 1371 2656 reliquam
1393 2595 1495 2655 partem
1517 2607 1556 2640 ιιι
1578 2591 1606 2640 in
1624 2591 1782 2641 beneficium
1804 2592 1849 2641 ha·

1050 2696 1169 2757 buerint,
1204 2699 1235 2744 ut
1265 2694 1365 2744 nullam
1393 2700 1550 2760 potestatem
1580 2701 1720 2744 exerceant
1741 2696 1769 2744 in
1791 2710 1849 2758 pre-

1050 2798 1128 2848 dictis
1150 2782 1233 2848 locis
1256 2791 1288 2846 et
1311 2798 1390 2847 rebus
1414 2780 1564 2847 omnibus
1588 2812 1604 2846 a
1625 2802 1715 2846 nostra
1729 2797 1848 2848 mercede

1049 2901 1185 2952 monachis
1209 2901 1337 2967 delegatis
1360 2901 1402 2951 vel
1424 2917 1440 2949 ιι
1456 2901 1579 2952 abbatem
1602 2886 1704 2971 ipsius
1729 2885 1795 2950 loci
1819 2902 1847 2948 in

1049 3007 1139 3072 aliquo
1162 2997 1338 3069 contur[bent,
1362 2996 1397 3064 et]
1419 3004 1499 3055 liceat
1513 3005 1657 3056 Iohannem
1678 3006 1732 3054 iam
1749 3005 1848 3054 dictum

1049 3111 1174 3161 abbatem
1196 3111 1224 3158 in
1246 3110 1304 3174 ipso
1328 3110 1456 3160 coenobio
1480 3109 1575 3176 degere
1591 3109 1640 3158 sub
1656 3108 1749 3174 regula
1764 3110 1848 3158 sancti

1048 3213 1186 3266 Benedicti
1220 3218 1247 3264 et
1274 3212 1431 3264 cottidianas
1460 3211 1509 3262 deo
1539 3211 1634 3262 laudes
1662 3217 1689 3261 et
1716 3213 1849 3262 orationes

1048 3336 1096 3386 pro
1125 3323 1215 3370 nostre
1243 3318 1330 3383 anime
1360 3307 1546 3382 vegetatiione]
1578 3317 1733 3381 imperiique
1766 3319 1848 3366 nostri

1049 3429 1119 3473 statu
1147 3423 1214 3472 inibi
1243 3420 1335 3472 offerre
1358 3425 1385 3470 et
1406 3435 1510 3470 omnem
1539 3420 1769 3486 congregationem
1798 3419 1848 3469 sibi

1049 3529 1215 3580 commissam
1231 3525 1345 3576 assiduis
1360 3524 1492 3574 alimentis
1515 3507 1715 3593 spiritalibus
1732 3516 1763 3573 et
1779 3529 1848 3573 001·-

1049 3614 1217 3701 poraiibus
1247 3644 1355 3694 pascere
1383 3633 1409 3678 et
1437 3613 1549 3677 fovere
1582 3627 1685 3677 cunctis
1713 3629 1768 3692 vite
1801 3642 1848 3692 sire

1049 3735 1159 3799 diebus;
1194 3749 1254 3783 cum
1282 3737 1370 3783 erstem
1399 3748 1459 3782 eum
1486 3731 1608 3781 dominus
1631 3730 1663 3780 de
1685 3730 1736 3781 hoc
1758 3729 1848 3780 seculo

1049 3829 1163 3899 vocaire]
1179 3838 1293 3904 iusserit,
1316 3835 1401 3886 modis
1422 3835 1544 3885 omnihus
1567 3835 1700 3884 sancimus
1723 3841 1749 3884 et
1770 3835 1848 3884 inter·

1049 3941 1169 4005 dicimus,
1191 3942 1319 3993 utnulla
1341 3945 1482 4005 prepotens
1504 3953 1639 4004 {larvaque
1660 3953 1774 4003 persona
1791 3953 1848 4001 pre-

1050 4047 1149 4097 dictum
1172 4045 1329 4097 coenobium
1352 4035 1486 4103 [invadere
1507 4033 1614 4102 nitatur]
1637 4047 1685 4091 aut
1700 4039 1848 4090 beneficiali

1014 4213 1020 4222 Α
1050 4151 1142 4202 ordine
1176 4155 1222 4200 ant
1258 4146 1403 4212 preceptali
1440 4147 1606 4196 auctoritate.
1657 4141 1849 4194 Confirmamus

1050 4255 1130 4305 etiam
1159 4257 1185 4302 et
1213 4251 1414 4304 corroboramus
1442 4265 1490 4314 pre
1521 4247 1562 4298 dei
1592 4261 1680 4298 amore
1710 4252 1736 4297 et
1763 4263 1811 4311 pro
1834 4262 1850 4292 ιι

1051 4357 1179 4422 petitione
1201 4359 1307 4405 nostrae
1329 4353 1425 4419 dilecte
1448 4353 1569 4418 coniugis
1587 4351 1671 4402 eidem
1686 4367 1703 4398 ιι
1718 4350 1778 4400 loco
1794 4365 1849 4400 cor-

1079 4543 1196 4604 2⁴1⁶.)
1171 4545 1196 4604 cl
1215 4550 1279 4596 ιιιια
1300 4542 1533 4608 fdafiaudzwama'p
1553 4539 1715 4590 Baelutetea
1737 4540 1851 4590 aalma·

1173 4612 1239 4663 licis:
1257 4612 1294 4663 da
1307 4612 1332 4661 B
1344 4611 1401 4661 hier
1418 4609 1611 4674 amfildrlieher
1628 4611 1662 4658 iet
1679 4608 1720 4659 ale
1737 4607 1769 4668 A,
1788 4609 1851 4659 idest

1170 4681 1226 4732 sich
1249 4681 1306 4732 dem
1329 4679 1451 4730 lawarn
1472 4679 1516 4730 die
1533 4677 1690 4743 Erqtrmmp
1706 4645 1778 4727 aiclit
1798 4683 1851 4728 aa·

1170 4750 1293 4811 achmeur
1320 4749 1383 4799 ldsrt
1404 4765 1454 4798 ιιιι
1476 4747 1552 4798 daha
1577 4745 1644 4796 caah
1670 4745 1720 4796 dos
1739 4746 1851 4810 ,itiaque

1171 4819 1232 4872 Do,
1251 4820 1305 4870 ale
1327 4820 1363 4867 im
1388 4815 1475 4880 Stich,
1502 4832 1530 4867 ιο
1548 4813 1633 4865 araebt
1651 4813 1766 4865 aurora
1783 4813 1850 4864 doeh

1172 4885 1386 4939 wabrecbeialieh
1410 4887 1473 4938 dese
1495 4884 1553 4936 hier
1570 4897 1659 4934 αιιιια·
1676 4882 1781 4935 Paeone
1801 4900 1852 4933 aar

1171 4956 1238 5007 neela
1255 4957 1318 5006 awai
1335 4955 1405 5016 HbYe
1422 4953 1583 5018 amjuarea
1600 4967 1695 5014 recrea,
1716 4951 1777 5003 daea
1795 4952 1851 5003 alre

1172 5027 1232 5076 kain
1254 5025 1348 5076 dritter
1368 5024 1451 5074 Numa
1473 5027 1502 5074 ιἰι
1524 5023 1567 5074 die
1584 5022 1679 5088 jazar
1696 5019 1850 5085 Lr'lekefiel,

1171 5094 1283 5146 eoadem
1299 5110 1350 5144 aar
1361 5109 1407 5144 ιιι·
1418 5092 1518 5144 adirem
1532 5090 1710 5156 Bassam
1722 5091 1769 5141 der
1781 5089 1851 5154 Edse

1170 5163 1296 5215 dietmde
1314 5162 1399 5214 Worte
1468 5163 1495 5225 d)
1516 5177 1579 5213 nrae
1597 5159 1662 5211 otae
1673 5159 1850 5226 Ablelmaye-

1172 5232 1274 5283 reichea
1356 5235 1382 5292 e)
1399 5229 1468 5281 acela
1484 5229 1653 5295 samaeas
1668 5245 1719 5280 eea
1736 5228 1851 5294 Resper-

1172 5304 1224 5352 tien
1249 5301 1310 5351 lim
1331 5299 1388 5351 rich
1411 5300 1504 5352 sillffr
1520 5306 1611 5351 tenere
1634 5299 1681 5348 mit
1706 5296 1851 5352 sabama

1172 5370 1314 5433 ιιΙιιιιιιιιιι
1331 5385 1382 5421 ιιι
1398 5368 1449 5420 dea
1466 5383 1722 5434 eormayeqcaqenea
1738 5365 1801 5416 arla
1813 5367 1852 5416 bb

1172 5438 1253 5502 aroilf
1269 5437 1433 5490 Rauracos
1454 5437 1548 5505 plaude
1571 5436 1614 5487 ιὀΙι
1635 5435 1769 5500 Mersella
1785 5435 1852 5486 ιιιιΙι

1177 5509 1317 5558 ..norica
1324 5510 1400 5559 .it..
1406 5507 1537 5573 Quartus·
1538 5522 1612 5558 ιιιιιι
1625 5505 1732 5588 Memora
1751 5520 1779 5555 ιο
1791 5503 1853 5554 dces

1172 5544 1301 5627 aetuans
1318 5593 1349 5626 aa
1370 5580 1494 5642 erytraea
1517 5579 1551 5626 ιἰι
1577 5576 1637 5626 loco
1656 5575 1774 5640 pignoris
1792 5589 1852 5639 pro·

1174 5647 1299 5710 prietates
1318 5646 1452 5696 illorumt
1441 5651 1538 5709 tenere,
1557 5643 1642 5706 wofilr·
1658 5641 1702 5693 aa
1719 5641 1781 5693 aber
1797 5643 1853 5693 ιιίιι

1174 5713 1365 5768 Parclleletelle
1375 5712 1441 5764 acels
1452 5713 1524 5765 nield
1532 5711 1696 5778 wsnssmdeu
1703 5710 1852 5762 remacetto.
