4560 6436
848 450 974 510 ΟΤΤΟ
995 453 1020 509 1.
1044 446 1235 508 936-973.
1799 443 1863 509 589

218 637 318 701 etiam
345 634 546 700 dilectissimi
575 625 730 719 genitoris
760 636 861 699 nostri
889 634 1037 699 Heinrici
1066 634 1151 718 regis
1180 632 1325 719 prefatos
1354 633 1502 697 homines
1527 655 1584 698 seu
1607 632 1742 699 colonos
1766 658 1864 720 super

218 749 322 806 terras
351 741 520 804 memorati
550 739 739 804 monasterii
769 736 877 802 ubivis
900 747 1134 803 conmanentes
1157 739 1238 822 ipsis
1260 734 1417 801 tradimus
1440 745 1473 800 et
1496 735 1655 801 donamus
1679 747 1711 802 et
1732 737 1864 804 eosdem

218 842 364 908 homines
395 841 582 928 supradicto
611 840 723 906 abbati
754 839 943 905 Hadamaro
973 850 1005 905 et
1034 843 1101 906 suis
1130 839 1374 905 successoribus
1404 861 1465 903 nee
1495 861 1561 903 non
1584 850 1617 904 et
1638 839 1807 906 monachis
1830 843 1864 908 in

219 967 296 1030 sepe
319 945 407 1010 dicto
430 946 627 1010 monasterio
645 943 777 1010 domino
793 942 1006 1008 militantibus
1022 945 1216 1008 auctoritate
1231 945 1321 1028 regia
1336 943 1577 1008 confirmamus.
1616 943 1743 1025 Quibus
1766 947 1864 1010 etiarn

184 1049 334 1116 &damus
356 1049 416 1115 hos
439 1051 551 1135 apices
574 1050 757 1114 serenitatis
780 1058 912 1113 nostrae
935 1069 994 1131 per
1016 1045 1148 1111 anulum
1171 1057 1318 1111 nostrum
1346 1049 1519 1131 insignitos
1541 1069 1600 1132 per
1622 1069 1704 1133 quos
1727 1050 1864 1134 precipi-

217 1177 290 1218 mus
306 1163 339 1218 et
353 1153 558 1236 mandamus,
581 1164 617 1218 ut
632 1152 739 1218 nullus
755 1151 855 1217 iudex
870 1149 1022 1235 publicus
1045 1149 1097 1214 vel
1120 1148 1238 1235 aliquis
1260 1149 1449 1215 iudiciariae
1471 1153 1644 1235 potestatis
1667 1159 1864 1216 memoratos

216 1256 364 1321 homines
387 1258 608 1341 constringere
631 1255 683 1319 vel
704 1255 894 1339 perturbare
918 1264 1085 1340 presumat
1106 1261 1163 1320 aut
1185 1254 1227 1319 ab
1251 1257 1298 1319 eis
1321 1255 1447 1342 aliquid
1470 1266 1677 1343 extorquere,
1705 1256 1764 1322 sed
1787 1278 1864 1341 sepe

218 1359 324 1425 dictus
347 1358 452 1425 abbas
475 1369 508 1424 et
531 1361 579 1423 sui
603 1380 808 1424 successores
830 1357 966 1424 liberam
989 1358 1132 1423 babeant
1155 1369 1351 1444 potestatem
1373 1361 1541 1426 hominum
1565 1359 1768 1443 eorumdem,
1803 1382 1865 1425 nec

218 1464 316 1528 liceat
338 1465 385 1528 eis
407 1473 444 1528 ut
466 1462 607 1550 aliquem
632 1461 672 1527 de
695 1484 772 1548 sepe
793 1462 870 1527 fatis
893 1461 1078 1527 hominibus
1107 1462 1206 1528 alicui
1234 1462 1419 1529 mortalium
1447 1466 1480 1528 in
1509 1463 1704 1529 beneficium
1733 1463 1866 1530 tradant

169 1586 202 1634 10
219 1567 272 1632 vel
290 1569 324 1632 in
338 1566 436 1633 feodo
452 1567 635 1650 conferant,
660 1569 736 1653 quia
758 1589 815 1631 cos
840 1565 900 1632 sub
923 1566 985 1631 hae
1009 1565 1196 1633 conditione
1219 1569 1277 1630 in⁸
1298 1569 1487 1632 monasterii
1509 1568 1612 1652 ipsius
1634 1569 1706 1632 iura
1727 1571 1866 1634 transire

217 1672 448 1756 permittimus,
477 1681 513 1736 ut
535 1691 648 1736 eorum
670 1669 814 1736 conditio
839 1670 980 1735 deterior
1001 1693 1067 1735 non
1088 1670 1161 1753 fiat,
1193 1670 1251 1735 sed
1280 1671 1368 1757 quod
1397 1693 1474 1756 sepe
1503 1671 1642 1737 dicendo
1665 1675 1863 1737 monasterio

219 1774 358 1840 Fnlthae
381 1773 491 1861 quoad
513 1773 703 1840 nutriendas
726 1797 883 1860 personas
902 1786 934 1840 et
955 1773 1136 1840 inbuendas
1153 1773 1335 1840 scolasticis
1352 1774 1534 1860 disciplinis
1550 1777 1692 1840 serviant
1707 1773 1747 1840 de
1764 1777 1864 1841 omni·

218 1877 280 1945 bus
303 1901 365 1965 que
388 1878 430 1942 ad
453 1880 504 1942 ius
526 1877 596 1942 fisci
619 1877 738 1961 regalis
761 1889 912 1964 poterant
934 1881 1104 1966 provenire
1128 1880 1168 1945 de
1190 1879 1376 1946 hominibus
1400 1880 1583 1945 antedictis.
1620 1881 1771 1946 Preterea
1793 1902 1863 1966 prc-

218 1984 356 2067 cipimus
379 1992 413 2046 et
434 1981 665 2046 confirmamus
689 1993 863 2069 nostraque
886 1984 988 2070 regali
1011 1993 1173 2070 potestate
1196 1995 1229 2049 et
1251 1986 1444 2050 auctoritate
1465 1983 1698 2066 interdicimus,
1721 2008 1762 2051 ne
1779 1984 1865 2050 nllus

169 2103 200 2150 ιι
218 2087 412 2171 principum,
436 2085 555 2150 ducum
573 2085 726 2150 videlicet
748 2088 973 2154 marchionum
995 2090 1150 2155 comitum
1166 2088 1217 2152 vel
1236 2088 1376 2154 aliorum
1398 2090 1490 2172 regni
1512 2087 1681 2171 nobilium,
1702 2089 1734 2152 in
1758 2089 1864 2152 termi-

218 2191 269 2254 nis
295 2198 353 2255 aut
380 2189 489 2254 fundis
519 2212 601 2276 quos
631 2189 690 2255 sub
720 2191 869 2257 Romano
899 2194 1035 2280 imperio
1069 2197 1177 2278 ipsum
1204 2190 1390 2257 venerabile
1421 2189 1598 2256 Fulthense
1631 2191 1865 2256 monasterium

218 2294 374 2380 possidet,
401 2293 523 2380 oppida
546 2303 656 2359 castra
679 2293 730 2358 vel
753 2294 891 2360 castella
911 2296 964 2362 vel
988 2296 1115 2383 aliquas
1140 2298 1271 2363 omnino
1294 2295 1491 2360 munitiones
1513 2303 1617 2381 ponat
1637 2294 1787 2359 instituat
1810 2303 1866 2358 aut

217 2399 378 2481 informet,
401 2397 553 2464 thelonea
575 2400 675 2462 etiam
697 2399 873 2482 vectigalia
895 2400 1037 2485 pedagia
1058 2412 1207 2466 monetas
1231 2410 1263 2464 et
1284 2396 1483 2464 wiltbannos
1506 2397 1657 2464 omnibus
1679 2397 1865 2465 hominibus

218 2503 450 2588 cuiuscumque
479 2500 659 2567 nobilitatis
688 2501 855 2585 dignitatis
878 2503 930 2566 vel
959 2505 1190 2588 praeminentis
1220 2505 1377 2583 existant,
1407 2501 1629 2566 interdicimus
1657 2502 1691 2564 in
1719 2503 1865 2566 terminis

168 2627 201 2674 ιο
220 2627 276 2669 seu
299 2603 563 2691 possessionibus
585 2607 774 2670 monasterii
798 2605 989 2691 supradicti.
1033 2607 1078 2670 Et
1101 2606 1185 2690 quia
1200 2628 1276 2691 sepe
1298 2606 1385 2670 fatus
1409 2604 1513 2670 abbas
1536 2604 1747 2670 Hadamarns
1769 2604 1865 2671 nobis

219 2716 269 2773 est
286 2718 484 2794 conquestus
507 2706 597 2794 quod
619 2709 755 2772 comites
778 2706 997 2793 provinciales
1021 2718 1053 2773 et
1074 2707 1129 2772 alii
1152 2707 1280 2773 nobiles
1302 2709 1465 2772 ministros
1489 2718 1521 2771 et
1535 2706 1698 2772 vassallos
1720 2729 1761 2772 ac
1783 2707 1865 2773 alios

219 2812 367 2877 homines
391 2832 468 2876 auos
491 2809 535 2876 ad
556 2809 679 2876 iudicia
701 2810 835 2896 publica
857 2822 951 2876 extra
972 2813 1128 2876 terminos
1151 2812 1341 2897 pertrahant
1368 2833 1485 2896 genere
1507 2811 1751 2894 monomachia,
1780 2810 1866 2878 unde

219 2915 454 2982 monasterium
476 2913 633 2999 affligitur
655 2923 688 2979 et
710 2925 875 2999 gravatam,
897 2915 1036 3002 ideoque
1059 2925 1094 2981 ut
1117 2915 1319 3001 sepedictus
1340 2913 1447 2980 abbas
1470 2925 1503 2978 et
1525 2915 1574 2979 sui
1597 2936 1803 2979 successores
1826 2937 1866 2979 ac

219 3019 327 3103 ipsum
340 3016 519 3082 Fulthense
534 3019 767 3082 monasterium
783 3038 858 3082 cum
880 3020 1029 3105 personis
1052 3029 1084 3082 et
1107 3016 1257 3084 omnibus
1279 3016 1375 3083 bonis
1398 3020 1465 3084 suis
1488 3016 1585 3102 plena
1607 3017 1750 3104 gaudeat
1771 3017 1867 3084 liber-

168 3143 201 3190 ιο
220 3132 303 3205 tate,
334 3121 574 3188 districtissime
595 3119 807 3206 prohibemus
829 3132 866 3186 ut
887 3121 995 3187 nullus
1017 3122 1117 3187 iudex
1140 3121 1291 3207 publicus
1313 3121 1382 3187 dux
1404 3121 1550 3187 marchio
1573 3143 1683 3188 comes
1705 3122 1759 3188 vel
1781 3124 1865 3188 vice-

220 3245 330 3290 comes
353 3226 517 3291 ministros
540 3223 705 3290 vassallos
726 3234 785 3290 aut
806 3224 954 3290 homines
976 3227 1079 3310 ipsius
1102 3225 1292 3291 monasterii
1313 3235 1381 3291 tam
1404 3229 1562 3311 ingenuos
1585 3249 1684 3313 quam
1702 3237 1735 3292 et
1753 3249 1865 3293 servos

220 3328 265 3395 ad
286 3327 408 3394 iudicia
429 3327 540 3415 aliqua
562 3327 709 3412 trahant,
739 3327 799 3392 scd
819 3349 932 3393 coram
954 3327 1077 3395 abbate
1101 3331 1156 3415 qui
1178 3339 1256 3393 tunc
1278 3329 1376 3396 fuerit
1398 3351 1516 3396 causas
1539 3353 1617 3397 suas
1639 3342 1756 3416 agant,
1784 3341 1817 3396 et
1839 3334 1865 3396 si

220 3433 326 3499 abbas
348 3431 478 3519 tepidus
501 3442 534 3497 et
555 3434 709 3496 remissus
732 3439 790 3497 aut
811 3433 987 3498 iniuriosus
1010 3431 1258 3518 querulantibus
1288 3441 1390 3516 esset,
1421 3455 1533 3498 coram
1554 3455 1631 3518 rege
1654 3433 1706 3499 vel
1727 3437 1865 3520 impera-

219 3548 289 3604 tore
311 3536 364 3601 vel
388 3535 551 3622 deputatis
574 3535 616 3601 ab
640 3539 688 3601 eis
716 3537 882 3602 iusticiam
910 3546 1160 3623 consequantur.
1205 3537 1249 3602 Et
1277 3558 1319 3601 ne
1347 3559 1406 3622 per
1434 3538 1543 3602 futtrra
1571 3546 1720 3623 tempora
1749 3537 1866 3625 aliquis

169 3659 202 3705 30
220 3641 405 3707 mortalium
434 3651 549 3706 contra
578 3639 637 3705 hos
669 3642 781 3726 apices
810 3641 993 3705 serenitatis
1021 3649 1154 3706 nostrae
1181 3643 1293 3706 venire
1322 3643 1426 3728 possit
1446 3642 1499 3706 vel
1523 3641 1658 3726 audeat,
1687 3665 1745 3709 eos
1767 3642 1865 3708 anulo

218 3755 331 3810 nostro
355 3756 391 3811 ut
413 3746 561 3830 superius
584 3737 791 3831 premisimus
815 3745 1026 3829 consignatos
1051 3767 1149 3809 mauu
1172 3744 1364 3812 roborantes
1387 3747 1521 3832 propria
1544 3745 1656 3812 abbati
1675 3747 1865 3812 Hadamaro

219 3860 251 3913 et
274 3851 341 3914 suis
366 3848 612 3915 successoribus
633 3847 867 3934 monachisque
890 3859 922 3913 et
943 3849 1143 3913 monasterio
1159 3848 1329 3915 Fulthensi
1353 3850 1468 3914 damus
1484 3858 1517 3913 et
1531 3850 1689 3915 tradimus
1711 3853 1745 3915 in
1767 3849 1868 3915 robur

220 3955 363 4018 omnium
388 3954 629 4039 premissorum,
653 3960 689 4018 ut
711 3975 749 4017 eo
772 3951 889 4018 melius
913 3961 1060 4016 sanctam
1084 3954 1373 4036 congregationem
1395 3954 1497 4038 ipsius
1521 3955 1708 4020 monasterii
1728 3952 1867 4018 delectet

220 4080 279 4142 pro
302 4057 398 4122 nobis
422 4059 562 4143 coniuge
584 4065 698 4122 nostra
719 4078 760 4122 ac
784 4056 876 4142 prole
899 4055 1021 4120 domini
1044 4057 1302 4123 misericordiam
1325 4077 1473 4121 exorare.

169 4225 202 4271 35
322 4196 336 4278 ξ
359 4193 495 4277 Signum
518 4192 639 4259 domini
664 4192 819 4259 Otthonis
841 4195 1044 4259 invictissimi
1069 4197 1155 4280 regis
1177 4200 1191 4281 ξ
1215 4197 1279 4276 (Μ.)

322 4297 336 4382 ξ
358 4295 483 4360 ΗοΙιοΙι
504 4295 736 4361 cancellatus*
759 4297 908 4362 advicem
929 4297 1094 4363 Brunonis
1117 4297 1372 4384 archicapellani
1394 4298 1582 4383 recognovi.
1605 4300 1619 4381 ᾗ
1739 4300 1796 4376 (SI.
1813 4298 1865 4379 D.)

321 4433 411 4497 Data
433 4432 500 4498 kal.
518 4433 700 4498 decembris
724 4456 810 4499 anno
834 4434 997 4500 dominice
1019 4437 1255 4501 incarnationis
1278 4450 1447 4517 nccccxn,
1470 4435 1647 4500 indictione
1664 4415 1753 4517 ruli,
1775 4436 1866 4518 regni

219 4559 297 4602 vero
321 4536 431 4602 domni
455 4533 610 4601 Otthonis
633 4537 771 4622 piissimi
794 4540 880 4622 regis
904 4539 1033 4624 quint03
1063 4549 1172 4603 actum
1195 4547 1275 4623 aput
1297 4537 1566 4620 Frankenvvrth3
1600 4539 1633 4602 in
1655 4537 1787 4602 nomine
1809 4537 1865 4602 do·

219 4642 298 4705 mini
322 4639 459 4706 feliciter
482 4662 588 4705 amen.

169 4861 202 4908 ιο
1002 4827 1087 4901 437.

955 4983 1132 5062 (Uaccus.)

230 5123 310 5198 Ouo
338 5125 508 5198 bestimmt
534 5125 592 5197 die
618 5123 784 5200 (ἔνοικοι
811 5123 871 5196 cles
898 5148 969 5194 aon
997 5122 1069 5195 ilem
1093 5121 1336 5221 qepra'a'ndeten
1363 5123 1544 5197 Bistlsums
1571 5125 1735 5198 illcissen.
1915 5229 1917 5232 Ι

1410 5248 1519 5306 „uatus
1540 5251 1603 5309 948
1626 5249 1751 5310 Juauar
1772 5253 1823 5307 11.

325 5437 466 5497 Urkunde
488 5437 537 5496 des
562 5441 611 5498 12.
629 5437 681 5498 Jlr.
707 5440 739 5496 ia
760 5435 964 5511 Diplcmform
987 5439 1028 5496 ιἰιι
1050 5437 1077 5496 b.
1095 5437 1215 5510 Haupt·
1237 5437 1301 5496 aad
1324 5436 1589 5498 &ausarensem
1611 5439 1747 5498 Drmdca
1768 5437 1829 5517 (Α).
1896 5503 1899 5512 ,

169 5587 203 5634 ιι
324 5574 561 5649 διοικιοιιιιοά.
578 5592 621 5648 ιιι.
639 5577 733 5636 Misa.
759 5577 801 5636 ed.
822 5585 840 5636 1
862 5573 970 5654 (1504)
985 5579 1025 5636 35
1048 5591 1104 5634 aas
1120 5577 1147 5632 Α
1172 5575 1672 5654 =ed.111(Bautzen1627)95
1698 5601 1736 5631 =
1760 5577 1869 5637 Muder

308 5741 367 5796 ⁴³0.
394 5741 490 5812 [nola]
594 5745 621 5812 a)
640 5748 667 5798 in
685 5747 714 5796 ia
730 5746 754 5798 A
771 5746 958 5814 masereca·
1060 5751 1089 5812 b)
1106 5746 1138 5800 A.
