4508 6428
399 419 462 524 380
997 429 1445 488 KAISERURKUNDEN.

400 613 623 694 dominicatis,
656 613 690 676 in
712 611 877 676 Paeanico
905 618 1091 676 manentem
1119 633 1235 694 unum,
1268 613 1380 697 pecias
1410 609 1450 676 de
1478 619 1572 697 prato
1602 621 1667 677 tres
1695 613 1729 676 in
1750 610 1825 676 loeo
1851 612 1912 697 qui
1938 609 2069 674 dicitur

401 718 602 782 Petronacco
627 725 660 781 et
681 715 764 780 alias
788 715 828 780 de
849 724 945 800 prato
969 723 1139 800 quattuor,
1173 715 1208 778 in
1230 714 1418 800 Tasignano
1442 717 1620 782 masarium
1641 738 1757 798 unum,
1792 717 1828 780 in
1850 713 2066 799 Petrignano

400 823 561 886 masarios
584 830 752 906 quattuor,
783 821 817 884 in
838 819 1008 884 Puliciano
1038 821 1216 885 macarium
1237 842 1354 903 unum,
1389 830 1509 886 sortem
1531 842 1628 886 unam
1644 822 1685 886 'in
1707 818 1835 903 Massa,
1869 821 1907 884 in
1932 818 2066 900 Quiesa

400 925 577 989 masarium
599 946 709 1005 unum,
733 921 899 1007 aCaprile
921 923 1099 988 masarium
1121 944 1231 1006 unum,
1255 931 1352 1008 prout
1373 924 1457 989 iuste
1472 933 1504 989 et
1518 923 1667 1009 legaliter
1690 945 1883 1011 possumus,
1909 945 1976 1008 per
1998 922 2065 987 hoc

398 1038 546 1092 nostrum
569 1037 758 1112 preceptum
781 1025 941 1091 donamus
964 1026 1174 1092 concedimus
1197 1026 1428 1091 confirmamus
1451 1037 1484 1092 et
1505 1027 1716 1093 corrobamus
1727 1025 1746 1110 ¹,
1773 1048 1839 1092 una
1863 1047 1947 1091 cum
1971 1028 2099 1092 casiae

400 1130 612 1197 sediminibus
627 1132 722 1196 terris
737 1131 841 1195 vineis
856 1132 959 1215 pratis
982 1131 1115 1216 pascuis
1138 1130 1303 1196 montibus
1325 1128 1468 1196 vallibus
1491 1133 1585 1216 aquis
1608 1151 1829 1216 aquarumque
1855 1129 2063 1194 decursibus

399 1233 593 1299 molendinis
623 1232 861 1319 piscationibus
891 1235 993 1297 servis
1016 1243 1049 1298 et
1070 1233 1198 1298 ancillis
1228 1232 1311 1297 aldis
1335 1244 1366 1298 et
1389 1232 1540 1299 aldiabus
1572 1231 1722 1299 omnibus
1749 1232 1848 1298 rebus
1872 1231 2062 1299 mobilibus

398 1349 430 1402 et
451 1336 691 1428 immobilibus,
722 1359 761 1402 ea
785 1336 912 1402 scilicet
933 1338 1060 1403 ratione
1083 1339 1236 1423 quatinus
1264 1337 1423 1422 monache
1446 1338 1479 1400 in
1503 1346 1569 1401 sem
1598 1338 1823 1421 prenominato
1847 1338 2062 1402 monasterio

401 1462 459 1525 pro
475 1450 621 1527 tempore
644 1440 706 1514 deo
730 1440 906 1506 militantes
921 1442 955 1506 in
971 1464 1066 1508 usum
1082 1451 1114 1506 et
1130 1451 1295 1529 sumptum
1318 1442 1483 1528 predictas
1505 1465 1558 1505 res
1581 1439 1724 1506 habeant
1746 1451 1880 1506 teneant
1902 1441 2063 1526 posside·

401 1554 457 1608 ant
478 1544 692 1629 fruanturque
715 1545 784 1609 iure
806 1553 975 1630 perpetuo,
999 1546 1145 1610 omnium
1166 1544 1334 1610 hominum
1357 1543 1602 1610 contradieione
1623 1555 1759 1610 remota.
1790 1542 1824 1610 Si
1843 1546 1919 1630 quis
1944 1555 2063 1609 autem
2082 1568 2114 1613 ro

399 1646 495 1712 huius
522 1649 625 1713 nostri
655 1649 800 1734 precepti
823 1647 964 1713 violator
986 1649 1145 1732 extiterit,
1175 1650 1258 1713 sciat
1281 1671 1315 1712 se
1338 1650 1595 1733 compositurum
1618 1649 1688 1712 auri
1713 1649 1826 1732 optimi
1850 1645 1960 1738 libras
1983 1669 2061 1712 cen·

399 1761 482 1832 tum,
516 1751 726 1817 medietatem
758 1773 887 1835 camere,
921 1761 1032 1836 uostrq
1061 1761 1093 1816 et
1121 1751 1356 1835 medieta[te]m
1384 1752 1517 1837 prefatis
1547 1750 1772 1816 monachabus
1799 1751 1834 1815 in
1859 1751 2062 1836 supradicto

379 1856 595 1920 'monasterio
618 1877 678 1939 pro
701 1864 847 1940 tempore
871 1854 967 1920 deum
989 1854 1216 1921 militantibus.
1256 1853 1353 1936 Quod
1375 1865 1411 1920 ut
1431 1858 1539 1921 verius
1562 1855 1713 1919 credatur
1735 1864 1767 1919 et
1788 1854 1992 1939 diligencius
2016 1854 2061 1919 ab

400 1957 551 2024 omnibus
584 1958 789 2042 observetur,
824 1958 976 2024 manibus
1007 1957 1176 2056 proplri]is
1207 1957 1400 2024 roborantes
1424 1957 1464 2023 de
1487 1957 1584 2024 anulo
1615 1967 1727 2023 nostro
1757 1956 1870 2023 subter
1898 1959 2063 2023 annotari

401 2060 589 2145 iussim[us.]
2078 2083 2110 2131 15

502 2321 725 2406 §Liutgerius
748 2321 961 2387 cancellarius
985 2320 1132 2388 advicem
1156 2321 1317 2387 Uuidonis
1346 2322 1494 2406 episcopi
1517 2329 1549 2385 et
1571 2319 1849 2385 archicancellarii
1872 2323 2064 2404 recognovi

334 2455 338 2458 ·
404 2435 436 2490 et
459 2425 648 2510 subscripsi.
670 2423 685 2504 l
1888 2423 1952 2504 (SI.
1974 2423 2019 2502 3.)

503 2579 593 2644 Data
616 2589 757 2666 quarto1¹
779 2579 940 2645 kalendas
963 2588 1119 2664 augustas
1143 2601 1229 2644 anno
1254 2576 1464 2666 domi[n]icae
1486 2579 1719 2644 incarnationis
1746 2593 1984 2660 boccacium,
2014 2580 2063 2643 in-

402 2681 532 2746 dicione
547 2699 608 2766 vn,
632 2705 718 2748 anno
740 2705 817 2748 vero
842 2682 954 2747 domni
973 2681 1105 2748 Ottonis
1129 2683 1258 2766 augusti
1280 2684 1487 2767 imperatoris
1510 2683 1630 2765 tercio,
1652 2691 1762 2746 actum
1780 2682 1890 2764 Luce,
1914 2681 2066 2746 feliciter
2082 2702 2114 2748 ao

402 2807 507 2851 amen.

1181 2991 1268 3065 aar.
1378 2949 1381 2972 ⁴

409 3147 489 3224 Otto
507 3148 636 3221 oimmt
652 3147 718 3222 das
736 3147 881 3220 lilostcr
898 3143 937 3222 S.
956 3143 1147 3222 salvatore
1165 3145 1240 3245 aas
1251 3145 1332 3220 ἀετη
1349 3145 1467 3246 Berge
1484 3148 1634 3220 Amictu
1651 3146 1730 3220 aad
1747 3145 1870 3220 dassen
1887 3161 2064 3220 mament-

402 3270 470 3345 lo'ob
497 3269 728 3369 cafqefia'hrte
745 3269 985 3369 Besitzaeqea
1011 3270 1052 3342 ia
1077 3269 1200 3343 scinco
1223 3265 1362 3344 Setae.
1627 3287 1729 3347 heca
1749 3289 1811 3348 964
1834 3287 1961 3362 Aaqast
1984 3293 2018 3349 3.

504 3476 753 3553 Origiacldiplom
773 3479 817 3537 im
839 3478 866 3536 lc.
891 3476 1093 3538 &macrobio
1114 3495 1155 3536 aa
1177 3476 1268 3538 Siata
1288 3473 1350 3554 (A).
2081 3499 2114 3546 25

508 3617 621 3691 Ueseui
642 3617 737 3676 Italia
763 3634 850 3676 sacra
872 3616 916 3676 ed.
937 3624 961 3686 1,
985 3619 1015 3687 3,
1039 3619 1101 3678 709
1124 3633 1181 3675 aas
1203 3614 1233 3674 A
1256 3638 1297 3669 =
1320 3615 1365 3674 ed.
1386 3623 1428 3687 ΙΙ,
1451 3618 1481 3686 3,
1507 3618 1579 3675 617.
1602 3647 1645 3656 -
1662 3614 1791 3673 Rolmer
1811 3613 1886 3688 neq.
1911 3618 1991 3676 280.
2017 3649 2063 3658 —

501 3719 630 3794 &inops
647 3721 721 3794 Req.
744 3723 817 3780 340.

504 3857 639 3930 Versasst
665 3857 732 3917 aad
755 3856 942 3931 §mahnaim
968 3874 1025 3916 oea
1047 3858 1088 3918 It.
1114 3855 1145 3918 0.
1183 3857 1290 3916 Dieser
1316 3859 1455 3918 arbeitctc
1482 3857 1549 3917 seir
1569 3857 1706 3932 liceum,
1736 3855 1804 3916 lices
1827 3855 1898 3916 bald
1921 3857 1972 3915 ein
1997 3857 2062 3918 Ab·

498 3961 769 4034 kerzmasreichen
790 3977 847 4020 aua
870 3961 934 4019 wad
955 3965 1044 4021 seete
1066 3961 1136 4021 bold
1158 3962 1237 4020 eines
1259 3961 1334 4020 onae
1352 3960 1470 4034 Grmsd,
1494 3978 1546 4020 vor
1563 3960 1651 4019 ollem
1666 3961 1724 4034 gab
1743 3976 1774 4018 er
1788 3959 1842 4018 des
1861 3959 1926 4018 ihm
1946 3963 2061 4021 scitae

503 4065 554 4124 des
577 4065 713 4124 Kiostcrs
739 4066 896 4140 veqeleqte
921 4065 1210 4124 Wmeaeicbniss
1232 4065 1312 4123 alulit
1332 4081 1433 4137 potati
1455 4065 1576 4136 wiede,
1605 4065 1660 4124 wie
1681 4065 1729 4122 eta
1747 4063 1895 4135 Verqleieb
1917 4065 1974 4121 mit
1999 4064 2060 4122 den
2078 4083 2112 4130 30

503 4169 758 4241 emaueqehcndea
779 4169 850 4229 DD.
882 4169 964 4228 lebet.
1004 4168 1092 4228 Soet
1120 4168 1197 4227 wird
1226 4168 1281 4227 das
1303 4168 1427 4228 Kbster
1459 4167 1504 4228 als
1534 4169 1565 4228 in
1595 4165 1741 4226 territerio
1765 4166 1902 4225 Oluseuse
1933 4167 2059 4240 yeleqen

504 4273 681 4343 bezeicbaet,
706 4273 769 4331 tier
790 4273 835 4333 als
858 4275 889 4333 in
912 4275 1050 4333 comitatu
1073 4274 1203 4348 Lucanae
1223 4271 1359 4346 pelopem
1388 4275 1469 4331 smast
1491 4273 1567 4332 wird
1589 4275 1652 4332 aaa
1674 4271 1748 4331 cella
1769 4289 1793 4330 s.
1817 4271 1898 4329 Petri
1922 4271 1954 4329 iu
1980 4271 2057 4330 Gar·

503 4376 607 4435 marita
629 4377 770 4448 erudiat,
795 4378 859 4436 hier
881 4379 930 4436 cia
952 4374 1159 4436 monasterium
1180 4395 1204 4436 s.
1222 4378 1254 4436 P.
1271 4377 1303 4436 in
1320 4375 1491 4450 Margarita.
1528 4374 1566 4436 so
1581 4375 1657 4435 wird
1678 4375 1754 4435 auct
1776 4373 1831 4433 das
1853 4374 2057 4434 moestitud-

505 4477 577 4539 liche
601 4478 690 4540 valesi
713 4479 774 4552 aas
793 4480 882 4540 Lese-
904 4481 975 4540 oder
997 4479 1213 4550 Sebrcibfehler
1234 4478 1284 4538 des
1308 4480 1349 4539 It.
1376 4478 1406 4538 O.
1431 4477 1656 4549 himaelaasen.

502 4685 561 4766 (O.)
581 4687 595 4771 ξ
616 4685 656 4751 In
685 4687 818 4752 nomine
852 4693 985 4750 sanctae
1015 4694 1047 4750 et
1076 4683 1265 4749 individuae
1298 4685 1482 4749 trintatis.⁸
1537 4681 1616 4748 Otto
1647 4682 1698 4748 dei
1731 4683 1838 4767 gratia
1871 4684 2059 4768 imperator
2077 4701 2112 4749 35

400 4796 574 4872 augustus.¹
607 4823 611 4829 ·
671 4786 825 4854 Omnium
849 4797 984 4854 sanctae
1007 4787 1058 4852 dei
1082 4786 1243 4852 ecclesiae
1271 4785 1547 4874 nostrorumqueb
1576 4787 1774 4872 presentium
1804 4807 1844 4850 ac
1866 4786 2058 4856 futurorum

399 4891 525 4955 noverit
548 4891 696 4974 devotio,
725 4889 739 4972 ξ
768 4892 907 4977 qualiter
936 4893 987 4957 vir
1014 4889 1210 4956 venerabilis
1234 4888 1339 4954 abbas
1365 4892 1496 4955 nomine
1520 4889 1715 4956 Gisilbertus
1744 4889 1785 4954 de
1815 4899 1931 4955 sancto
1944 4901 1958 4929 ³
1983 4891 2059 4958 Sal-

399 4994 523 5064 vatoris
553 4996 751 5059 monasterio
783 4994 872 5080 quod
903 4997 1001 5060 situm
1031 5003 1082 5058 est
1108 4995 1142 5056 iu
1170 5003 1280 5058 monte
1303 4991 1435 5059 Amiato
1466 5004 1498 5058 et
1526 4995 1560 5059 in
1588 4995 1745 5058 comitatu
1768 4993 1954 5079 Lucensq⁸,
1979 5019 2059 5064 cum

401 5095 559 5160 coenobio
592 5096 654 5159 sibi
684 5098 859 5162 commisso
888 5108 1036 5163 nostram
1065 5095 1146 5160 adiit
1174 5096 1415 5179 celsitudinem,
1444 5098 1610 5163 humiliter
1637 5099 1815 5183 deprecans
1844 5107 1880 5162 ut
1909 5119 1972 5183 pro
2004 5099 2060 5166 dei

401 5219 511 5262 amore
540 5219 579 5262 ae
607 5197 750 5262 remedio
781 5201 887 5286 anime,
916 5211 1026 5285 nostra
1056 5202 1163 5285 ipsum
1193 5203 1425 5266 monasterium
1454 5202 1559 5265 sancti
1583 5199 1764 5266 Salvatoris
1792 5221 1867 5264 cum
1898 5201 2058 5267 omnibus
2078 5222 2115 5269 so

400 5300 497 5365 rebus
527 5300 588 5365 sibi
618 5303 869 5388 pertinentibus,
900 5306 1099 5370 monasterio
1126 5303 1279 5370 videlicet
1307 5306 1412 5370 sancti
1434 5305 1523 5370 Petri
1544 5307 1578 5369 in
1600 5304 1795 5388 Margarita,
1826 5313 1917 5368 curte
1946 5309 2059 5371 sancti

402 5401 582 5468 Salvatoris
608 5404 643 5467 in
666 5401 864 5472 Castellione
887 5419 919 5473 et
941 5408 1031 5473 alia⁰
1053 5417 1144 5474 curte
1167 5408 1207 5472 de
1229 5407 1316 5473 valle
1338 5409 1480 5473 Rakana
1507 5431 1582 5474 cum
1613 5410 1680 5474 suis
1710 5407 1929 5492 pertinentiis,
1961 5421 2060 5476 curte

492 5607 551 5661 m.
579 5607 641 5672 os
746 5613 782 5676 m)
801 5612 824 5663 Δ
841 5620 902 5664 etate
927 5631 990 5680 sepe
1093 5616 1122 5678 n)
1139 5629 1189 5665 oon
1205 5614 1319 5680 ylaielsar
1336 5615 1420 5666 Hand
1436 5632 1502 5668 corr.
1521 5631 1568 5666 orta
1585 5617 1706 5681 septimo.

491 5692 550 5747 207.
580 5693 751 5766 [Lasehitzer]
855 5699 924 5762 a)A
1028 5699 1057 5760 b)
1075 5702 1154 5751 n'roru
1179 5703 1227 5752 mit
1247 5717 1298 5752 aar
1322 5703 1403 5753 dnm
1420 5701 1687 5768 Abkibanoyrseiclm
1789 5701 1813 5766 c)
1830 5717 1896 5752 con.
1914 5713 1965 5752 cru
1991 5703 2059 5755 aliu.
