4560 6426
437 399 479 466 48
1038 404 1490 462 KAISERURKUNDEN.

1232 586 1275 656 ll

437 717 611 790 Heinrich
637 714 777 790 ocbeolot
802 714 881 787 deon
900 714 1054 814 Biscbof
1074 713 1201 790 Waldo
1219 740 1291 788 voa
1312 711 1412 790 Uber
1439 716 1514 815 ocos
1533 717 1737 789 Lebeoszeit
1753 716 1823 789 deo
1845 715 1914 791 Ort
1930 715 2104 788 Albicos.

1607 839 1722 899 Worms
1745 843 1807 900 926
1829 840 1997 900 November
2020 843 2054 898 3.

541 993 767 1056 clamatorium
795 1011 937 1068 moysem
964 1010 1020 1053 oua
1049 994 1102 1054 der
1129 994 1219 1054 Mitte
1246 993 1296 1053 das
1325 996 1376 1054 15.
1400 993 1453 1054 Jb.
1483 994 1507 1065 s.
1531 990 1582 1056 92
1611 995 1653 1052 im
1682 994 1882 1066 bisolvbfliobco
1910 993 2028 1054 Arolvio
2058 1003 2116 1050 aa·

541 1098 624 1158 leur
647 1097 711 1176 (Ο).
2122 1109 2139 1158 5

539 1221 706 1280 Brascbius
733 1220 871 1292 Epitomc
893 1219 927 1278 olo
949 1237 993 1292 ep.
1020 1219 1119 1278 Germ.
1142 1217 1194 1279 24'
1217 1222 1265 1278 cit.
1288 1237 1329 1278 eto
1350 1222 1422 1279 921.
1455 1249 1491 1261 -
1520 1217 1705 1276 Grorodidicr
1734 1220 1766 1276 in
1794 1218 1979 1278 Wrtrdtroeiro
2007 1218 2102 1276 Nora

538 1326 617 1384 subs.
641 1329 670 1394 3,
694 1327 814 1384 31111ο
837 1329 876 1383 79
907 1340 963 1382 uus
992 1323 1107 1382 domoc
1134 1324 1177 1381 im
1206 1323 1407 1394 biscbbllicbca
1428 1322 1538 1380 Arabio
1558 1340 1599 1380 eo
1622 1319 1706 1381 Olor
1728 1321 1926 1392 beliodliclocor
1952 1322 2104 1396 Oripiruri

541 1427 603 1506 (B).
630 1461 667 1470 —
695 1426 780 1500 Zops
798 1427 881 1485 More.
906 1426 1007 1484 anecd.
1031 1431 1060 1497 1,
1085 1429 1127 1486 48
1148 1431 1182 1484 o⁰
1203 1429 1245 1486 24
1268 1444 1325 1485 eus
1347 1425 1508 1484 deorsclboa
1532 1423 1595 1502 (A).
1620 1457 1657 1466 -
1682 1424 1772 1482 Molo·
1794 1423 1856 1484 GD.
1880 1427 1968 1485 Roet.
1995 1431 2026 1494 1,
2055 1429 2098 1484 61

538 1537 571 1588 o⁰
593 1535 632 1590 31
663 1547 719 1589 aus
742 1527 773 1589 O.
805 1563 841 1571 —
871 1530 1001 1588 Bbbrocr
1027 1530 1100 1602 Boo.
1125 1531 1174 1588 45.
1201 1562 1238 1571 -
1270 1527 1396 1602 Stumpl
1422 1528 1494 1601 1209.
1524 1531 1575 1588 12.
1602 1559 1639 1570 -
1664 1528 1779 1586 Hidbcr
1800 1529 1870 1602 Ray.
1895 1533 1969 1590 993.

539 1653 600 1710 Vos
628 1651 689 1712 SD.
719 1651 855 1722 cerfosst.
888 1684 925 1692 -
958 1649 1075 1709 Obroobl
1100 1649 1284 1708 Groodidier
1311 1651 1365 1707 roic
1394 1649 1480 1722 erpf
1498 1648 1652 1719 Abscbrift
1681 1649 1730 1708 oles
1756 1650 1905 1724 Orioiools
1927 1669 1986 1710 ooo
2011 1651 2156 1710 Zur-10

537 1756 643 1814 leuben
665 1754 809 1824 orliioltcn,
832 1754 927 1812 oooolrt
950 1753 980 1811 Α
1002 1753 1060 1812 deo
1080 1752 1237 1812 Eioriruolc
1258 1752 1324 1812 drot
1342 1751 1588 1826 Oriqiooldiplom
1610 1754 1702 1811 obbo
1723 1771 1764 1812 eu
1784 1754 1880 1813 stolen
1902 1754 1948 1813 als
1973 1755 2005 1812 B
2027 1754 2101 1812 mul

540 1857 578 1932 0‚·
600 1877 660 1918 our
682 1857 739 1930 sslr
761 1858 808 1916 dio
834 1857 1011 1918 Ootsnooroa
1032 1857 1142 1917 scierint
1165 1874 1223 1916 oros
1247 1855 1479 1930 Ouriossocbend
1500 1875 1540 1915 aa
1562 1857 1634 1916 scio.

641 2028 680 2093 ln
708 2028 839 2093 nomine
870 2035 1004 2090 sanctae
1033 2035 1066 2089 et
1093 2025 1284 2090 individuae
1313 2026 1479 2090 trinitatis.
1518 2025 1691 2091 Heinricus
1719 2026 1831 2092 divina
1862 2027 1996 2092 favente
2026 2027 2098 2092 cle-

435 2135 557 2199 mentia
584 2155 654 2198 rex.
742 2130 879 2194 Noverit
907 2130 1050 2194 omnium
1079 2128 1223 2194 fidelium
1251 2137 1436 2194 nostrorum
1458 2131 1679 2215 praesentium
1702 2130 1827 2195 scilicet
1849 2139 1882 2195 et
1903 2131 2098 2197 futurorum

438 2236 599 2318 sollertia,
628 2234 768 2321 qualiter
789 2256 850 2298 nos
874 2232 915 2298 ob
939 2255 1084 2298 amorem
1107 2232 1159 2297 dei
1183 2241 1216 2296 et
1239 2241 1372 2296 sanctae
1395 2231 1521 2297 Mariae
1544 2242 1577 2297 et
1602 2234 1759 2317 petitione
1787 2232 1931 2297 fidelium
1960 2243 2097 2298 nostro·
2118 2250 2152 2297 15

436 2349 547 2422 rum⁸‚
582 2337 736 2414 videlicet
766 2337 915 2422 Herigeri
950 2335 1207 2420 archiepiscopi„
1241 2332 1446 2399 Adaluuardi
1478 2336 1624 2421 episcopi
1653 2343 1686 2400 et
1712 2336 1843 2400 Riuuini
1872 2337 2023 2421 episcopi
2061 2347 2097 2400 ct

436 2442 574 2508 aliorum
596 2439 740 2505 fidelium
763 2448 964 2522 nostrorum,
995 2439 1125 2504 cuidam
1154 2437 1333 2503 venerabili
1357 2439 1512 2524 episcopo
1536 2437 1701 2504 Vualdoni
1730 2437 1895 2505 Guriensis
1924 2439 2096 2504 ecclesiae

436 2544 599 2631 quendam
621 2544 729 2610 locum
751 2544 961 2629 proprietatis
982 2551 1115 2608 nostrae
1139 2540 1359 2608 donavimusb
1382 2542 1417 2606 in
1438 2543 1672 2628 proprietatem
1690 2544 1820 2608 nomine
1836 2544 2035 2608 Luminins⁰
2059 2547 2096 2610 in

435 2671 522 2735 pago
539 2646 688 2713 Curiensi
712 2648 926 2712 incomitata
940 2645 1089 2712 Vdalrici
1113 2647 1242 2711 comitis
1265 2667 1339 2710 cum
1361 2645 1460 2710 rebus
1483 2647 1643 2711 universis
1666 2644 1797 2712 eidemd
1818 2647 1891 2732 ipso
1914 2647 1991 2713 loco
2017 2671 2093 2713 sue·

435 2750 626 2817 cedentibus
648 2752 682 2814 in
705 2751 791 2814 casis
814 2749 867 2814 vel
890 2748 1061 2814 curtilibus
1084 2751 1211 2834 campis
1234 2749 1323 2833 agris
1345 2749 1448 2833 pratis
1472 2751 1604 2835 pascuis
1628 2750 1718 2814 silvis
1744 2751 1838 2836 aquis
1861 2773 2094 2838 aquarumque
2113 2767 2148 2813 20

435 2856 626 2921 decursibus
652 2853 848 2920 molendinis
876 2855 940 2917 viis
969 2863 1001 2918 et
1029 2853 1125 2917 inviis
1154 2851 1297 2917 exitibus
1320 2861 1352 2915 et
1374 2851 1533 2917 reditibus
1557 2852 1732 2918 mobilibus
1755 2863 1788 2917 et
1808 2852 2034 2920 immobilibus
2059 2867 2095 2920 et

433 2982 507 3024 cum
531 2961 619 3025 omni
641 2981 741 3024 censu
764 2958 808 3023 ad
830 2958 968 3023 eundem
991 2956 1099 3022 locum
1122 2958 1329 3042 pertinente⁸
1351 2955 1457 3021 eidem
1480 2957 1635 3042 episcopo
1659 2956 1825 3022 Vualdoni
1846 2959 1880 3021 in
1902 2960 2093 3043 proprieta-

433 3070 498 3126 tem
521 3062 754 3144 consequimur,
777 3084 817 3126 ea
836 3060 991 3126 videlicet
1012 3062 1139 3126 ratione
1162 3068 1198 3125 ut
1221 3059 1297 3125 dum
1320 3061 1392 3145 ipse
1414 3060 1535 3124 vixerit
1557 3057 1620 3125 ear
1640 3062 1837 3146 potestative
1859 3061 2033 3146 possideat
2058 3072 2094 3127 et

433 3175 510 3250 post
532 3188 626 3230 suurn
649 3165 830 3230 discessum
854 3163 1013 3250 equaliter
1035 3163 1202 3228 dividatur
1223 3162 1387 3228 interduo
1403 3164 1612 3245 monasteria,
1635 3163 1698 3228 hoc
1714 3172 1764 3228 est
1779 3161 1897 3228 (iacias
1913 3173 1947 3229 et
1961 3165 2092 3250 Uuapi-

433 3269 558 3350 tinesss,
591 3289 675 3352 quae
698 3275 886 3332 constructa
910 3267 1040 3331 suntin
1062 3263 1212 3331 honoreh
1235 3268 1339 3331 sancti
1362 3265 1449 3330 Petri
1473 3267 1630 3352 principis
1653 3267 1886 3353 apostolorum.
1924 3268 2092 3334 Iussimus
2112 3292 2146 3338 aa

433 3392 562 3456 quoque
577 3367 728 3434 nostraei
751 3370 956 3434 auctoritatis
972 3379 1184 3454 praeceptum
1202 3369 1278 3434 inde
1300 3367 1473 3450 conscribi,
1497 3378 1656 3454 quatenus
1675 3373 1942 3454 praenominatus
1958 3375 2091 3458 episco-

432 3495 495 3558 pus
517 3471 648 3538 Vualdo
673 3472 713 3536 de
737 3471 934 3557 supradictis
963 3471 1061 3537 rebus
1091 3473 1246 3558 deinceps
1276 3472 1398 3538 habeat
1426 3483 1623 3558 potestatem
1652 3473 1730 3540 dum
1751 3476 1833 3539 vivit
1855 3476 2092 3564 quodcumque

433 3575 479 3639 illi
502 3575 634 3640 libuerit
656 3575 776 3640 exinde
798 3576 950 3641 faciendi.
983 3577 1028 3640 Et
1050 3585 1086 3641 ut
1108 3577 1170 3641 hoc
1192 3585 1325 3642 nostrae
1348 3578 1553 3641 auctoritatis
1569 3587 1779 3663 praeceptum
1795 3579 1919 3643 firmius
1936 3588 2093 3646 teneatur

432 3701 472 3742 ac
494 3678 610 3743 melius
632 3679 806 3763 veriusque
829 3677 981 3744 credatur
1004 3678 1046 3744 ab
1071 3679 1236 3762 omnibus,
1262 3679 1376 3744 subtus
1398 3702 1498 3744 manu
1520 3689 1634 3745 nostra
1657 3679 1738 3745 illud
1761 3682 1963 3746 firmavimus
1987 3691 2092 3768 atque

432 3782 520 3849 anuli
543 3783 647 3847 nostri
670 3782 872 3867 inpressione
896 3784 1082 3868 consignari
1105 3784 1344 3849 mandavimus.
2109 3807 2145 3853 30

536 3911 671 3995 Signum
696 3909 831 3978 domni¹¹
854 3912 1000 3976 Heinrici
1025 3913 1090 3992 (Μ.)
1115 3915 1253 3998 piissimi
1275 3916 1373 3999 regis,
1617 3991 1620 4004 .

535 4013 648 4080 Simon
671 4014 887 4079 cancellarius
911 4014 1060 4080 advicem
1083 4017 1234 4102 Herigori
1257 4017 1496 4104 archiepiscopi
1519 4019 1707 4102 recognovi.

529 4143 620 4208 Data
652 4160 701 4208 111.
730 4144 984 4220 nonnovcmb.
1014 4167 1100 4210 anno
1130 4147 1364 4211 incarnationis
1393 4145 1535 4211 domini¹
1567 4155 1806 4227 comosicum,
1840 4147 1955 4210 indict.
1986 4166 2050 4212 xlv
2064 4161 2090 4232 ¹¹,

431 4269 516 4311 anno
542 4263 588 4309 vr.
612 4246 723 4310 domni
746 4246 893 4310 Heinrici
923 4248 1119 4312 serenissimi
1149 4249 1252 4332 regis3
1286 4258 1396 4314 actum
1425 4251 1480 4315 in⁰
1510 4251 1642 4314 civitate
1665 4251 1875 4330 Vuomnatia,
1910 4264 2090 4336 praesente
2142 4309 2143 4314 ,

431 4350 552 4414 domno
575 4372 652 4433 rege
675 4349 883 4430 Ruodulf01’3
906 4351 940 4414 in
962 4351 1014 4415 dei
1037 4352 1168 4416 nominc
1190 4351 1329 4416 feliciter
1351 4374 1457 4418 amen.
2109 4375 2144 4420 ³5

1228 4506 1288 4583 12.

428 4633 602 4707 Heinrich
630 4634 790 4730 bestbto'pt
816 4633 895 4706 dom
917 4633 1060 4707 Kloster
1081 4631 1120 4709 S.
1148 4632 1277 4709 Gallos
1304 4635 1362 4707 die
1389 4635 1611 4726 Iroroooitb't,
1640 4634 1707 4708 dos
1729 4635 1984 4730 quroiritioos-
2009 4639 2093 4728 rotroci

429 4753 496 4825 das
522 4752 731 4827 Walllt'sscdl·
1598 4792 1714 4852 Woroos
1736 4796 1798 4852 926
1822 4792 1988 4853 November
2012 4799 2042 4854 4.

533 4942 781 5018 Oripiooldoplom
805 4944 846 5001 im
869 4943 1062 5017 Stistsorcleio
1083 4963 1124 5003 eo
1145 4944 1175 5006 S.
1196 4943 1303 5004 Galles
1327 4942 1338 5021 (
1368 4941 1390 5022 )

529 5065 664 5138 Nemori
681 5061 743 5123 OD.
755 5063 855 5148 UAIom.
879 5069 909 5134 1,
934 5067 994 5124 581
1013 5070 1048 5122 o⁰
1065 5069 1126 5125 716
1149 5066 1236 5124 Eetr.
1261 5083 1317 5125 ouo
1333 5065 1371 5124 A.
1397 5099 1434 5108 —
1460 5067 1637 5126 Wartmorm
1652 5069 1682 5128 S.
1703 5067 1778 5128 caro.
1801 5069 1864 5128 ΠΒ.
1884 5073 1915 5138 3,
1933 5073 1955 5128 8
1971 5077 2006 5128 o⁰
2023 5076 2089 5132 786
2108 5085 2145 5134 so

529 5185 585 5227 orvs
600 5167 639 5225 A.
666 5199 703 5209 —
728 5167 815 5227 Fors.
832 5169 866 5226 is
882 5166 951 5228 Clu.
972 5167 1064 5227 coo.
1081 5173 1153 5228 140.
1180 5203 1217 5212 -
1242 5170 1585 5243 BbhmrrReo.=16.—
1611 5171 1739 5245 Stumpf
1752 5173 1822 5246 lico.
1840 5176 1890 5231 13.
1912 5205 1949 5214 -
1968 5175 2090 5235 Hidbcr

530 5271 603 5344 Boo.
628 5273 700 5330 991.

530 5401 571 5456 ΙΙ.
599 5402 706 5470 [Siclrel]
820 5402 847 5470 a)
866 5409 1016 5455 nostrorum
1039 5406 1230 5456 uenerabilium
1254 5408 1437 5473 episcoporum
1464 5405 1488 5459 0
1590 5407 1620 5468 bl
1639 5407 1701 5472 Bc,
1725 5409 1855 5458 donamus
1879 5405 1902 5457 A
2009 5413 2038 5472 e)
2060 5411 2090 5474 0,

597 5473 737 5522 Luminnis
755 5470 806 5522 AB
893 5472 921 5533 d)
941 5475 1025 5523 eciam
1045 5472 1070 5524 0
1152 5475 1177 5534 e)
1195 5476 1369 5541 pertinentem
1386 5475 1437 5525 ΛΟ
1520 5477 1543 5537 l)
1555 5475 1626 5540 sebit
1643 5477 1672 5525 in
1689 5475 1740 5526 AB
1816 5479 1844 5542 gt
1866 5474 1972 5528 omno
1991 5479 2022 5528 irs
2039 5479 2091 5531 der

596 5540 769 5601 Uelleo-seboin
785 5541 841 5592 ond
858 5539 916 5591 dem
934 5541 1212 5604 Irvbollsomoicbm'rr,
1231 5543 1380 5608 Wopitiues
1398 5543 1433 5606 B,
1451 5545 1636 5611 imapitr'nesA
1722 5545 1749 5607 lt)
1769 5545 1894 5597 bonorem
1908 5546 1934 5595 Β
2019 5551 2041 5609 i)
2055 5551 2090 5612 A,
2110 5555 2146 5603 45

597 5612 687 5676 regiae
704 5609 758 5660 Bc
835 5610 864 5670 lr)
883 5609 983 5660 domini
1001 5609 1052 5660 ΔΒ
1138 5610 1240 5673 Uselis
1257 5613 1286 5662 ὄπ
1303 5611 1354 5664 Ac
1435 5613 1661 5676 mlxv*10,ooa
1678 5620 1756 5665 etwas
1770 5614 1896 5680 jeroam
1913 5614 2001 5667 Herod
2018 5635 2091 5671 cor-r.

596 5681 626 5728 iu
643 5695 712 5730 xxvi
798 5677 828 5744 n)
846 5676 909 5730 xO
992 5678 1101 5743 o)scblt
1118 5681 1147 5730 io
1164 5679 1218 5732 ΒΟ
1299 5681 1328 5748 p)
1346 5681 1480 5733 Ruodolso
1501 5680 1529 5733 0.
