4508 6428
429 391 494 458 350

431 600 459 648 11
481 597 612 662 prefatum
636 595 825 646 monasterium
847 609 878 644 ac
896 593 1119 644 confirmaverunt
1141 600 1228 644 reret

430 702 611 765 possessiones
632 698 675 748 ibi
694 713 710 748 a
731 697 897 762 principibus
925 695 1039 746 ducibus
1065 697 1227 762 reliquisque

430 799 553 855 fidelibus
580 803 706 866 collatas,
739 801 810 851 unde
837 801 956 866 prelatus
983 784 1087 850 abbas
1110 805 1226 850 nostram

431 909 551 960 exoravit
572 906 737 958 clementiam
760 910 791 954 ut
813 903 904 954 eadem
926 909 1052 968 precepta
1074 919 1105 954 ac
1127 903 1227 969 legales

430 1013 586 1076 scriptiones
608 1025 658 1060 uec
680 1026 733 1082 101
755 1008 848 1072 predia
870 1023 917 1072 per
935 1007 1055 1058 diversos
1070 1007 1137 1058 fines
1152 1010 1227 1073 regni

428 1115 517 1165 Italici
531 1115 698 1165 coniaeeutia
713 1105 817 1164 0111011(ς
835 1112 947 1162 cenobio
963 1111 1061 1161 collata
1076 1127 1123 1176 per
1138 1118 1227 1162 nostre

429 1218 637 1270 continuationis
665 1222 818 1282 preceptum
841 1217 870 1265 11
892 1215 1025 1281 prefatum
1048 1215 1227 1266 venerabilem

428 1323 516 1373 locum
539 1321 761 1372 confirmaremus.
802 1319 886 1369 Cuius
908 1319 1084 1383 petitionibus
1107 1319 1227 1369 faventes

427 1444 476 1493 pro
492 1427 534 1478 dei
550 1442 639 1476 amore
654 1427 855 1491 animarumque
877 1429 1027 1474 nostrarum
1049 1421 1164 1472 remedio
1179 1437 1227 1486 per

428 1531 479 1580 hoc
500 1535 589 1579 nostre
608 1529 815 1580 confirmationis
832 1534 993 1593 preceptum,
1017 1533 1096 1592 prout
1111 1528 1180 1576 iuste
1196 1541 1227 1576 ac

428 1632 548 1698 legaliter
570 1647 726 1696 possumus,
749 1629 935 1681 confirmamus
958 1645 989 1680 ac
1011 1630 1117 1694 penitus
1141 1645 1227 1680 corro-

429 1737 554 1786 boramus
577 1737 604 1784 in
626 1735 746 1800 predicto
769 1734 880 1784 cenobio
900 1733 999 1782 Christi
1020 1735 1144 1797 martyris
1161 1733 1227 1784 Uin·

429 1842 509 1891 ceutii
532 1841 649 1891 omnium
672 1844 797 1904 precepta
818 1853 999 1903 precessorum
1015 1843 1166 1887 nostrorum
1182 1839 1227 1886 im·

428 1949 581 2009 peratorum
605 1948 632 1994 et
654 1959 745 2008 regum
763 1961 793 2004 11,
816 1942 940 1993 videlicet
962 1941 1104 2003 Desiderii,
1127 1942 1228 2004 Karoli,

429 2047 560 2098 Lodouici
582 2051 661 2111 atque
684 2046 819 2108 Letharii,
849 2061 941 2095 verum
970 2047 1048 2094 ctiam
1073 2061 1164 2096 onmes
1185 2062 1228 2096 res

430 2156 456 2199 et
477 2151 658 2216 possessiones
682 2163 728 2212 per
751 2147 869 2198 diversor
892 2146 957 2198 liner
980 2149 1054 2213 regui
1072 2147 1159 2198 Italici
1182 2165 1227 2214 po·

429 2256 494 2304 sitas
515 2269 564 2318 per
586 2251 678 2303 eadem
700 2257 825 2316 precepta
839 2251 882 2302 vel
905 2251 1025 2316 quolibet
1047 2251 1126 2317 legali
1149 2253 1227 2301 titulo

429 2359 580 2422 scriptionis
599 2372 615 2406 a
636 2357 802 2422 principibus
824 2356 938 2406 ducibus
961 2355 1122 2422 reliquisque
1145 2355 1227 2407 fideli-

428 2461 479 2512 bus
507 2459 605 2510 ibidem
634 2460 745 2510 collatns
767 2475 817 2510 nec
839 2476 893 2510 non
915 2461 1075 2510 monasteria
1098 2466 1125 2510 et
1147 2461 1228 2511 cellas

428 2565 540 2616 inferius
554 2565 717 2614 nominatas:
736 2538 925 2614 monasterium
940 2563 1070 2629 siquidem
1085 2567 1113 2614 iu
1128 2565 1228 2616 bonore

428 2670 499 2720 beati
528 2669 600 2718 Petri
629 2667 743 2732 apostoli
772 2671 953 2718 constructum
978 2670 1094 2732 positum
1117 2669 1145 2717 in
1167 2669 1227 2719 loco

427 2773 501 2824 Trite
530 2772 662 2822 territorio
691 2770 823 2821 Balbense
851 2764 884 2818 ei
912 2756 946 2819 111
972 2754 1082 2819 Penne
1110 2754 1227 2820 cellam

427 2882 527 2926 unam
551 2881 612 2945 que
633 2866 841 2942 nuncupatur
856 2866 971 2921 sancta
986 2858 1092 2923 Maria
1108 2861 1140 2923 in
1157 2859 1227 2924 Mu-

429 2986 521 3046 canO,
545 2980 574 3027 in
595 2978 708 3027 Abrutio
731 2975 825 3026 cellam
848 2989 928 3025 unam
951 2977 978 3026 in
1000 2975 1060 3026 loco
1082 2980 1128 3044 qui
1150 2994 1227 3029 voea-

427 3091 471 3134 tur
493 3082 587 3144 110111,
620 3083 683 3130 item
712 3085 805 3130 sancta
827 3080 914 3130 Maria
942 3082 970 3130 in
991 3081 1067 3131 Duas
1089 3083 1227 3146 Basilicas,

383 3242 387 3252 ¹
427 3189 490 3238 item
506 3186 694 3236 monasterinm
710 3185 781 3235 beati
796 3183 869 3234 Petri
885 3183 999 3249 apostoli
1020 3186 1137 3250 positum
1152 3187 1228 3236 iuxta

428 3292 538 3344 fluvium
554 3289 665 3339 Sabbas
679 3289 812 3338 territorio
827 3288 1026 3352 Beneuentano,
1049 3294 1089 3339 ret
1111 3295 1138 3340 et
1160 3291 1228 3340 cella

428 3395 514 3445 sancti
537 3392 619 3442 Sossii
642 3393 670 3440 in
693 3365 804 3442 Liburie
826 3407 886 3441 cum
909 3397 965 3441 toto
989 3394 1046 3457 ipso
1064 3393 1149 3443 waldo
1167 3393 1227 3444 loco

429 3499 557 3558 Pantitae,
580 3493 768 3544 monasterium
788 3509 893 3559 quoque
916 3494 1015 3544 domini
1038 3501 1065 3545 et
1087 3497 1227 3547 salvatoris

428 3601 511 3650 nostri
534 3599 596 3648 Iesu
611 3597 710 3647 Christi
731 3597 803 3662 quod
825 3599 941 3662 positum
965 3604 1005 3649 est
1026 3601 1054 3649 in
1077 3599 1156 3664 Alite,
1178 3617 1228 3652 uec

428 3719 482 3753 non
497 3708 523 3752 et
538 3704 725 3752 monasterium
741 3703 826 3752 sancti
841 3701 950 3768 Georgii
973 3686 1063 3772 quod
1085 3690 1227 3773 positum

429 3800 479 3854 cst
501 3807 529 3854 111
552 3804 675 3868 Salerno,
701 3821 749 3855 seu
772 3811 797 3855 et
820 3807 1008 3868 monasterium
1030 3813 1120 3858 sancte
1143 3809 1227 3859 1111116

429 3911 457 3958 11
472 3910 604 3960 territorio
620 3909 769 3960 Marsicano
792 3909 863 3974 quod
886 3911 965 3959 ritum
989 3917 1029 3961 est
1046 3911 1227 3977 1110001111-

428 4013 535 4076 nianici,
559 4027 613 4062 une
635 4027 694 4062 oum
713 4013 806 4062 castris
822 4012 949 4078 cappellis
966 4014 1051 4064 titulis
1067 4017 1135 4065 casis
1151 4017 1228 4066 terris

428 4117 513 4166 vineis
537 4117 637 4182 campie
659 4117 742 4181 pratis
764 4119 870 4182 pascuis
893 4117 968 4168 silvis
991 4120 1113 4184 piscariis
1129 4119 1226 4170 molen·

429 4219 498 4270 dinis
527 4221 602 4286 aquis
631 4235 811 4286 aquarumque
839 4221 996 4272 decursibus
1025 4225 1108 4274 servis
1134 4231 1160 4274 et
1182 4239 1227 4274 an-

429 4323 505 4388 cillis,
528 4325 562 4374 ad
584 4325 742 4390 prelibatum
765 4327 953 4377 monasterium
974 4328 1168 4392 pertinentibus
1184 4328 1227 4379 vel

428 4429 631 4493 respicientibus
660 4431 688 4478 11
714 4431 859 4496 integrum,
893 4430 991 4480 Christi
1013 4430 1138 4481 videlicet
1160 4447 1227 4481 mar·

428 4534 494 4596 tyris
516 4533 660 4596 Uincentli‚
684 4534 756 4599 quod
778 4535 893 4599 positum
917 4539 957 4585 est
980 4535 1007 4584 11
1031 4534 1128 4584 finibus
1144 4536 1226 4586 Bene·

429 4639 558 4688 centanis.
592 4637 738 4688 Statuimus
761 4624 893 4707 insuper
915 4653 947 4687 ac
969 4643 1060 4687 nostra
1081 4639 1227 4704 preceptali

428 4743 586 4792 auctoritate
609 4741 774 4792 decrevimus
796 4748 840 4802 ut,
872 4743 894 4790 si
917 4741 1007 4807 alique
1034 4743 1146 4793 intentio
1169 4749 1228 4793 orta

428 4844 508 4894 luerit
531 4845 562 4895 de
586 4846 665 4895 rebus
688 4851 715 4895 et
736 4845 844 4894 familiis
868 4844 985 4894 eiusdem
1009 4848 1174 4909 monasterii,
1196 4847 1226 4896 11-

428 4953 487 4998 ceat
509 4947 695 4998 advocatorem
719 4955 813 4997 suum
840 4963 888 5012 per
916 4948 1116 5014 inquisitionem
1146 4951 1226 5000 circa-

428 5052 590 5100 manentium
619 5051 761 5101 liberorum
790 5051 940 5114 homiuum,
971 5054 1041 5103 sieut
1066 5052 1110 5103 lex
1138 5053 1226 5116 habet,

427 5152 478 5201 1100
500 5152 609 5203 delinire
632 5160 659 5203 et
681 5170 741 5204 cum
764 5153 899 5204 delinitum
923 5155 1012 5218 suerit,
1035 5161 1099 5207 tunc
1122 5156 1227 5207 demum

427 5257 499 5319 ipsas
521 5272 562 5305 res
578 5271 610 5306 ac
628 5256 743 5306 familias
765 5273 826 5322 pars
849 5258 962 5322 predicti
985 5262 1089 5310 cenobii
1113 5243 1227 5311 nostrad

426 5358 572 5423 preceptali
595 5361 753 5410 auctoritate
775 5361 873 5411 habeat
895 5367 976 5427 atque
1006 5364 1142 5428 possideat
1170 5367 1227 5416 iure

425 5464 523 5528 quiete.
563 5463 721 5528 Recepimus
751 5470 873 5529 preterea
901 5471 1069 5530 pretaxatum
1098 5475 1227 5519 monaste-

451 5600 526 5656 24⁵⁰.
544 5602 569 5666 0)
587 5603 659 5654 idem
677 5601 700 5655 Α
782 5604 810 5672 d)
828 5611 945 5658 nestram
963 5604 995 5659 A.

1025 396 1481 456 KAISERURKUNDEN.

1278 595 1367 645 lerunt
1382 610 1415 644 ex
1430 576 1510 642 suisb
1533 595 1611 644 rebus
1634 597 1662 644 11
1684 595 1819 659 prelatum
1845 595 2061 643 rnonasterium
2085 609 2117 642 ac

1279 698 1502 750 continuaverunt
1530 715 1572 748 res
1601 705 1627 749 et
1652 700 1839 763 possessiones
1864 700 1909 748 ibi
1936 714 1955 747 a
1980 699 2117 762 principi-

1278 804 1329 854 bus
1358 802 1471 854 ducibus
1502 802 1663 869 reliquisque
1697 803 1825 854 fidelibus
1856 801 2004 864 collatas,
2043 800 2117 850 unde

1278 908 1397 972 prelatus
1419 907 1503 955 abbas
1525 911 1641 956 nostram
1665 908 1783 956 exoravit
1809 907 2000 956 clementiam
2022 913 2054 953 ut
2074 919 2117 954 ea-

1279 1010 1338 1061 dem
1361 1017 1487 1076 preoepta
1508 1026 1539 1060 ac
1562 1010 1662 1076 legales
1680 1012 1841 1074 scriptiones
1858 1025 1918 1060 nec
1936 1026 1997 1060 non
2018 1008 2117 1073 predia
2134 1009 2149 1056 5

1278 1131 1326 1180 per
1348 1114 1466 1164 diversos
1488 1113 1554 1163 fines
1577 1115 1651 1178 regni
1673 1112 1760 1163 Italici
1783 1114 1974 1163 coniacentia
2000 1105 2115 1162 0111011ο

1279 1219 1390 1269 cenobio
1410 1217 1507 1268 collata
1522 1233 1569 1281 per
1585 1222 1674 1266 nostre
1696 1215 1919 1266 confirmationis
1946 1223 2115 1281 preceptum

1280 1325 1308 1373 in
1337 1323 1469 1388 prelatum
1498 1321 1676 1371 venerabilem
1707 1320 1795 1370 locum
1829 1303 2114 1369 concederemus

1280 1421 1312 1476 el
1334 1425 1557 1476 confirmaremus.
1595 1423 1679 1474 Cuius
1698 1424 1881 1488 petitionibus
1907 1423 2045 1473 faventes
2064 1440 2113 1488 pre

1279 1530 1321 1580 dei
1345 1545 1433 1580 amore
1459 1530 1658 1592 animarumque
1686 1533 1838 1577 nostrarum
1871 1528 2004 1578 remedio
2037 1509 2111 1591 perd
2131 1531 2159 1579 10

1280 1635 1330 1683 hoc
1358 1638 1447 1684 nostre
1475 1632 1682 1683 continuationis
1708 1638 1884 1696 precept-um,
1923 1639 2015 1697 prout
2039 1634 2111 1681 iuste

1280 1753 1311 1787 ac
1334 1739 1455 1803 legaliter
1477 1753 1632 1802 possumus,
1655 1720 1870 1788 concedimus
1897 1731 1934 1786 et
1960 1735 2109 1786 confirma-

1280 1859 1339 1892 mus
1361 1858 1393 1892 ac
1415 1843 1522 1908 penitus
1545 1841 1746 1890 corroboramus
1775 1841 1802 1888 in
1826 1840 1960 1905 predicto
1987 1840 2107 1890 cenobio

1281 1946 1379 1996 Christi
1402 1946 1524 2009 1111111111
1546 1944 1681 1994 1111001111
1708 1943 1798 1994 omnia
1826 1951 1965 2008 precepta
1997 1960 2105 2008 preces

1281 2065 1369 2100 sorum
1392 2055 1541 2100 nostrorum
1563 2048 1752 2113 imperatorum
1774 2051 1801 2096 et
1823 2062 1939 2112 regum,
1972 2047 2106 2098 videlicet
2126 2057 2153 2102 15

1280 2153 1422 2216 Desiderii,
1445 2153 1545 2215 Karoli,
1568 2153 1698 2203 Lodouici
1727 2156 1808 2216 atque
1831 2151 1973 2214 Letharii,
2008 2168 2105 2201 verum

1281 2252 1391 2308 lamen
1407 2274 1498 2308 omnes
1514 2274 1556 2307 res
1571 2263 1598 2308 et
1619 2257 1799 2322 possessiones
1820 2271 1869 2320 per
1886 2255 2019 2306 diversas
2036 2256 2104 2306 fines

1280 2363 1355 2428 regni
1377 2361 1465 2412 Italici
1489 2355 1612 2426 1101111111Θ
1634 2376 1682 2424 per
1704 2360 1794 2410 eadem
1818 2367 1952 2426 precepta
1970 2359 2102 2426 1611110-

1280 2467 1347 2515 libet
1377 2465 1456 2531 legali
1479 2482 1496 2513 11
1518 2446 1698 2529 scriptiones‘
1725 2479 1741 2514 e
1772 2465 1945 2530 principibus
1980 2466 2102 2516 ducibus

1281 2570 1442 2635 reliquisque
1472 2569 1596 2618 fidelibus
1624 2568 1722 2619 ibidem
1745 2568 1856 2618 collatas
1880 2585 1933 2619 nec
1959 2585 2020 2620 11011
2043 2587 2099 2618 110-
2119 2575 2149 2620 20

1281 2675 1397 2723 nasteria
1431 2680 1457 2723 et
1486 2673 1567 2723 cellas
1595 2672 1706 2722 inferius
1733 2672 1900 2734 nominatae,
1935 2658 2098 2742 primitus

1280 2759 1433 2827 videlicet
1456 2759 1659 2826 declarantes
1682 2761 1772 2845 ipsas
1795 2759 2006 2824 hereditates
2031 2783 2097 2846 que

1281 2863 1486 2930 circumdant
1518 2867 1625 2950 ipsum
1658 2866 1893 2929 monasterium
1931 2885 1997 2948 per
2032 2862 2096 2928 has

1281 2989 1410 3054 quoque
1431 2967 1529 3032 fines:
1552 2968 1727 3052 incipiente
1749 2967 1860 3052 itaque
1876 2967 1982 3032 fluvio
2002 2966 2095 3053 quod

1281 3070 1399 3136 dicitur
1415 3070 1553 3156 Saugro,
1578 3069 1694 3135 deinde
1710 3091 1769 3154 per
1784 3079 1912 3134 montes
1929 3070 2093 3155 puplioos
2111 3092 2142 3140 es

1281 3197 1384 3260 usque
1413 3176 1447 3239 in
1475 3182 1586 3239 monte
1615 3176 1669 3259 qui
1697 3173 1815 3239 dicitur
1836 3171 1946 3256 Anne,
1984 3177 2094 3240 etsie

1280 3277 1468 3342 revolvente
1498 3287 1607 3342 monte
1636 3276 1751 3342 eodem
1784 3299 1887 3362 usque
1916 3279 1952 3342 in
1985 3277 2092 3344 fluvio

1282 3381 1370 3467 quod
1394 3381 1512 3448 dieitur
1533 3381 1650 3465 Mella,
1674 3390 1706 3446 et
1729 3379 2011 3468 quemadmodum
2037 3383 2091 3447 dc

1281 3486 1382 3550 currit
1403 3487 1477 3571 ipse
1499 3484 1601 3550 Mella
1628 3507 1731 3570 usquc
1760 3484 1816 3549 ubi
1846 3485 2022 3570 coniungit
2053 3509 2089 3550 se

1281 3611 1356 3653 cum
1384 3611 1487 3675 parvo
1517 3589 1617 3653 fluvio
1642 3586 1730 3674 quod
1753 3587 1872 3652 dicitur
1895 3587 2087 3672 Mellarino,
2107 3610 2138 3656 30

1281 3704 1313 3758 et
1341 3693 1383 3758 ab
1412 3692 1489 3756 hinc
1518 3693 1552 3755 in
1577 3692 1700 3755 vertice
1728 3691 1847 3755 montis
1877 3691 1934 3777 qui
1966 3691 2091 3756 dicitur

1281 3795 1422 3860 Balbola
1446 3797 1548 3861 etsie
1571 3817 1630 3880 per
1652 3795 1763 3859 cilium
1785 3793 1931 3858 eiusdem
1962 3797 2088 3860 montis

1280 3923 1383 3986 usquc
1413 3903 1445 3964 11
1476 3909 1619 3964 montem
1647 3896 1836 3963 Archanum
1869 3907 1903 3961 et
1935 3909 2089 3964 montem

1279 4003 1407 4068 Marthc
1429 4013 1635 4088 montemque
1652 3999 1769 4066 Casale
1793 4023 1914 4086 cosque
1929 4001 2088 4068 videlicet

1279 4117 1406 4172 montes
1426 4109 1628 4170 extrinsecus
1645 4103 1884 4170 circumdantes
1900 4106 1933 4168 11
1949 4103 2086 4172 hortum
2105 4126 2136 4174 35

1279 4233 1383 4297 usque
1399 4211 1550 4293 riaginim
1565 4209 1758 4274 Rauennola
1774 4209 1860 4295 quod
1882 4211 2085 4293 nominatur,

1280 4325 1312 4379 et
1327 4336 1347 4376 a
1362 4314 1469 4398 capite
1485 4311 1631 4377 eiusdem
1651 4313 1785 4396 riaginis
1801 4313 1972 4376 venientes
1988 4316 2086 4378 iuxta

1280 4427 1406 4482 montes
1436 4414 1586 4502 puplicos
1616 4417 1650 4480 in
1678 4426 1820 4480 montem
1847 4438 1952 4500 usquc
1976 4416 2087 4481 Bena-

1278 4523 1374 4586 sraua
1403 4521 1490 4606 quod
1521 4530 1571 4584 est
1598 4541 1696 4604 super
1723 4518 1819 4600 urbe,
1855 4519 1973 4583 codem
2004 4542 2085 4585 vero

1279 4624 1468 4690 revolvente
1496 4632 1607 4688 monte
1636 4645 1739 4708 usque
1768 4621 1933 4686 1101111111
1957 4625 2136 4692 1101111111

1280 4728 1368 4814 quod
1390 4737 1440 4792 est
1463 4749 1561 4812 super
1582 4734 1670 4790 terra
1698 4749 1759 4813 que
1782 4735 1919 4789 vocatur
1942 4725 2084 4810 Arcera,

1280 4855 1342 4918 quc
1364 4841 1415 4896 cst
1437 4817 1574 4896 ecclesie
1596 4831 1762 4916 heredites
1785 4841 1898 4897 sancte
1918 4831 1970 4896 dci
1993 4836 2085 4916 geni-

1280 4937 1369 4999 tricis
1384 4935 1489 4998 111116
1505 4957 1568 5020 que
1585 4933 1750 4999 Oliucturn
1766 4944 1913 5016 vocatur,
1931 4935 2085 5002 subiecta

1280 5039 1397 5123 prefati
1419 5039 1609 5102 monasterii
1632 5048 1664 5102 et
1686 5037 1826 5103 ecclesia
1849 5039 2085 5106 nichilominus

1278 5141 1442 5206 hereditas
1467 5150 1578 5206 sancte
1594 5139 1757 5206 Christine
1780 5140 1910 5206 subdita
1933 5144 2084 5211 eiusdem
2103 5163 2137 5211 15

1280 5246 1406 5310 cenovii
1430 5267 1504 5310 cum
1527 5245 1648 5309 inclitis
1672 5247 1841 5310 territoriis
1865 5247 1932 5309 suis
1956 5257 2085 5314 etcum

1279 5347 1413 5435 reliquis
1435 5348 1565 5431 finibus,
1592 5351 1665 5434 ipsa
1687 5349 1851 5414 heredites
1874 5349 2086 5418 circumdata

1279 5453 1313 5516 in
1335 5452 1434 5517 fluvio
1458 5474 1561 5538 usque
1583 5450 1764 5536 Uulturno,
1797 5473 1874 5516 narn
1895 5453 2017 5518 iterum
2041 5479 2086 5521 cx

1307 5605 1379 5658 2111.
1398 5609 1424 5668 b)
1446 5609 1522 5658 exuis
1544 5606 1575 5657 A'
1663 5608 1686 5672 c)
1709 5609 1779 5658 idem
1802 5605 1833 5656 A'
1925 5607 1953 5670 d)
1979 5609 2029 5660 sed
2053 5611 2087 5662 A'

1306 5681 1307 5684 ’
1400 5678 1529 5742 e)positu
1552 5673 1583 5728 A*
1663 5675 1744 5744 fld'.
1993 5741 1997 5746 Ι
2106 5697 2140 5746 50
