4508 6428
432 416 496 482 392
1029 428 1480 486 KAISERURKUNDEN.

535 613 625 677 Data
640 630 674 676 x.
690 610 758 676 kal.
773 610 838 677 feb.
861 633 948 676 anno
965 609 1147 676 dominicae
1166 610 1400 674 incarnationis
1415 624 1608 692 occccnxv,
1631 609 1809 674 indictione
1824 595 1901 692 vm,
1925 619 2090 693 regnante

433 717 553 782 domno
581 738 656 800 rege
680 715 801 780 Ottone
829 736 916 780 anno
940 731 1032 795 xxn,
1067 715 1276 798 imperatorie
1299 721 1408 778 autem
1430 714 1604 798 potestatis
1626 733 1712 776 auno
1735 731 1779 794 11;
1813 723 1925 777 actum
1946 711 2090 777 Sindlie·

433 841 594 900 uesovuo;
617 821 649 884 in
673 818 723 882 dei
747 819 878 882 nomine
899 815 1038 880 feliciter
1060 838 1165 881 amen.

1211 1059 1298 1130 276.

442 1197 522 1294 osi
555 1216 696 1292 suess
728 1215 807 1288 uem
834 1215 979 1288 unsre
1003 1212 1216 1288 armauere
1250 1211 1309 1284 aa
1341 1238 1413 1284 von
1448 1212 1528 1284 aaa
1554 1212 1698 1285 mosa·
1724 1209 1929 1310 888898
1964 1213 2121 1310 unqe-⁵

434 1338 613 1412 tassetan
644 1335 730 1412 Orte
761 1336 899 1433 Ufnau,
935 1331 1139 1434 Psqffileoa,
1177 1331 1332 1405 Ventos
1357 1333 1438 1405 aad
1459 1331 1602 1404 Medea.

1556 1475 1728 1532 Reisdeaoa
1750 1475 1812 1532 965
1836 1473 1964 1532 Janaor
1985 1477 2042 1532 23.

534 1684 657 1762 Diplem
678 1682 894 1756 eweisellrelter
918 1682 1047 1756 deltae
1069 1684 1112 1740 im
1134 1681 1326 1756 Stiftsarclrie
1347 1701 1388 1741 ea
1409 1680 1584 1741 Eiasiedeln
1605 1678 1666 1758 (A).

534 1840 708 1898 Hanmmm
723 1839 803 1899 Ana.
821 1841 942 1899 Heremi
957 1841 998 1899 76
1013 1858 1071 1900 aas
1085 1839 1115 1900 A
1132 1865 1171 1894 =
1187 1841 1323 1914 Neapart
1339 1837 1403 1899 OD.
1419 1836 1514 1896 Alem.
1530 1841 1560 1908 1,
1580 1839 1645 1896 612
1664 1840 1698 1895 8ο
1713 1837 1776 1896 756
1791 1834 2024 1908 aamdstdodiq.
2041 1870 2085 1879 —

534 1943 677 2002 Placidus
691 1944 841 2002 Reimaaa
854 1943 927 2002 Dor.
950 1945 1029 2003 ared.
1045 1942 1175 2003 Eimiul.
1197 1946 1228 2014 2,
1248 1946 1267 2000 4
1287 1947 1322 2001 8ο
1337 1945 1356 2000 5
1380 1959 1436 2000 aas
1451 1941 1490 2002 Α.
1509 1974 1546 1984 -
1563 1941 1703 2014 Herryott
1722 1939 1841 2000 888881.
1857 1943 1887 2010 2,
1906 1942 1946 1999 81
1966 1945 2003 1996 8ο
2019 1941 2082 1999 136
2102 1951 2134 1997 18

535 2063 592 2104 aas
614 2043 652 2104 A.
676 2079 718 2089 -
741 2046 872 2104 Botmer
892 2047 965 2120 Ray.
989 2049 1063 2107 284.
1087 2079 1129 2092 -
1150 2044 1279 2119 Stampf
1296 2047 1369 2118 Rea.
1393 2049 1466 2104 818.
1489 2077 1531 2087 —
1553 2043 1669 2103 Hidber
1689 2044 1764 2116 Ray.
1789 2047 1881 2103 1079.

535 2201 640 2259 Isdem
661 2202 724 2261 sieb
745 2202 799 2262 dos
821 2202 861 2263 D.
885 2201 930 2262 als
952 2204 1017 2262 eine
1038 2203 1126 2262 seben
1147 2204 1190 2261 im
1212 2205 1263 2264 10.
1288 2200 1496 2261 Jahrbmrdert
1518 2199 1711 2274 onqesertiote
1733 2199 1982 2272 Naelreeidmany
2005 2201 2084 2258 eines

534 2303 574 2362 D.
596 2322 652 2363 von
672 2305 726 2364 der
740 2306 833 2366 Haud
854 2307 904 2366 des
920 2307 961 2366 It.
979 2307 1015 2365 A.
1040 2307 1163 2376 meist,
1186 2323 1270 2365 88888
1292 2306 1357 2364 dem
1379 2304 1504 2365 Kloster
1524 2306 1588 2361 siae
1608 2321 1665 2361 voa
1687 2303 1796 2362 diesem
1810 2303 1908 2361 Notas
1929 2303 2085 2361 mmrdirte

538 2409 678 2469 Urlraade
695 2428 753 2469 aar
773 2410 947 2485 Versdyanp
967 2410 1131 2484 pestoadea
1152 2410 1254 2468 ruscea
1297 2411 1392 2469 Weaa
1413 2408 1475 2468 sich
1496 2425 1562 2466 arm
1584 2408 1660 2466 aucis
1681 2423 1738 2466 aas
1755 2407 1807 2464 der
1821 2407 2005 2480 Berrsdeany
2026 2407 2083 2466 sol-

532 2514 598 2570 cher
617 2513 741 2588 Vorlaqe
762 2516 857 2588 88898
871 2515 1121 2574 Besoaderheitea
1141 2531 1198 2572 eoa
1213 2511 1281 2573 DO.
1296 2515 1361 2572 276
1384 2512 1418 2590 (s.
1436 2511 1530 2572 Siclcel
1547 2511 1642 2569 Beitr.
1665 2528 1724 2568 aar
1737 2509 1925 2582 Diplomotil·
1940 2513 1971 2580 8,
1992 2508 2079 2587 162),
2101 2519 2130 2565 15

535 2617 680 2688 ceddren,
703 2618 768 2675 aad
790 2635 875 2676 scena
896 2619 973 2676 aad
994 2618 1098 2689 semer
1120 2619 1167 2678 die
1180 2618 1376 2691 studitarum
1394 2617 1546 2677 Wllrelms
1561 2619 1594 2674 ia
1609 2615 1663 2673 der
1676 2615 1870 2688 Reeoquitioa
1890 2616 1973 2673 nicht
1994 2615 2083 2673 beoa-

534 2720 650 2779 888888
677 2719 795 2779 werdm
822 2723 903 2780 18888
924 2719 959 2798 (s.
983 2740 1076 2780 aecer
1098 2721 1129 2781 S.
1153 2720 1221 2798 82),
1252 2738 1285 2779 so
1306 2719 1411 2791 hasten
1439 2721 1547 2780 diesem
1570 2719 1677 2779 Sidete
1704 2719 1776 2777 doct
1801 2719 1876 2776 need
1896 2734 1929 2776 so
1950 2718 2083 2775 cielerlei

535 2825 660 2897 1188981
673 2841 715 2883 88
738 2823 773 2903 (s.
791 2825 886 2885 8181881
901 2824 1063 2885 Schweiser
1076 2826 1110 2882 K
1113 2823 1147 2884 U.
1165 2824 1304 2902 78-85)
1329 2824 1399 2884 dass
1415 2824 1463 2883 die
1477 2825 1610 2884 11818188
1632 2822 1812 2881 miudesteas
1833 2821 1963 2894 fraudet
1984 2822 2080 2881 bleibt.

535 3046 688 3130 (01118
710 3048 841 3110 nomine
865 3055 999 3111 sanctae
1022 3055 1055 3110 et
1076 3045 1263 3111 individuae
1286 3047 1449 3110 trinitatis.
1489 3045 1568 3111 Otto
1592 3045 1703 3110 divina
1725 3054 1886 3110 annuente
1907 3044 2083 3110 elementia

432 3151 609 3235 imperator
643 3159 811 3236 augustus.
915 3148 949 3215 Si
977 3151 1066 3214 eirca
1099 3148 1173 3214 loca
1203 3148 1313 3213 dicata
1342 3147 1474 3214 domino
1508 3169 1567 3235 pro
1602 3149 1845 3214 aeclesiasticae
1878 3148 2048 3213 facultatis
2069 3147 2131 3229 {so

395 3297 400 3304 ·
432 3263 607 3339 augmento
630 3253 838 3336 intendimus,
862 3237 998 3318 divina⁸
1019 3253 1115 3318 nobis
1138 3252 1286 3338 profecto
1310 3253 1579 3316 remunerationis
1592 3253 1761 3337 *premium
1784 3251 1991 3338 profuturum
2014 3274 2082 3315 cre-

432 3355 552 3422 dimus.
588 3356 667 3422 Ideo
697 3359 827 3422 noverit
857 3359 1000 3422 omnium
1031 3356 1176 3421 fidelium
1205 3365 1391 3422 nostrornm
1422 3367 1490 3421 tam
1520 3359 1741 3441 praesentium
1770 3377 1868 3442 quam
1898 3355 2082 3420 futurorum

432 3462 600 3543 industria,
624 3460 764 3549 qualiter
786 3461 905 3526 dilecta
929 3461 1074 3526 coniunx
1095 3471 1208 3526 nostra
1225 3457 1411 3524 Adalheida
1432 3469 1543 3544 nostre
1567 3459 1749 3523 serenitatis
1771 3457 2003 3522 excellentiam
2025 3457 2081 3521 de·

432 3575 567 3649 precata
589 3575 648 3648 est,
673 3575 834 3652 quatenus
856 3564 1031 3630 aeclesiam
1055 3573 1190 3630 sanetae
1207 3564 1333 3628 Mariae
1355 3564 1390 3628 in
1412 3562 1496 3627 cella
1511 3561 1693 3646 Megiuradi
1715 3560 1891 3626 heremitae
1913 3565 2082 3626 construc-

431 3677 500 3733 tam
529 3669 655 3754 deoque
684 3668 828 3734 dicatam
856 3669 1111 3736 sublevaremus.
1147 3665 1344 3734 Huiusmodi
1375 3689 1503 3753 quoqne
1532 3666 1684 3752 precibus
1713 3687 1883 3730 assensum
1905 3663 2081 3750 prebentes
2099 3681 2130 3727 25

433 3771 535 3855 ipsius
566 3772 750 3836 interventu
772 3781 805 3836 et
826 3771 1006 3837 Purchardi
1034 3775 1138 3840 nostri
1168 3772 1260 3838 ducis
1281 3793 1342 3836 nec
1365 3794 1432 3836 non
1455 3780 1487 3836 et
1509 3771 1677 3857 Hartperti
1700 3771 1854 3835 antistitis
1876 3771 1980 3834 nostri
2004 3791 2082 3834 cou-

433 3872 528 3956 sultu,
553 3872 594 3938 ob
610 3884 776 3940 aeternam
797 3878 1090 3942 remunerationem
1106 3885 1138 3940 et
1152 3874 1331 3940 remedium
1354 3877 1461 3959 anime
1483 3882 1594 3958 nostre
1618 3874 1777 3960 quasdam
1799 3896 1851 3938 res
1873 3874 1953 3938 iuris
1976 3875 2082 3938 nostri

432 3975 613 4062 praelibate
636 3978 797 4043 aeclesiae
820 3978 932 4045 abbati
949 3978 1110 4065 Gregorio
1134 3980 1336 4066 caeterisque
1359 3981 1462 4044 servis
1485 3978 1537 4044 dei
1561 4001 1671 4044 secum
1693 4000 1780 4044 nunc
1802 3980 1890 4043 etin
1912 3988 2082 4064 postcmm

433 4103 492 4166 per
521 4080 729 4148 succedentia
760 4094 911 4170 tempora
933 4086 967 4150 in
988 4085 1139 4171 praefata
1168 4083 1252 4148 cella
1281 4081 1342 4148 deo
1364 4081 1578 4148 militantibus
1600 4106 1643 4147 ex
1665 4085 1790 4169 integro
1821 4082 2083 4147 condonavimus

432 4206 508 4248 cnm
537 4185 687 4250 omnibus
710 4185 753 4251 ad
775 4186 907 4252 easdem
929 4211 982 4253 res
1003 4187 1188 4254 Uuenovua
1210 4190 1294 4252 iuste
1317 4197 1349 4252 et
1370 4186 1519 4272 legaliter
1540 4185 1776 4272 pertinentibus
1798 4187 1832 4249 in
1856 4185 1978 4250 ducatu
2000 4183 2082 4250 Ala·
2099 4205 2132 4253 38

432 4291 584 4355 mannico
607 4291 641 4355 in
663 4293 822 4357 comitatu
843 4293 1069 4378 Zurichgevue
1099 4292 1336 4358 subnominatis
1364 4290 1416 4356 his
1445 4291 1543 4374 locis,
1574 4290 1608 4354 id
1630 4301 1681 4356 est
1702 4289 1954 4371 Phaffinchoua,
1985 4289 2080 4353 Vrin-

433 4391 555 4475 choua,
585 4393 759 4459 aeclesiam
786 4417 916 4482 quoque
940 4394 980 4459 de
1002 4395 1167 4482 Megilano
1190 4407 1222 4462 et
1244 4405 1373 4462 caetera
1400 4395 1476 4461 loca
1498 4395 1542 4460 ad
1564 4395 1746 4480 praefatum
1772 4393 1881 4459 locum
1903 4392 2082 4458 Uuinovua

431 4495 628 4579 pertinentia
653 4496 850 4585 ubicumque
872 4498 1116 4582 provinciarum
1137 4501 1244 4564 iacere
1266 4500 1448 4582 videantur,
1471 4521 1546 4564 cum
1568 4501 1656 4564 omni
1678 4521 1790 4564 eorum
1811 4521 1882 4580 usu,
1906 4498 2082 4582 88888818-

433 4598 489 4663 siis
512 4607 545 4663 et
566 4621 679 4664 earum
701 4599 846 4684 decimis,
874 4622 949 4666 cum
973 4602 1124 4667 omnibus
1147 4602 1300 4668 censibus
1323 4603 1460 4688 edificiis
1483 4605 1656 4689 mancipiis
1679 4604 1846 4688 utriusque
1869 4625 1968 4666 sexus
1991 4605 2081 4688 agris

432 4704 564 4786 pascuis
592 4702 723 4790 alpibus
749 4703 926 4769 forestibus
949 4704 1060 4792 aqueb
1086 4706 1324 4792 piscationibus
1346 4706 1542 4773 molendinis
1564 4705 1660 4772 cultis
1683 4715 1716 4771 et
1737 4704 1868 4770 incultis
1891 4706 2027 4792 quesitis
2050 4717 2083 4771 et
2100 4721 2133 4769 35

432 4805 633 4892 inquirendis
656 4817 785 4872 etcum
815 4809 965 4873 omnibus
993 4809 1037 4875 ad
1064 4809 1147 4874 haec
1176 4811 1261 4876 iuste
1290 4809 1498 4898 legitimeque
1529 4809 1782 4896 pertinentibus;
1816 4809 1898 4874 haec
1929 4809 2085 4874 videlicet

432 4912 635 4996 praescripta
652 4910 728 4976 loca
745 4911 889 4997 quadam
907 4915 1116 4998 proprietatis
1137 4923 1269 4980 nostrae
1288 4924 1378 4980 curte
1396 4917 1429 4979 in
1445 4917 1601 4980 comitatu
1616 4912 1785 4979 Adelberti
1797 4922 1809 4952 ⁰
1823 4912 1919 4978 Retia
1933 4912 2083 4978 vocatab

432 5012 541 5078 Scana
572 5013 685 5079 dicta‘l
716 5037 791 5080 cum
822 5014 943 5099 eclesia
969 5025 1001 5080 et
1023 5016 1173 5082 omnibus
1204 5020 1407 5103 pertinentiis
1440 5022 1509 5084 eius
1539 5039 1601 5082 nec
1630 5039 1697 5082 non
1720 5019 1753 5080 in
1776 5015 1892 5080 eodem
1923 5016 2083 5080 comitatu

431 5127 561 5200 portum
582 5115 772 5183 Riuanumb
800 5120 968 5202 navigium
996 5143 1071 5186 eum
1098 5119 1198 5186 naulo
1227 5144 1285 5207 per
1310 5121 1539 5188 concambium
1568 5121 1711 5205 legitime
1734 5121 2016 5185 transmutationis
2041 5120 2083 5184 de

431 5219 568 5286 abbatia
589 5219 776 5306 Sekchiuga
805 5222 1039 5308 perpetualiter
1068 5228 1351 5291 commutavimus.
1387 5227 1432 5291 Et
1453 5235 1490 5291 ut
1510 5226 1592 5290 haec
1615 5227 1794 5290 auctoritas
1816 5233 1929 5289 nostra
1952 5223 2083 5289 stabilis
2100 5239 2135 5286 48

396 5367 403 5374 -
430 5323 704 5407 inrefragabiliter
726 5335 947 5410 conservetur,
969 5348 1069 5393 manu
1090 5337 1203 5394 nostra
1224 5330 1360 5416 propria
1382 5330 1495 5397 subtus
1514 5353 1588 5396 eam
1604 5331 1805 5396 firmavimus
1821 5338 1854 5394 et
1866 5327 1957 5393 anuli
1975 5329 2082 5393 nostri

430 5427 643 5512 impressione
666 5431 854 5514 consignari
877 5431 1040 5497 iussimus.

517 5630 577 5688 27⁸.
605 5633 712 5704 [Siekel]
817 5641 843 5696 at
862 5637 894 5701 A,
912 5643 974 5689 etott
991 5639 1099 5689 divinae
1197 5639 1267 5705 b)A
1366 5643 1390 5703 8)
1410 5638 1585 5692 attenderes
1605 5637 1679 5691 11818
1695 5635 1883 5704 mucram
1987 5639 2016 5701 d)
2034 5641 2083 5693 mit

601 5704 790 5772 iderstdtriqem
806 5705 1075 5772 Abicite-simmachus
1091 5707 1153 5757 cte
1171 5725 1195 5761 a.
