4576 6420
897 424 1022 482 ΟΤΤΟ
1044 429 1068 482 1.
1093 424 1165 482 962.
1791 423 1856 487 329

204 624 320 673 omnium
343 622 460 674 fidelium
483 617 614 674 sanctae⁸
637 623 679 673 dei
702 623 829 674 ecclesiae
851 629 1054 690 nostrorumque
1076 601 1237 690 presentium
1261 640 1293 675 ac
1315 626 1464 676 futurorum
1486 626 1618 676 industria
1640 630 1751 690 noverit,
1775 630 1855 679 abba-

204 733 256 778 tem
280 731 306 776 et
327 727 471 778 monachos
493 727 521 776 in
544 729 673 778 coenobio
696 727 794 777 domini
818 732 844 778 et
866 726 1006 777 salvatoris
1027 730 1112 778 nostri
1134 729 1195 780 Iesu
1212 729 1311 780 Christi
1333 731 1476 782 militantes
1498 734 1526 781 16
1548 739 1637 783 monte
1652 734 1756 784 Amiate
1778 735 1855 784 nobis

202 831 401 882 lacrimabiliter
426 830 581 896 protulisse,
615 831 686 896 quod
708 832 785 880 166616
808 847 839 881 66
861 830 990 881 nuditatis
1012 831 1160 897 indigentia
1182 833 1280 883 ibidem
1304 833 1353 885 deo
1376 836 1474 886 servire
1496 851 1549 886 non
1573 841 1694 901 possent,
1730 837 1856 902 eoquod

202 941 288 984 cortes
310 939 337 984 et
359 933 425 1000 celle
447 950 499 1000 que
522 949 538 984 a
559 935 756 1000 precessoribus
779 951 795 983 a
817 935 851 984 ad
874 939 1007 999 sumptum
1031 951 1121 985 eorum
1144 937 1248 987 conlate
1271 945 1346 1001 sunt,
1376 953 1392 988 a
1414 941 1503 1003 pravis
1526 941 1638 990 fuissent
1660 941 1785 1006 distracte
1807 941 1853 990 hc-

168 1037 326 1089 hminibus.
370 1038 426 1088 Nos
449 1038 555 1104 quidem
577 1055 624 1103 pro
647 1025 691 1089 dei
713 1055 801 1089 amore
824 1040 1024 1104 animarumque
1046 1045 1195 1090 nostrarum
1223 1043 1353 1104 remedio,
1387 1045 1511 1110 quoniam
1540 1044 1609 1095 idem
1639 1045 1797 1094 coenobium
1825 1046 1853 1093 in

202 1149 318 1192 nostram
342 1141 485 1192 devenerat
506 1148 664 1207 potestatem
686 1157 718 1192 ac
741 1144 942 1208 proprietatem,
977 1159 1019 1193 res
1042 1149 1068 1193 et
1090 1145 1182 1208 predia
1205 1161 1256 1211 que
1279 1160 1295 1194 a
1321 1147 1418 1196 nostris
1440 1148 1637 1212 precessoribus
1665 1147 1763 1198 collata
1791 1152 1853 1196 sunt

201 1253 228 1297 61
250 1246 404 1297 confirmata
426 1261 458 1296 ac
481 1247 664 1308 corroborata,
699 1245 853 1296 6661166666
877 1253 903 1296 61
926 1248 1097 1298 corroborare
1120 1249 1270 1298 studuimus
1294 1255 1320 1300 et
1342 1249 1374 1300 de
1396 1233 1518 1300 uostrisb
1547 1253 1612 1300 16616
1640 1253 1802 1317 proprietate
1824 1225 1863 1300 in·

201 1349 389 1400 monachorum
412 1353 545 1413 sumptum
568 1355 653 1400 cortes
677 1355 702 1398 61
725 1349 805 1400 661166
828 1351 1002 1413 contulimus,
1037 1353 1162 1416 quatinus
1193 1352 1285 1402 sedulo
1314 1355 1446 1403 orationes
1472 1371 1519 1418 pro
1542 1356 1619 1405 nobis
1648 1342 1852 1425 coniugiique

200 1447 312 1502 nostra
335 1437 519 1503 Adelheida
540 1438 674 1525 filioque
697 1448 807 1504 1106110
831 1461 907 1524 rege
931 1439 1076 1506 Ottone⁰
1103 1456 1201 1506 ibidem
1230 1457 1264 1505 ad
1292 1457 1426 1506 dominum
1454 1458 1609 1524 dirigantur.
1653 1460 1738 1524 Igitur
1767 1465 1853 1509 cortes

125 1531 127 1536 ι
151 1563 182 1610 10
201 1565 227 1608 61
249 1557 329 1608 cellae
351 1560 491 1609 masaricia
513 1564 539 1608 61
561 1564 645 1609 666166
668 1559 846 1624 familiamque
870 1562 1008 1626 utriusque
1031 1575 1110 1608 sexus
1132 1575 1183 1625 que
1206 1565 1316 1610 actenus
1338 1565 1480 1611 tenuerunt
1502 1564 1642 1628 omniaque
1665 1569 1790 1628 precepta
1818 1563 1852 1612 ab

199 1663 411 1712 antecessoribus
433 1663 531 1712 nostris
554 1662 661 1713 conlata
684 1655 824 1728 omniaque
847 1665 1021 1712 instrumenta
1051 1662 1235 1712 confirmamus
1265 1663 1430 1730 pleniterque
1459 1649 1684 1716 corroboramusd
1715 1673 1753 1728 et,
1788 1682 1851 1731 qno-

198 1767 269 1816 niam
292 1766 424 1830 pret'atum
446 1767 604 1840 coenobium
626 1768 654 1816 iu
676 1771 792 1816 nostram
816 1766 922 1816 devenit
944 1772 1101 1831 potestatem
1124 1773 1150 1817 et
1171 1745 1367 1832 proprietatem,
1391 1774 1417 1818 et
1439 1785 1490 1836 que
1513 1765 1552 1820 6Θ
1574 1771 1663 1835 pravis
1682 1771 1772 1820 ablata
1790 1775 1852 1820 sunt

199 1870 349 1920 hominibus
372 1875 398 1920 et
421 1869 474 1920 6116
495 1843 593 1935 quibus
615 1871 787 1936 indigentiam
811 1870 917 1934 explere
939 1871 1059 1932 valeant,
1094 1872 1122 1919 16
1150 1887 1227 1920 usum
1256 1872 1366 1921 fratrum
1396 1889 1443 1936 per
1471 1873 1521 1924 hoc
1549 1881 1667 1924 nostmm
1697 1879 1850 1939 preceptum

199 1973 368 2024 concedimus
397 1974 526 2025 donamus
556 1973 647 2039 adque'
670 1973 796 2038 largimus
807 1956 825 2034 f,
860 1955 985 2024 videlicet¹
1006 1973 1099 2024 cellam
1122 1991 1138 2022 6
1161 1974 1312 2038 Benedicti,
1347 1981 1444 2026 cortem
1468 1976 1500 2026 de
1523 1977 1617 2038 Palea,
1650 1977 1744 2026 cellam
1766 1979 1849 2026 sancti

148 2079 179 2126 16
198 2077 325 2142 Stephani
348 2078 376 2126 in
398 2077 527 2128 Monticlo
551 2083 577 2128 61
600 2076 693 2128 cellam
716 2083 823 2128 sanctae
846 2079 930 2144 Marie
952 2079 980 2128 in
1003 2077 1129 2128 Larnulas
1152 2085 1228 2127 cum
1244 2066 1311 2128 61116
1328 2066 1530 2150 pertinentiis
1542 2074 1565 2147 ⁸,
1589 2086 1686 2130 cortem
1703 2081 1850 2130 (1611166116

197 2188 223 2232 et
251 2163 439 2232 corticellamh
468 2181 500 2232 de
528 2182 653 2232 Titinauo
684 2188 710 2231 et
738 2184 765 2231 16
793 2183 865 2232 Cerri
895 2183 1043 2248 angariales
1066 2187 1092 2232 61
1114 2181 1277 2232 curticellam
1300 2183 1327 2230 in
1351 2183 1499 2232 Feroniano
1522 2197 1570 2232 nec
1593 2199 1646 2231 non
1669 2188 1695 2232 et
1717 2183 1810 2232 cellam
1833 2200 1849 2230 a

196 2285 341 2336 Salvatoris
370 2287 398 2335 in
420 2269 639 2355 Uibugllano*i
668 2293 695 2336 et
724 2286 884 2336 corticellam
908 2286 940 2336 de
964 2286 1074 2336 Curriclo
1105 2301 1165 2334 6666
1195 2287 1252 2350 ipso
1282 2285 1368 2335 caiolo
1392 2285 1574 2336 de'Portiano
1598 2291 1624 2335 et
1647 2286 1741 2335 cellam
1764 2288 1848 2336 sancti
1918 2311 1923 2321 =

196 2389 322 2454 Stephani
345 2391 373 2438 in
395 2389 529 2455 Tarquino
552 2405 599 2439 seu
623 2391 703 2439 etiarn
726 2389 818 2440 cellam
842 2391 927 2439 sancti
950 2389 1042 2440 Seueri
1065 2405 1144 2454 super
1166 2389 1253 2439 lacum
1272 2405 1332 2439 6666
1354 2390 1413 2454 ipsa
1435 2388 1570 2438 corticella
1592 2389 1624 2438 de
1647 2389 1774 2450 Bisontio,
1798 2389 1847 2439 eel—

195 2492 248 2542 lam
272 2494 350 2542 etiam
373 2494 458 2542 sancti
479 2493 585 2542 Miniati
607 2500 668 2542 nee
691 2487 723 2542 et
746 2477 862 2542 cellam
886 2479 990 2542 saneti
1006 2477 1092 2542 Petri
1109 2479 1143 2541 in
1161 2475 1374 2542 Garmarita¹¹
1397 2498 1422 2542 et
1445 2484 1557 2552 cell[am]
1580 2499 1670 2558 sancte
1692 2494 1792 2542 Mariae
1816 2493 1847 2541 de
1872 2483 1875 2489 ’

1839 2576 1851 2618 f

143 2595 177 2642 20
195 2595 339 2646 Ualeriano
362 2612 422 2646 cum
445 2598 510 2662 ipsis
532 2598 612 2648 rebus
635 2596 667 2648 de
691 2598 841 2647 0661161666
865 2613 924 2648 6666
948 2598 1070 2646 omnibus
1094 2597 1250 2646 adiacentiis
1273 2603 1300 2646 61
1325 2597 1490 2661 pertinentiis
1513 2611 1602 2645 666666
1625 2601 1705 2660 atque
1728 2600 1825 2660 cortem
1872 2629 1873 2632 κ
1956 2651 1974 2658 -

195 2705 285 2766 sancte
307 2701 391 2766 Marie
413 2699 448 2749 ad
470 2699 565 2750 Offena
586 2707 612 2750 et
635 2701 796 2750 corticellam
819 2702 902 2750 sancti
927 2700 1057 2751 Simeonis
1086 2707 1112 2752 61
1142 2707 1262 2750 sanctum
1291 2701 1400 2750 Petrum
1428 2701 1456 2750 in
1484 2699 1611 2750 Ceruaria
1639 2715 1699 2748 cunr
1725 2700 1847 2748 omuibus

194 2806 273 2856 rebus
296 2810 322 2856 61
344 2805 452 2854 familiis
474 2805 509 2854 ad
531 2819 575 2855 eas
603 2806 630 2854 16
658 2805 789 2870 integrum
819 2805 1012 2869 pertinentibus
1041 2804 1082 2854 vel
1115 2805 1332 2868 respicientibus3
1366 2802 1479 2868 denique
1508 2803 1587 2852 etiam
1617 2801 1785 2851 concedimus
1813 2802 1846 2851 ad

194 2909 340 2973 predictum
365 2910 523 2958 coenobium
546 2910 634 2960 omnia
657 2907 759 2958 decima
781 2909 837 2958 t'rea
859 2913 886 2958 et
907 2907 1047 2957 iudiciaria
1069 2913 1095 2957 61
1118 2924 1221 2956 omnem
1245 2908 1453 2971 conpositionem
1478 2913 1504 2956 et
1526 2906 1696 2956 exibitionem
1711 2905 1846 2971 publicam

193 3029 225 3063 ex
248 3013 371 3063 omnibus
393 3012 561 3062 manentibus
584 3011 696 3078 predicti
719 3013 870 3062 monasterii
894 3012 927 3061 ob
951 3010 1095 3061 remedium
1118 3013 1264 3060 animarum
1288 3016 1436 3060 nostrarum
1459 3027 1475 3058 6
1498 3012 1525 3059 16
1549 3025 1626 3058 usum
1647 3011 1846 3075 peregrinorum

141 3119 174 3168 25
189 3115 227 3165 'ad
249 3121 352 3180 portam
374 3116 526 3165 monasterii
549 3115 728 3165 clamantium.
769 3116 938 3178 Precepimns
961 3115 1040 3164 etiam
1063 3122 1089 3165 et
1112 3117 1253 3164 statuimus
1275 3119 1305 3164 ut
1328 3115 1452 3179 deinceps
1475 3116 1502 3163 in
1525 3114 1644 3163 futurum
1667 3114 1733 3164 haec
1755 3121 1846 3163 nostra
1871 3103 1872 3106 Ἴ

193 3217 356 3270 confirmatio
380 3225 459 3284 atque
482 3218 590 3268 donatio
614 3233 630 3268 a
651 3220 763 3283 posteris
786 3221 882 3268 6661616
905 3219 1062 3268 inconvulsa
1085 3227 1190 3269 maneat
1212 3224 1239 3269 et
1260 3217 1387 3280 inlibata,
1418 3224 1444 3267 et
1473 3223 1504 3266 ut
1532 3217 1621 3268 nullus
1651 3217 1705 3266 dux
1727 3217 1844 3266 marchio

192 3315 298 3384 c[om]es
320 3341 336 3372 a
359 3330 406 3373 aut
428 3322 484 3372 ulla
506 3325 580 3389 regni
603 3325 686 3371 nostri
709 3338 806 3388 magna
827 3337 961 3388 parvaque
985 3339 1098 3388 persona
1120 3325 1148 3371 in
1171 3323 1263 3372 domos
1285 3321 1327 3371 vel
1351 3337 1392 3371 res
1414 3321 1525 3386 predicti
1549 3321 1672 3378 coenobii
1690 3320 1843 3370 violentiam

192 3426 288 3476 inferat
315 3431 362 3476 aut
389 3427 504 3476 famulos
531 3425 665 3492 flagellare
694 3426 738 3476 vel
766 3428 903 3492 angariare
932 3433 1067 3493 presumat
1094 3442 1179 3492 neque
1209 3426 1241 3476 dc
1271 3425 1396 3490 predictis
1424 3427 1503 3475 rebus
1534 3424 1616 3474 ullam
1642 3424 1843 3473 minorationem

191 3530 278 3580 iacere
301 3535 412 3596 satagat,
436 3529 482 3580 sed
505 3530 585 3580 liceat
607 3530 730 3580 abbatem
753 3536 923 3597 sanctamque
946 3533 1177 3598 congregationem
1200 3529 1332 3594 predictas
1355 3533 1440 3578 cortes
1463 3534 1489 3578 et
1511 3529 1592 3578 cellas
1615 3544 1674 3578 cum
1696 3529 1842 3578 66666616-

140 3635 174 3684 30
192 3634 360 3700 tegritatibus
383 3639 471 3684 tenere
495 3635 611 3683 omniurn
633 3633 817 3698 inquietudine
841 3639 947 3684 remota.
987 3633 1015 3683 Si
1038 3635 1098 3700 quis
1121 3651 1136 3682 a
1158 3635 1209 3683 hoc
1232 3638 1351 3684 nostrum
1373 3639 1526 3702 preceptum
1549 3633 1649 3683 violare
1668 3633 1842 3697 temptaverit,

190 3755 206 3786 a
222 3719 269 3786 661
292 3738 492 3801 conpositurum
513 3737 571 3787 auri
596 3738 688 3802 optimi
710 3736 792 3786 libras
815 3743 929 3800 centum,
952 3737 1120 3788 medietatem
1142 3738 1249 3803 kamere
1271 3742 1361 3802 nostre
1384 3742 1410 3786 et
1432 3735 1599 3788 medietatem
1622 3743 1712 3802 sancte
1734 3729 1841 3801 congre·

190 3841 295 3906 gacioni
317 3840 429 3906 predicti
452 3841 581 3891 coenobii.
619 3840 697 3902 Quod
719 3847 750 3890 nt
772 3842 860 3891 verius
882 3841 1005 3890 credatur
1028 3847 1055 3891 61
1077 3841 1231 3908 diligentius
1254 3842 1426 3903 observetur,
1460 3841 1583 3890 manibus
1610 3841 1724 3904 propriis
1756 3856 1842 3891 corro-

190 3944 313 3994 borantes
337 3943 410 3993 anuli
432 3945 516 3993 nostri
537 3945 702 4008 inpressione
725 3946 816 3995 subter
838 3947 963 3996 iussimus
986 3947 1115 4012 insigniri.

211 4141 216 4146 .
292 4081 306 4164 i
329 4081 464 4167 Signum
488 4083 599 4148 domni
623 4082 754 4150 0116616
777 4087 979 4152 invictissimi
1001 4087 1208 4172 imperatoris
1231 4085 1244 4166 1
1268 4084 1333 4164 (M.)

293 4200 307 4283 ξ
329 4202 495 4270 Liutulfus
512 4205 728 4271 cancellarius
744 4206 894 4272 advicem
906 4206 1070 4271 Brunonis
1086 4204 1363 4291 archicappellani
1379 4205 1555 4289 recognovi
1571 4213 1603 4267 et
1620 4204 1808 4289 subscripsi.
1826 4203 1840 4284 1

1606 4309 1688 4388 (SR.)
1713 4311 1770 4390 (sl.
1787 4310 1838 4388 D.)

292 4443 381 4507 Data
404 4462 492 4509 vnn.
516 4445 583 4510 kal.
607 4469 687 4511 mar.
711 4437 797 4511 anno
821 4445 1477 4527 1166616166616666661166166666666111,
1501 4445 1679 4510 indictione
1696 4463 1727 4527 ν,
1751 4467 1837 4511 6666

188 4549 278 4630 regui
302 4549 497 4612 serenissimi
520 4551 605 4633 regis
629 4547 761 4615 0116616
784 4567 894 4631 xxvn,
918 4551 1045 4636 imperii
1068 4552 1190 4636 prim03
1215 4559 1324 4614 actum
1340 4549 1498 4632 Rigian03
1521 4551 1555 4612 16
1571 4545 1691 4613 Christi
1708 4551 1837 4614 nomine

188 4649 326 4715 feliciter
349 4673 455 4717 amen.

137 4847 171 4893 40
275 4833 334 4891 2³7.
362 4837 533 4908 [Laschitzer]
637 4845 664 4905 6)
683 4859 744 4894 6666
767 4843 832 4894 ohne
856 4842 1124 4908 Abkitaunpsacichen
1227 4847 1253 4905 6)
1274 4843 1309 4906 A,
1336 4846 1419 4894 nostri
1442 4844 1496 4895 VU.
1607 4844 1632 4903 6)
1650 4859 1700 4894 oon
1722 4847 1838 4908 eptem

358 4909 441 4960 Hand
464 4913 492 4960 16
515 4911 618 4962 061666
640 4912 796 4964 comoedeia
900 4913 928 4974 d)
947 4929 975 4963 ro
999 4913 1061 4962 11166
1084 4912 1131 4962 der
1148 4913 1218 4962 Zeila
1239 4912 1427 4978 nordpetropon
1531 4913 1555 4978 6)
1574 4929 1591 4964 6
1613 4912 1675 4962 dher·
1698 4913 1745 4963 der
1768 4913 1838 4964 26116

359 4979 547 5045 nochpctraqen
649 4981 712 5042 qA
820 4985 846 5048 g)
868 4998 918 5032 oon
941 4980 996 5032 LF'.
1020 4982 1074 5044 aas
1090 4982 1178 5033 Rcenr
1198 4981 1361 5046 perstrictim
1462 4982 1491 5043 h)
1514 4999 1580 5032 corr.
1604 4998 1651 5032 cue
1676 4983 1837 5034 curticellam
1908 4999 1909 5002 ¹

360 5049 379 5106 1)
398 5065 426 5097 so
443 5065 493 5100 666
510 5053 628 5114 aptita-er·
645 5050 739 5110 Hand,
768 5067 796 5100 so
821 5051 883 5100 dors
904 5049 953 5100 der
975 5050 1185 5114 arsprr'r'aple'che,
1213 5051 1289 5102 116116
1312 5050 1458 5100 6666611616
1480 5051 1535 5102 aad
1556 5051 1633 5102 116116
1655 5053 1701 5100 mit
1721 5050 1838 5114 sriscder·

362 5116 435 5167 Tinte
451 5119 603 5182 1116669666
623 5118 705 5169 Name
721 5119 792 5169 nicht
809 5119 882 5170 mehr
899 5136 930 5169 66
948 5118 1080 5185 entesffem
1097 5121 1131 5169 161
1213 5121 1239 5182 16)
1259 5120 1321 5170 oder·
1333 5122 1490 5170 Garmarina
1576 5121 1595 5184 1)
1610 5121 1678 5170 noch
1696 5120 1750 5171 VU.
1770 5123 1837 5171 sciat

359 5202 389 5234 en
407 5191 538 5252 ergdnscn.

237 5809 423 5852 Kaiserurlrundsn
437 5813 455 5854 1.
