4576 6428
915 451 1040 512 ΟΤΤΟ
1063 452 1087 510 Ι.
1112 450 1182 510 966.
1809 445 1873 510 449

224 648 294 704 tum
317 637 398 724 legis
422 638 505 703 ratio
529 637 641 703 dictat.
679 636 839 704 Volumus
862 639 960 702 etiam
981 646 1018 701 ut
1039 636 1256 702 advocatores
1279 636 1320 702 dc
1342 638 1407 702 iam
1430 639 1598 703 nominata
1619 638 1782 703 aecclesia
1802 638 1871 703 nul-

224 741 292 806 lam
320 741 471 806 hostilem
499 749 676 805 exerceant
703 739 946 826 expeditionem
975 742 1043 806 sine
1074 763 1132 805 suo
1161 741 1333 826 episcop03
1368 743 1448 804 etsi
1471 742 1534 827 ipsi
1557 753 1613 806 aut
1636 743 1734 806 ceteri
1760 741 1871 826 [valssi

228 848 282 932 qui
305 845 514 910 commenditi
539 855 613 909 sunt
635 846 790 930 episcopo
815 854 847 908 et
868 845 902 908 in
924 846 993 909 eius
1018 843 1174 930 obsequio
1197 844 1315 928 degere
1337 845 1504 928 videntur,
1535 848 1561 911 si
1592 847 1626 910 in
1648 845 1780 932 publico
1803 846 1871 932 pla-

228 951 293 1014 cito
316 952 351 1014 in
373 951 609 1035 compositione
631 947 675 1012 ad
697 949 743 1011 rei
767 946 918 1032 publicae
941 947 993 1011 vel
1019 958 1150 1013 nostrae
1179 948 1355 1033 imperialis
1384 958 1511 1034 partem
1539 948 1730 1034 ceciderint,
1765 951 1873 1016 nullus

192 1067 336 1118 scomes
363 1051 440 1136 [aut]
466 1052 618 1139 quislibet
641 1061 777 1116 exactor
799 1052 930 1133 exigere
952 1060 1009 1115 aut
1032 1051 1145 1116 tollere
1172 1062 1353 1136 presumat,
1389 1055 1465 1138 quia
1495 1073 1554 1136 pro
1584 1063 1715 1118 nostrae
1745 1056 1873 1118 animae

227 1155 376 1221 mercede
399 1155 443 1220 ad
465 1166 592 1241 partem
614 1157 679 1220 iam
702 1156 768 1239 fate
790 1153 970 1219 aecclesiae
992 1154 1153 1220 donamus
1176 1165 1274 1240 atque
1304 1153 1547 1238 [conceldimus.
1593 1157 1663 1220 Hos
1687 1164 1796 1221 autem
1819 1159 1874 1243 qui

227 1263 260 1325 in
283 1260 379 1326 rebus
402 1260 582 1325 aecclesiae
605 1258 757 1342 resident,
781 1259 979 1344 precipimus
1002 1268 1038 1321 ut
1059 1257 1167 1323 nullus
1191 1267 1326 1322 exactor
1340 1259 1386 1322 rei
1402 1258 1553 1344 publicae
1569 1261 1744 1344 pignorare
1759 1271 1816 1326 ant
1831 1261 1874 1326 ad

228 1363 349 1450 placita
372 1384 556 1429 convocare
581 1359 655 1449 [vel]
680 1364 932 1447 compositiones
955 1361 1082 1448 aliqua's
1106 1361 1148 1426 ab
1173 1363 1219 1425 eis
1242 1364 1373 1444 exigere
1397 1375 1598 1447 praesumat,
1627 1365 1703 1449 quia
1725 1365 1874 1430 volumus

228 1468 319 1531 utin
342 1467 462 1532 iudicio
485 1467 666 1552 legatorum
689 1477 875 1532 nostrorum
898 1476 998 1548 stent,
1033 1487 1115 1552 quos
1139 1463 1324 1550 specialiter
1345 1465 1389 1528 ad
1411 1486 1523 1530 eorum
1546 1465 1726 1531 audiendas
1756 1453 1874 1533 causas

178 1583 210 1631 10
229 1571 453 1652 direxerimus,
477 1594 515 1636 eo
540 1570 629 1656 quod
651 1569 708 1635 tali
733 1572 945 1655 oppressione
967 1569 1107 1656 plurima
1126 1568 1320 1633 detrimenta
1338 1569 1407 1654 pati
1429 1569 1613 1634 audivimus
1634 1571 1781 1636 homines
1799 1595 1875 1658 sepe

229 1674 336 1738 dictae
359 1673 549 1739 aecclesiae.
593 1675 796 1759 Precipimus
818 1675 915 1737 etiam
938 1682 974 1738 ut
998 1671 1184 1737 sacerdotes
1208 1674 1241 1736 in
1264 1672 1381 1736 eadem
1407 1672 1568 1738 aecclesia
1594 1675 1875 1760 comm[anen]tes,

229 1779 256 1841 si
285 1779 479 1843 canonicam
509 1777 729 1842 obedientiam
756 1799 913 1842 exercere
941 1775 1104 1841 noluerint
1126 1785 1158 1839 ct
1181 1774 1363 1840 subtractas
1387 1799 1407 1840 a
1428 1775 1680 1861 baptismalibus
1706 1779 1875 1845 aecclesiis

228 1880 373 1946 decimas
395 1884 540 1967 recipere
562 1882 841 1966 praesumpserint
863 1888 896 1944 et
918 1879 961 1945 ad
985 1879 1166 1944 sinodalem
1188 1891 1385 1944 conventum
1407 1883 1517 1946 vocati
1540 1885 1650 1947 venire
1673 1893 1876 1970 contempse-

227 1985 300 2066 rint,
325 1984 366 2049 ab
390 1987 546 2071 episcopo
570 1983 717 2050 eiusdem
740 1981 919 2047 aecclesiae
942 1984 1266 2048 excommunicentur
1289 1994 1321 2048 et
1341 2005 1362 2048 a
1384 1986 1512 2049 nemine
1538 1987 1746 2071 recipiantur.
1791 1985 1876 2052 Con·

179 2087 374 2154 recedimus
397 2090 495 2154 etiam
518 2100 550 2154 et
572 2088 752 2174 perpetuali
775 2087 958 2152 firmatione
982 2088 1145 2151 sancimus
1167 2097 1203 2150 ut
1223 2087 1445 2172 unusquisque
1472 2086 1570 2152 homo
1598 2088 1642 2152 ad
1664 2087 1876 2174 baptismales

229 2193 407 2257 aecclesias
430 2192 574 2257 decimas
598 2193 653 2257 det
669 2195 708 2273 jn
731 2191 848 2278 quibus
870 2189 1227 2255 babitarevideturvel
1247 2199 1355 2254 curtes
1374 2200 1499 2255 autres
1522 2190 1642 2256 habere
1666 2191 1875 2276 dignoscitur.

229 2311 258 2360 Si
280 2314 339 2378 quis
361 2317 458 2374 autern,
482 2311 553 2377 quod
575 2327 629 2361 non
651 2317 783 2376 putamus,
807 2326 839 2360 ex
855 2308 968 2360 ducibus
982 2310 1179 2360 marchionibus
1198 2310 1339 2360 comitibus
1357 2310 1569 2377 gastaldionihus
1586 2311 1630 2360 vel
1648 2295 1775 2378 aliquaeb
1794 2314 1877 2377 partis

229 2415 352 2480 publicae
382 2415 542 2466 officialibus
570 2432 617 2466 seu
647 2417 726 2468 etiam
754 2415 850 2480 aliquis
875 2430 907 2464 ex
929 2414 1000 2464 clero
1023 2413 1066 2464 vel
1089 2430 1122 2464 ex
1143 2414 1246 2479 plebeis
1268 2414 1384 2480 aliquam
1406 2420 1578 2480 suprataxato
1608 2411 1720 2465 saneto
1745 2432 1777 2466 ac
1799 2433 1877 2466 vene-

229 2519 312 2570 rando
336 2519 395 2570 loco
419 2521 572 2570 violentiam
595 2521 803 2571 subtractionem
825 2517 868 2568 vel
895 2518 1060 2568 invasionem
1089 2516 1209 2566 intulerit
1236 2519 1264 2566 in
1293 2517 1373 2567 rebus
1401 2517 1545 2568 mobilibus
1574 2523 1600 2568 et
1626 2519 1807 2570 immobilibus
1835 2519 1878 2568 vel

179 2624 338 2677 autemillis
365 2612 532 2694 utriusque
564 2633 679 2692 sexus,
708 2631 842 2690 tamquam
872 2622 1017 2687 imperialis
1045 2623 1164 2687 precepti
1193 2623 1349 2671 temerarius
1378 2622 1492 2672 violator
1520 2606 1677 2673 ducentas
1708 2624 1790 2674 libras
1819 2625 1877 2673 auri

232 2710 334 2776 obrizi
363 2728 448 2778 eidem
476 2729 621 2780 aecclesiae
649 2729 692 2779 vel
721 2731 806 2794 ipsius
836 2727 983 2777 rectoribus
1011 2741 1169 2791 componere
1199 2731 1325 2792 cogatur,
1355 2730 1382 2775 et
1409 2727 1459 2775 hoc
1487 2725 1559 2791 quod
1587 2727 1692 2776 aniene
1719 2731 1831 2776 conatur
1853 2731 1880 2776 et

230 2830 381 2894 vindicare,
404 2847 456 2880 non
479 2832 564 2894 valet,
587 2833 696 2896 insuper
718 2837 745 2881 et
767 2833 932 2881 inmunitatis
954 2847 1050 2896 penam
1072 2833 1181 2896 triginta
1202 2830 1285 2880 libras
1309 2832 1411 2895 argenti
1435 2827 1548 2880 saneto
1572 2819 1706 2895 episcopio
1727 2832 1878 2896 persolvere

232 2939 349 2999 cogatur.
387 2934 514 2986 Similiter
535 2935 658 2986 volumus
681 2941 711 2985 ut
733 2935 892 3001 quicumque
914 2940 975 3000 post
996 2935 1065 2984 hanc
1087 2940 1204 2985 nostram
1226 2934 1389 2998 imperialem
1411 2935 1607 3006 preceptionem
1630 2919 1759 2984 inutiles
1778 2923 1878 3005 scrip·

231 3023 337 3086 tiones
359 3032 391 3087 ei
413 3024 549 3088 nocivos
572 3039 677 3090 libellos
700 3055 766 3104 quos
789 3055 836 3104 pro
860 3039 902 3089 dei
924 3054 1013 3090 amors
1036 3044 1195 3104 nostraeque
1217 3055 1233 3086 s
1255 3040 1359 3088 animae
1380 3037 1496 3088 remedio
1519 3037 1639 3088 funditus
1668 3040 1844 3088 extincxinrus
1857 3021 1878 3101 l,

180 3145 213 3194 26
232 3144 370 3192 retinuerit
392 3148 418 3193 et
439 3145 512 3209 ipsos
534 3144 718 3210 prqsentuliter
733 3161 794 3208 sepe
811 3144 880 3194 dicto
896 3144 1041 3194 reverendo
1063 3129 1159 3193 Petro
1183 3144 1308 3208 episcopo
1331 3156 1385 3192 non
1404 3141 1559 3206 reddiderit,
1582 3147 1612 3190 ut
1634 3157 1682 3192 nec
1706 3143 1730 3191 ei
1752 3158 1801 3192 nec
1823 3143 1879 3192 suis

233 3247 431 3296 successoribus
454 3247 544 3313 aliqua
566 3255 672 3298 maneat
694 3250 888 3299 contrarietatis
911 3249 1032 3312 suspitio,
1055 3248 1173 3298 bannum
1198 3226 1304 3316 [ΒΘΗΓ9
1326 3250 1353 3294 et
1376 3246 1560 3295 inmunitatem
1582 3252 1640 3315 per
1659 3252 1694 3295 sc
1713 3229 1878 3295 districtus

233 3351 367 3413 tamquam
390 3349 499 3400 rebellio
522 3353 658 3416 nostrique
681 3353 815 3416 praecepti
839 3357 1017 3416 mansgressor
1038 3365 1196 3416 componere
1219 3353 1338 3415 cogatur.
1373 3330 1471 3414 Quod
1488 3341 1524 3397 ui
1541 3334 1649 3398 verius
1673 3333 1825 3399 credatur
1847 3345 1879 3398 et

233 3435 419 3522 diligentius
448 3437 490 3503 ab
521 3439 671 3504 omnibus
701 3439 904 3522 observetur,
938 3461 1038 3503 manu
1067 3439 1200 3524 propria
1226 3435 1417 3501 roborantes
1440 3435 1537 3501 anulo
1562 3446 1673 3500 nostro
1698 3437 1810 3501 subter
1832 3439 1879 3500 in-

232 3542 346 3625 signiri
368 3543 532 3608 iussimus.

181 3687 214 3734 30
334 3669 349 3751 ,ξ
371 3669 506 3756 Signum
529 3671 640 3736 domni
664 3674 727 3754 (M.)
750 3671 881 3736 Ottonis
905 3674 1103 3738 serenissimi
1127 3674 1260 3757 cesaris.
1283 3671 1297 3754 ξ

333 3775 564 3857 {Ambrosius
594 3776 809 3842 cancellarius
839 3775 987 3840 advicem
1011 3775 1149 3841 Huberti
1177 3777 1323 3861 episcopi
1346 3785 1377 3840 et
1400 3775 1678 3841 archicancellarii
1702 3771 1878 3860 recognovi

232 3886 265 3940 et
286 3877 474 3964 subscripsi.
497 3876 511 3958 ,l

335 4007 424 4072 Data
447 4025 510 4072 1111.
533 4031 611 4073 non.
635 4008 815 4076 decembris
837 4033 923 4076 anno
948 4011 1111 4076 dominice
1133 4012 1369 4076 incarnationis
1393 4027 1617 4095 nccccuxvn,
1649 4013 1777 4098 imperii
1800 4035 1877 4076 vero

233 4111 345 4176 domni
369 4110 500 4176 Ottonis
523 4114 661 4197 piissimi
683 4116 805 4179 cesaris
822 4133 853 4197 v,
882 4114 1059 4179 indictione
1082 4133 1124 4197 x3
1154 4125 1263 4180 actum
1286 4117 1319 4179 in
1342 4125 1450 4180 castro
1474 4114 1562 4202 quod
1586 4115 1705 4180 dicitur
1727 4115 1822 4181 Uado
1845 4117 1880 4180 in

181 4229 215 4277 35
234 4217 392 4280 comitatu
414 4216 565 4293 Pisense;
588 4216 725 4280 feliciter
747 4239 852 4281 amen.

1014 4388 1089 4463 335

243 4525 323 4604 Orio
356 4527 501 4601 ocrlcibt
536 4526 616 4600 dero
657 4526 783 4602 Clarus
817 4527 881 4599 der
913 4524 1021 4602 Stadr
1052 4527 1174 4602 Lacca
1208 4525 1476 4603 Gericlitssturrd
1508 4551 1575 4598 vor
1608 4525 1687 4598 dem
1720 4525 1878 4625 Biscliof,

236 4649 448 4722 Immuaitu't
472 4648 553 4721 aad
578 4648 713 4722 andere
740 4648 874 4722 Rachia.
1624 4699 1666 4708 ..
1710 4699 1752 4708 -
1795 4699 1836 4708 ..

340 4841 586 4916 Oriuinalutplom
609 4844 651 4900 ior
674 4841 925 4912 ersbischdtiiciea
946 4838 1056 4898 Archiv
1077 4857 1117 4896 cu
1140 4839 1240 4898 Ιηιεοα
1262 4835 1323 4918 (Α).

185 4985 219 5032 4ο
337 4971 455 5030 Bertirri
476 4974 509 5030 ta
531 4973 677 5031 Memoria
700 4971 732 5029 di
754 4972 855 5030 Lusco
877 4975 921 5041 4⁰,
945 4975 1010 5029 117
1031 4967 1249 5040 uaoollstsiadip
1271 4984 1327 5025 aas
1350 4966 1386 5024 A.
1410 4999 1452 5008 —-
1474 4967 1667 5026 Bursocctr'ai
1684 4969 1718 5024 ia
1736 4967 1880 5026 Mentoris

339 5073 370 5130 cii
392 5073 493 5133 Lacca
515 5077 556 5146 5⁶,
579 5079 643 5136 296
665 5079 805 5134 a01400
828 5093 884 5134 aas
907 5074 944 5133 A.
967 5092 1008 5134 su
1029 5075 1092 5134 966
1115 5069 1272 5145 mrpefc'ilir.
1297 5104 1339 5112 -
1363 5068 1491 5142 Sturaps
1508 5071 1579 5143 Rea.
1604 5074 1691 5130 427⁰.

342 5200 476 5274 Versussi
504 5204 567 5263 rard
592 5206 777 5277 persistebat
799 5223 855 5263 ooo
876 5204 918 5262 It.
941 5202 981 5262 D.
1005 5201 1243 5260 walirsclreirslr'clr
1265 5202 1340 5260 nocis
1362 5203 1442 5259 aaa
1464 5200 1527 5260 VU.
1551 5198 1616 5279 (syl.
1640 5218 1670 5258 u.
1694 5219 1722 5260 a.
1747 5201 1879 5260 manibus

340 5307 475 5385 propriis)
497 5309 667 5368 immorer
688 5311 837 5382 Fusswzq.

340 5475 398 5556 (Ο.)
418 5471 433 5554 Ε
454 5476 494 5540 In
521 5479 653 5543 nomine
683 5487 794 5543 sancte
823 5487 856 5544 ct
883 5476 1051 5543 individue
1081 5477 1247 5542 trinitatis.
1293 5473 1371 5540 Otto
1402 5477 1509 5558 gratia
1538 5473 1601 5538 dei
1619 5475 1797 5557 imperator
1826 5493 1881 5535 au·

185 5597 219 5646 45
237 5587 364 5662 gustus.
461 5581 653 5646 iustissimis
686 5590 720 5646 et
750 5584 849 5648 rectis
884 5580 1153 5668 opitulationibus
1187 5579 1395 5665 providentia
1428 5578 1481 5644 dci
1515 5578 1725 5662 dispensante
1761 5585 1882 5642 statum

324 5733 383 5788 ³34.
411 5737 434 5800 c)
451 5735 538 5787 Luto
555 5738 584 5786 in
601 5734 633 5802 A,
651 5737 768 5788 bannum
785 5755 832 5805 pro
852 5756 880 5791 se
900 5745 926 5790 et
942 5739 1134 5788 immunitatem
1151 5734 1205 5788 VU.

288 5843 514 5890 mammisea
1637 5842 1677 5902 57
