4560 6436
407 421 471 486 546
1001 391 1453 482 usrsnnnnirnunsn.

407 619 546 674 avocato
570 632 628 672 sno
653 618 685 671 et
706 605 852 670 eiusdem
874 605 1063 668 monasterii
1087 625 1144 667 seu
1166 603 1210 668 ad
1232 612 1325 688 parte
1348 603 1485 688 predicti
1507 605 1711 686 monasterii,
1736 613 1770 668 ut
1793 607 1819 667 si
1841 627 1995 691 umquam
2018 610 2051 669 in

408 723 554 798 tempore
577 721 691 776 contra
713 709 798 773 hunc
824 731 919 773 suum
941 708 1064 772 factum
1087 729 1184 791 agere
1206 717 1263 771 ant
1286 730 1423 772 causare
1445 705 1498 771 vel
1521 729 1688 771 removere
1717 711 1965 792 presumpserit,
1995 731 2055 792 per

407 839 441 880 se
464 819 535 899 ipso
560 825 616 878 ant
638 836 695 898 per
718 814 784 877 suis
806 811 883 876 filiis
905 811 956 876 vel
983 811 1119 876 heredes
1141 811 1194 875 vel
1223 835 1334 877 eorum
1364 813 1600 876 summittentes
1629 832 1786 895 personas
1810 822 1841 876 et
1864 814 1951 876 omni
1974 821 2052 876 tem-

407 938 486 1002 pore
505 916 622 980 exinde
646 915 735 978 taciti
760 925 792 978 et
815 916 928 978 conti¹¹
951 936 1018 978 non
1041 917 1279 999 permanserint
1300 914 1352 979 vel
1376 915 1403 978 si
1426 914 1615 1000 adparuerit
1638 914 1738 979 ullum
1762 915 1883 979 dictum
1906 914 1955 978 vel
1984 915 2052 978 fac-

406 1031 474 1083 tum
496 1018 583 1105 quod
605 1019 693 1103 ipsiv
715 1020 748 1081 in
773 1017 840 1081 alia
863 1027 954 1102 parte
976 1017 1097 1082 exinde
1119 1017 1275 1082 fecissent
1297 1028 1329 1082 et
1352 1017 1518 1098 claruerit,
1550 1028 1586 1082 ut
1607 1028 1684 1082 tunc
1708 1029 1884 1112 componat
1906 1020 1966 1081 iste
1989 1020 2087 1082 lto-a

406 1122 496 1187 dulfo
527 1123 658 1208 suisque
687 1121 763 1185 filiis
786 1119 838 1184 vel
866 1119 1001 1184 heredes
1032 1121 1075 1186 ad
1098 1130 1190 1206 parte
1212 1120 1350 1206 predicti
1373 1122 1560 1185 monasterii
1585 1133 1718 1185 sanctae
1741 1122 1839 1185 Flore
1860 1121 1913 1184 vel
1939 1131 2053 1185 contra

406 1247 467 1310 que
491 1225 610 1289 exinde
633 1226 833 1306 causaverit,
869 1224 977 1288 dublis
1000 1227 1066 1288 iam
1090 1224 1185 1287 dictis
1208 1226 1294 1288 casis
1318 1234 1349 1288 et
1371 1224 1468 1289 rebus
1493 1246 1554 1310 que
1579 1248 1677 1310 supra
1701 1227 1831 1309 legitur,
1866 1236 1899 1290 et
1920 1227 2054 1311 insuper

404 1350 523 1413 penam
551 1338 722 1412 argentum
752 1326 874 1391 solidos
906 1337 1045 1391 centum.
1090 1328 1152 1391 His
1183 1331 1266 1392 actis
1294 1338 1327 1392 et
1355 1329 1575 1394 manifestatio
1604 1338 1761 1413 utsupra
1789 1329 1893 1410 facta,
1928 1340 2051 1394 rectum

404 1454 515 1495 eorum
538 1431 682 1495 iudicum
706 1441 738 1495 et
760 1430 965 1495 auditoribus
988 1431 1097 1514 paruit
1119 1453 1191 1494 esse
1214 1440 1247 1494 et
1271 1430 1507 1513 iudicaverunt,
1531 1441 1566 1494 ut
1589 1453 1700 1494 eorum
1723 1431 1998 1496 altercationemW
2021 1442 2054 1496 et

405 1534 510 1598 eidem
532 1533 664 1599 Rodulfi
687 1535 890 1618 professione
913 1543 946 1596 ct
968 1533 1247 1614 manifestatione,
1276 1543 1312 1597 ut
1340 1535 1402 1619 ipsi
1432 1535 1546 1597 Petrus
1576 1533 1680 1598 abbas
1709 1545 1740 1598 et
1765 1533 1922 1599 Amulfus
1951 1534 2051 1600 iudex
2074 1555 2104 1600 to

405 1649 545 1703 avocato
569 1661 628 1703 suo
653 1647 684 1702 et
707 1639 809 1722 ipsius
832 1638 1023 1702 monasterii
1046 1638 1111 1701 iam
1135 1635 1231 1699 dictis
1255 1638 1341 1700 casis
1364 1646 1396 1700 et
1418 1636 1516 1701 rebus
1540 1639 1657 1721 quein
1681 1659 1719 1700 eo
1743 1637 1860 1722 legitur
1878 1640 2052 1720 monimen,

404 1743 511 1828 ipsum
534 1744 698 1806 monimen
722 1741 765 1804 ad
787 1750 914 1825 partem
937 1741 1039 1825 ipsius
1063 1742 1250 1804 monasterii
1273 1740 1371 1805 abere
1394 1751 1427 1804 et
1449 1741 1609 1825 pertinere
1632 1740 1787 1805 deberent
1809 1743 2052 1826 proprietatem,

403 1855 436 1910 et
454 1847 523 1930 ipse
538 1843 700 1909 Rodulfus
719 1867 849 1908 manere
869 1843 988 1908 exinde
1010 1845 1110 1907 tacito
1136 1853 1168 1908 et
1191 1853 1385 1925 contento¹3
1409 1853 1440 1908 et
1463 1843 1555 1907 finita
1578 1853 1628 1907 est
1650 1865 1751 1908 causa
1774 1853 1805 1907 et
1828 1844 1913 1908 hunc
1936 1846 2052 1910 notitia

403 1970 462 2031 pro
487 1949 660 2011 securitate
684 1949 897 2033 suprascripti
921 1947 1006 2011 Petri
1029 1946 1135 2010 abbas
1157 1946 1226 2010 fieri
1250 1948 1354 2010 iussit.
1394 1945 1533 2027 Quidem
1549 1959 1581 2011 ct
1597 1969 1657 2031 ego
1675 1947 1881 2012 Gherardum
1905 1951 2051 2013 notarius

404 2060 435 2114 ct
458 2050 585 2115 iudexy
609 2051 719 2114 domni
743 2053 948 2136 imperatoris
973 2073 1014 2113 ex
1038 2050 1180 2114 iussione
1204 2052 1418 2135 suprascripti
1447 2052 1557 2115 comiti
1587 2051 1700 2136 palatii
1730 2074 1786 2114 seu
1814 2053 1956 2117 iudicum
1986 2076 2052 2117 am·
2072 2071 2104 2116 15

404 2155 579 2218 monitione
605 2155 735 2238 scripsi,
765 2177 850 2218 anno
874 2155 1001 2237 imperii
1024 2152 1135 2218 domni
1159 2152 1290 2218 Ottonis
1313 2175 1417 2235 nono,
1445 2154 1573 2238 imperii
1595 2155 1674 2218 item
1697 2153 1806 2218 domni
1831 2153 1961 2219 Ottonis
1984 2155 2052 2219 filio

403 2256 548 2321 eiusdem
565 2259 728 2342 propitio²
744 2258 849 2339 tertio,
869 2258 965 2322 tertia
981 2256 1033 2320 die
1049 2258 1163 2320 messis
1179 2257 1367 2322 novembris
1377 2267 1400 2340 ¹,
1417 2257 1594 2322 indictione
1611 2269 1728 2342 quarta
1744 2257 1887 2340 decima3
1905 2259 2052 2323 feliciter.

508 2395 552 2475 (†)
578 2393 734 2459 Otbertus
758 2418 868 2460 comes
891 2393 1011 2481 palacii
1036 2394 1224 2480 subscripsi.
1315 2395 1359 2476 (l)
1385 2395 1587 2480 Teutpaldus
1611 2395 1711 2460 iudex
1734 2395 1926 2461 domnorum
1953 2399 2052 2483 impe-

403 2507 547 2562 ratorum
575 2498 717 2564 interfui.
820 2497 864 2578 (l)
888 2499 1000 2562 Benzo
1030 2497 1130 2562 iudex
1159 2500 1268 2560 sacri²
1296 2497 1409 2582 palatii
1440 2498 1594 2563 interfuit.
1694 2499 1738 2579 (†)
1764 2500 1924 2564 Aistulfus
1952 2500 2053 2564 iudex

404 2601 597 2666 domnorum
631 2603 863 2686 imperatorum
901 2601 1041 2666 interfui.
1146 2601 1190 2682 (l)
1222 2601 1449 2686 Gisepraudus
1486 2603 1587 2668 iudex
1624 2605 1707 2667 sacri
1747 2604 1859 2687 palatii
1897 2605 2051 2670 interfuit.
2071 2620 2104 2666 ao

407 2705 453 2786 (†)
479 2703 575 2768 Ebbo
599 2703 699 2768 iudex
722 2705 917 2769 domnorum
940 2708 1160 2790 inperatorum
1184 2706 1325 2770 interfui.
1424 2705 1468 2786 (l)
1492 2706 1624 2770 Bonitio
1654 2705 1754 2771 iudex
1784 2705 1977 2772 domnorum
2005 2711 2051 2772 in-

403 2816 590 2892 peratcrum
613 2807 752 2872 interfui.
843 2807 887 2889 (l)
912 2808 1073 2874 Martinus
1096 2809 1197 2874 iudex
1221 2809 1413 2890 domnorum
1436 2813 1670 2895 imperatorum
1692 2810 1847 2875 interfuit.

1183 3051 1270 3125 tot.

411 3203 492 3279 Otto
518 3205 665 3278 ocrlciltt
690 3204 755 3277 der
781 3205 1010 3278 Klousuerirr
1037 3206 1326 3305 Her-mergurido
1352 3207 1479 3284 Subota
1507 3212 1587 3284 carrd
1612 3212 1678 3284 dus
1705 3212 1812 3286 Recltt
1844 3215 1915 3288 siclt
1947 3215 2052 3286 ct'ocu

412 3325 501 3424 Vopt
524 3353 569 3398 zu
595 3327 745 3400 wtthlen.
1523 3351 1634 3424 Apud
1658 3350 1756 3411 Colle
1778 3358 1838 3413 971
1864 3355 1954 3412 tiore
1977 3359 2006 3414 1.
2069 3367 2102 3414 ss

387 3601 389 3607 A
502 3535 594 3593 Lami
615 3536 1000 3607 Moa.eccl.Floreattoco,
1023 3535 1236 3616 2,1380(A.)
1257 3572 1299 3580 -
1323 3539 1452 3598 Bohrner
1473 3541 1546 3614 Req.
1571 3545 1643 3601 380.
1667 3576 1710 3584 —
1733 3541 1863 3616 Stampf
1879 3545 1952 3616 neq.
1977 3547 2049 3604 495,

504 3673 570 3730 Dos
592 3673 841 3746 koaclciqcmr'r'sse
863 3673 1011 3732 Protolcoll
1033 3673 1097 3731 aad
1120 3675 1249 3732 racbrere
1267 3675 1420 3750 Antinous
1443 3695 1483 3734 oa
1505 3678 1560 3736 das
1576 3679 1678 3737 Dictat
1701 3681 1750 3738 des
1773 3681 1812 3739 It.
1830 3681 1867 3740 B.
1891 3685 2051 3755 veroarqen

505 3775 574 3834 dass
598 3777 663 3834 dem
685 3776 917 3850 noclrfolycndcn
935 3779 1022 3835 Teate
1045 3779 1109 3834 cicc
1131 3779 1208 3836 echte
1229 3780 1371 3837 Urkuade
1388 3799 1428 3838 ea
1448 3782 1572 3842 Grrmde
1594 3767 1671 3858 ficut.
1706 3787 1784 3845 Aber
1806 3787 1884 3846 diosc
1906 3791 1945 3846 ist
1968 3789 2051 3846 sturlo

504 3877 568 3934 aad
589 3880 623 3934 io
644 3895 677 3937 so
700 3880 957 3952 eiqeothr'tmliclwr
979 3880 1074 3938 Weiss
1095 3882 1290 3939 coeraroettet
1314 3885 1431 3941 worden
1454 3887 1523 3945 does
1545 3890 1609 3946 siclt
1627 3889 1674 3947 dic
1690 3893 1935 3963 ursproayltcten
1954 3893 2051 3950 llicile

504 3979 595 4037 tuum
616 3984 689 4038 coeli
711 4000 767 4040 aas
790 3983 842 4040 der
856 3983 1006 4055 jttooerea
1027 3983 1229 4058 Verbrdmaap
1251 3987 1478 4046 tiernussclutlca
1496 3989 1602 4048 tossen.
1637 3993 1781 4051 Eiuselne
1796 3995 1956 4052 technische
1971 3996 2049 4053 Aus-
2068 4011 2099 4057 30

506 4083 614 4141 drr'tcloc
637 4085 701 4143 und
723 4086 770 4142 dic
792 4084 980 4154 Pocosormcl
1004 4085 1055 4163 (aa
1078 4087 1173 4145 dieser
1195 4090 1249 4161 opl.
1274 4090 1385 4148 Fictor
1406 4092 1474 4149 Ital.
1500 4093 1710 4168 Forsclzuoqen
1732 4101 1762 4165 1,
1787 4095 1839 4175 80)
1862 4097 1967 4156 lusson
1989 4100 2051 4156 siclt

505 4187 664 4260 allerdiaqs
693 4189 737 4246 uls
765 4193 903 4261 spolerea
931 4190 1176 4250 Jolrrltanderten
1206 4195 1364 4267 ooqolio'rtp
1392 4197 1446 4252 orit
1475 4197 1693 4256 Bestirmatlzcit
1721 4201 1920 4258 aassclzcidcn.
1972 4202 2051 4260 Alter

503 4292 584 4349 nicht
606 4309 638 4349 so
661 4292 744 4349 leioht
767 4293 815 4350 die
843 4294 1027 4352 achlreicben
1052 4295 1220 4368 olciclrfulls
1243 4298 1354 4370 jr'topcr
1376 4301 1602 4360 orsclrotneadar
1618 4303 1722 4374 ¹Worte
1744 4304 1808 4361 arrd
1829 4305 1965 4364 Phrosea
1987 4307 2051 4364 und

504 4397 577 4454 noch
606 4398 732 4468 wmiper
760 4399 854 4470 cinips
883 4397 939 4454 dou
967 4401 1215 4473 ursprttoqliclrea
1243 4400 1482 4476 chautoaqouq
1511 4405 1763 4464 darrlrbreclrende
1791 4407 1855 4464 aad
1882 4409 1969 4467 selbst
1996 4410 2050 4468 dna

505 4499 714 4558 vacuamus
746 4501 959 4558 erscbworcade
989 4502 1084 4561 Settsc.
1130 4505 1193 4561 Der
1215 4504 1405 4576 rtbcrltefcrte
1429 4508 1575 4566 Wortlaut
1602 4511 1646 4567 sci
1673 4511 1736 4568 oleo
1764 4511 1828 4569 liter
1850 4513 2047 4570 uuoerltndcrt
2066 4532 2097 4578 35

503 4602 690 4674 abpedraolct
714 4603 777 4660 aad
801 4620 829 4662 es
853 4606 896 4661 sci
915 4607 1081 4678 yepertuoer
1102 4608 1198 4664 sciacr
1216 4609 1456 4682 Zroetdcutiqtcit
1472 4629 1533 4668 ruo
1548 4613 1600 4669 der
1616 4613 1742 4671 Versuclr
1757 4617 1890 4686 pemocbt
1908 4616 1955 4674 dic
1970 4617 2050 4689 obice

504 4705 733 4780 Iaboltsooqabe
754 4726 794 4766 aa
816 4707 1034 4781 rcclrtfcrtiqeo.
1070 4711 1113 4767 Es
1136 4711 1242 4769 accae
1264 4711 1414 4783 ulleofolls
1438 4716 1485 4770 cio
1508 4715 1561 4772 der
1575 4716 1685 4774 Kircltc
1703 4716 1733 4776 S.
1750 4717 1882 4775 ⁴lfiofuto
1906 4719 2050 4778 atbeiltrs

473 4821 474 4824 ’
503 4807 542 4865 D.
566 4811 732 4884 coryclcyea
759 4812 853 4869 bohen
882 4812 945 4870 uad
973 4811 1079 4883 beliofs
1108 4814 1348 4889 Verberrlicbuaq
1370 4819 1451 4875 cicer
1472 4823 1552 4876 suast
1575 4821 1609 4876 ia
1632 4819 1689 4877 dea
1711 4820 1904 4879 Flore-atino·
1930 4823 2049 4898 Qaclleo

504 4913 584 4970 rricbt
611 4915 810 4987 beyeqoeadeo
833 4916 1068 4988 Hermeryurido
1095 4919 1279 4976 ucraocchtct
1307 4921 1424 4978 wordcn
1452 4923 1524 4978 scio.
1563 4921 1644 4980 Abcr
1666 4939 1695 4982 es
1717 4925 1757 4982 ist
1779 4925 1956 4984 euchaida
1980 4944 2049 4985 arra-

501 5015 680 5086 pescldosseo
703 5017 772 5076 dosa
795 5021 876 5076 einer
891 5020 1079 5077 Kluusoeria
1102 5023 1150 5078 cin
1172 5021 1364 5093 Scltatrtrics
1382 5025 1549 5096 aosqestellt
1573 5025 1690 5084 worden
1711 5029 1754 5085 sci
1777 5025 1832 5099 fdr
1854 5029 1916 5086 ilrro
1938 5031 2049 5088 Person
2066 5045 2097 5094 40

503 5119 568 5175 aad
591 5118 646 5190 fiir
667 5121 732 5178 ciac
756 5121 802 5178 ihr
823 5139 888 5179 coru
911 5121 1041 5193 Bisobos
1058 5124 1256 5195 sapewicscoe
1271 5127 1389 5184 Kireltc.
1426 5127 1455 5188 S.
1473 5129 1612 5200 illimato,
1636 5134 1737 5187 sacret
1753 5131 1882 5188 crwc'tlmt
1898 5132 1930 5188 ia
1947 5133 2048 5190 Mulu-

503 5222 606 5280 bacher
628 5225 700 5296 ch.
717 5225 793 5282 Kar.
809 5229 883 5296 272,
908 5226 990 5284 darm
1013 5229 1045 5284 io
1067 5228 1197 5285 Bo‘bmer
1217 5229 1288 5302 Rep.
1307 5231 1381 5288 Kar.
1398 5235 1493 5300 1285,
1517 5236 1611 5302 1311,
1633 5233 1750 5304 qcbdrte
1772 5233 1825 5292 dor
1848 5236 2048 5306 biscltdtlicltca

487 5405 544 5458 loo.
572 5407 600 5473 u)
616 5410 639 5458 A
657 5416 717 5460 etate
736 5415 851 5468 contenti
933 5419 958 5474 v)
979 5431 1044 5462 corr.
1058 5431 1105 5464 aus
1123 5419 1195 5481 ipsos
1277 5419 1311 5476 w)
1329 5423 1390 5467 statt
1408 5420 1481 5468 iuxta
1495 5435 1584 5468 eorum
1603 5419 1801 5470 altercationem
1889 5423 1915 5482 x)
1935 5427 2046 5484 contetc,

571 5480 694 5529 uovebris
713 5479 777 5530 cline
794 5480 1062 5546 Abuamnynacten
1157 5485 1184 5551 y)
1203 5485 1251 5535 der
1269 5486 1404 5536 Scdretbor
1421 5486 1583 5538 wicdcrlroltc
1600 5487 1733 5538 aoclrmab
1750 5492 1778 5540 iu
1797 5488 1861 5540 olmc
1879 5505 1905 5539 cs
1922 5507 1953 5540 ca
1971 5491 2047 5555 suffen

571 5546 596 5610 z)
616 5564 647 5596 zu
664 5552 788 5612 erptimen
811 5550 861 5600 dac
959 5557 985 5613 a)
1005 5553 1058 5614 aas
1070 5553 1164 5616 aaa,
1193 5571 1271 5604 maor
1289 5554 1502 5605 watreetetnlat
1527 5558 1682 5608 domnorum
1689 5579 1696 5620 ;
1723 5559 1776 5621 aus
1793 5559 1912 5609 interfuit
1930 5561 1991 5610 oder·
2008 5563 2044 5608 in·
2062 5559 2092 5605 46

570 5617 649 5665 terfui
660 5616 731 5681 folqt
749 5617 805 5668 tra·
822 5619 876 5668 aad
893 5621 923 5668 ta
939 5619 1071 5672 mclrcren
1088 5623 1135 5672 der
1152 5625 1271 5674 weitcrcn
1289 5623 1490 5686 Untcrsclmflen
1502 5627 1544 5675 ein
1557 5625 1700 5677 scanned
1717 5628 1765 5677 der
1777 5635 1840 5680 αισα
1857 5628 1923 5678 noch
1941 5631 1970 5678 ἐπ
1987 5629 2045 5678 sub-

571 5687 663 5750 scripsi
683 5686 807 5751 aufiycliiet
824 5687 927 5738 wadan
945 5689 1045 5740 kdnrrtc.
