4560 6420
909 417 1035 475 orno
1057 418 1080 474 1.
1106 416 1178 476 ssa.
1635 391 1642 402 '
1803 414 1869 478 225

322 604 461 663 Robolini
491 607 610 666 Notisie
637 608 669 665 di
697 607 793 666 Pacta
813 609 848 675 2,
873 608 915 664 70
937 607 984 663 at.
1009 623 1065 664 aas
1087 603 1125 664 A.
1156 639 1197 648 -
1231 605 1360 678 Stamps
1384 605 1461 666 Ado
1482 607 1560 666 iaed.
1582 610 1647 670 299
1669 613 1704 665 πθ
1723 610 1786 670 211
1811 625 1867 667 aas

322 708 360 767 A.
384 743 426 751 —
449 708 511 770 OD.
535 711 667 784 Μηρώ.
691 711 776 770 1125
798 715 833 766 o⁰
855 710 918 768 653
940 725 997 767 aas
1019 708 1057 778 A,
1079 710 1134 766 mit
1156 711 1230 770 962.
1253 743 1295 752 -
1318 708 1446 783 Stampf
1463 711 1535 785 Ray.
1557 715 1632 774 206.

325 874 458 946 Verfasst
480 875 545 933 aad
566 876 640 934 molal
662 877 738 934 auct
757 876 944 950 yescbriebea
964 892 1021 933 von
1042 874 1184 948 Wipfrid.

425 1104 464 1168 ln
486 1106 618 1170 nomine
641 1114 778 1188 sancte⁸
799 1114 832 1168 et
854 1104 1020 1189 individue
1043 1105 1205 1168 trinitatis.
1245 1104 1324 1170 Otto
1347 1103 1459 1172 divina
1481 1105 1654 1170 clementia
1674 1129 1744 1172 rex.
1832 1105 1867 1172 Si

187 1209 323 1272 osacris
346 1229 387 1271 ac
409 1207 650 1272 venerabilibus
673 1206 754 1271 locis
779 1206 903 1291 digna*
925 1209 1122 1274 conferimus
1143 1231 1296 1290 munera,
1330 1209 1513 1294 proficuum
1535 1211 1642 1294 anime
1664 1220 1774 1294 nostre
1797 1211 1867 1275 fore

219 1313 351 1376 minime
384 1310 590 1394 ambigimus.
640 1310 804 1392 Quocirca
839 1313 982 1375 omnium
1016 1321 1128 1396 sancte
1163 1310 1215 1375 dei
1248 1310 1409 1396 ecclesie⁰
1441 1310 1586 1376 fidelium
1618 1322 1867 1398 nostrorumque

136 1431 138 1435 ’
219 1409 443 1498 presentium‘¹
472 1413 625 1479 videlicet
652 1436 691 1478 ac
720 1414 903 1478 futurorum
931 1414 1059 1477 noverit
1081 1415 1292 1496 universitas,
1322 1413 1462 1500 qualiter
1482 1437 1543 1482 nos
1566 1414 1741 1480 consultu⁰
1769 1417 1867 1479 caris-

220 1519 291 1584 simi
314 1518 423 1582 fratris
446 1540 486 1582 ac
504 1517 609 1582 fidelis
624 1520 728 1582 nostri
741 1518 906 1584 Brunonis
929 1517 1146 1602 precipueque
1169 1515 1245 1581 deir
1265 1538 1375 1581 amore
1398 1519 1569 1602 animeque
1591 1529 1701 1603 nostre
1723 1518 1866 1584 remedio

219 1642 277 1705 per
304 1621 367 1685 hoc
395 1631 543 1686 nostrum
571 1629 777 1707 preceptum,
812 1628 910 1704 prout
936 1620 1019 1684 iuste
1043 1627 1075 1683 et
1097 1618 1244 1703 legaliter
1270 1640 1462 1703 possumus,
1497 1611 1706 1685 concedimus
1729 1621 1867 1706 ecclesie

170 1738 202 1784 10
219 1722 308 1788 beati
330 1723 464 1788 Ioannis
485 1725 634 1810 Baptista
661 1723 746 1788 infra
768 1723 975 1787 Ticinensem
998 1722 1164 1786 civitatem
1193 1723 1252 1805 site
1281 1743 1343 1806 que
1372 1721 1577 1786 Domnarum
1606 1723 1724 1788 dicitur
1730 1775 1739 1806 ,
1773 1726 1867 1808 eique

219 1826 468 1911 famulantibus,
492 1828 603 1893 abbati
626 1826 816 1913 Liuprando
840 1827 895 1912 qui
922 1847 1009 1890 nunc
1039 1834 1103 1907 est,
1134 1834 1166 1889 et
1189 1826 1390 1914 ‘canonicis‘
1418 1847 1593 1911 eorumque
1623 1826 1867 1892 successoribus

220 1931 284 2015 qui'
297 1953 356 2016 pro
380 1941 525 2017 tempore
547 1933 729 2014 extiterint,
764 1938 923 2017 quatenus
946 1931 973 1993 si
995 1929 1102 1993 Ticini
1124 1927 1242 1994 fluvius
1265 1926 1396 1992 alveum
1419 1927 1571 1993 deserens
1594 1940 1714 1994 terram
1742 1930 1866 2014 prefate

220 2033 356 2118 ecclesie
378 2036 534 2100 invaserit
556 2045 588 2099 et
609 2034 655 2099 ibi
677 2035 787 2100 locum
809 2033 984 2119 piscationi
1006 2042 1063 2095 aut
1085 2031 1183 2098 alicui
1206 2031 1338 2096 utilitati
1361 2029 1500 2117 aptumh
1523 2033 1679 2114 effecerit,
1709 2031 1868 2120 quidquid

219 2135 294 2201 inde
317 2137 441 2224 acquiri
464 2134 608 2223 poterit‘l
637 2139 707 2202 iure
728 2137 962 2222 proprietario,
997 2137 1082 2222 parti
1106 2137 1208 2220 ipsius
1231 2135 1368 2220 ecclesie
1390 2136 1536 2201 funditus
1560 2136 1719 2202 donamus
1742 2146 1776 2201 et
1796 2159 1867 2222 per-

169 2255 201 2301 15
220 2239 379 2304 donamus
402 2242 435 2304 in
457 2262 553 2328 usum
574 2250 608 2305 et
628 2241 662 2304 in
685 2237 901 2324 potestatemi
922 2237 1143 2326 predictorum
1166 2242 1399 2304 canonicorum
1422 2262 1619 2325 suorumque
1641 2261 1866 2305 successorum

217 2345 253 2407 in
274 2353 476 2429 perpetuum,
499 2343 629 2430 publice
652 2347 755 2430 partis
778 2345 1001 2410 controversia
1024 2345 1155 2408 omnino
1180 2342 1319 2408 sublata.
1354 2341 1572 2408 Concedimus
1591 2365 1720 2428 quoque
1742 2352 1774 2407 et
1796 2366 1866 2430 pcr-

220 2446 379 2512 donamus
402 2455 438 2510 ut
460 2447 501 2512 de
523 2458 610 2512 terra
631 2457 664 2510 et
685 2449 895 2532 possessione
923 2446 1026 2531 ipsius
1054 2444 1191 2530 ecclesie
1218 2445 1309 2510 nulla
1336 2447 1427 2528 regni
1450 2447 1553 2510 nostri
1576 2468 1717 2530 persona
1738 2457 1867 2512 curatu-

218 2572 289 2616 ram
311 2550 476 2616 teloneum
498 2561 596 2636 atque
618 2550 763 2637 aliquam
790 2549 957 2636 publicam
985 2549 1185 2614 functionem
1210 2550 1323 2633 exigat
1345 2559 1377 2613 et
1400 2552 1560 2634 exquirat.
1606 2548 1640 2615 Si
1664 2551 1736 2634 quis
1758 2552 1866 2634 igitur,

219 2652 307 2737 quod
336 2653 404 2717 fieri
435 2676 502 2718 non
524 2653 703 2734 credimus,
732 2655 904 2717 temerario
933 2650 1042 2718 ausuk
1075 2651 1170 2717 huius
1204 2655 1306 2717 nostri
1335 2655 1480 2739 precepti
1510 2655 1665 2739 pagiuam
1692 2655 1867 2738 infringere

169 2775 202 2821 20
220 2758 468 2842 presumpserit,
504 2757 587 2820 sciat
609 2779 644 2820 se
667 2758 924 2844 compositurum
952 2756 1023 2820 auri
1051 2757 1166 2840 optimi
1193 2755 1295 2821 libras
1323 2767 1469 2839 centum,
1502 2756 1711 2822 medietatem
1738 2779 1866 2842 camere

220 2869 330 2944 nostre
353 2871 386 2924 et
407 2860 616 2926 medietatem
639 2860 830 2946 Liuprando
858 2863 924 2925 iam
950 2859 1036 2944 dicte
1060 2859 1196 2944 ecclesie
1219 2859 1331 2924 abbati
1354 2862 1487 2945 eiusque
1511 2863 1691 2925 successori
1714 2871 1746 2924 et
1768 2883 1866 2926 cano·

219 2964 302 3027 nicis
325 2964 380 3048 qui
401 2963 482 3028 inibi
505 2986 564 3048 pro
588 2974 734 3048 tempore
757 2965 924 3028 constituti
943 2963 1077 3044 fuerint3
1099 2965 1233 3049 insuper
1247 2962 1328 3048 lude
1344 2972 1376 3027 et
1391 2963 1511 3048 Safirre
1535 2964 1699 3048 particeps
1722 2965 1866 3029 existens

219 3065 369 3131 incendio
399 3066 582 3152 deputetur.
627 3064 725 3148 Quod
752 3075 788 3130 ut
814 3069 922 3131 ven'us
952 3064 1104 3131 credatur
1130 3065 1381 3152 diligentiusque
1409 3065 1451 3130 ab
1484 3065 1634 3131 omnibus
1665 3067 1865 3152 observetur,

219 3193 318 3234 manu
339 3173 472 3256 propria
494 3170 687 3235 roborantes
710 3167 852 3234 annulo¹
874 3180 986 3234 nostro
1009 3171 1157 3253 insigniri
1180 3170 1343 3235 iussimus.
1451 3203 1456 3214 ·

165 3357 198 3404 25
319 3332 455 3418 Signum
479 3333 590 3398 domni
615 3333 679 3414 (Μ.)
705 3332 836 3398 Ottonis
859 3335 1056 3398 serenissimi
1079 3335 1175 3419 regis.

318 3453 510 3519 Wikfredus
533 3455 748 3521 cancellarius
763 3449 919 3521 ¹advicem
940 3456 1105 3522 Brunonis
1127 3454 1405 3521 archicancellarii
1429 3457 1648 3541 recognovi.m

317 3617 407 3682 Data
435 3636 484 3682 111.
509 3617 581 3684 idus
610 3619 692 3684 febr.
721 3641 808 3685 anno
842 3619 1003 3705 dominice
1036 3622 1271 3685 incarnationis
1304 3636 1480 3704 uccccun,
1513 3621 1605 3705 regni
1639 3642 1717 3685 vero
1753 3620 1864 3687 domni
1917 3595 1919 3600 ,

215 3719 347 3784 Ottonis
370 3720 464 3806 Italic
488 3739 518 3804 1,
547 3721 725 3787 indictione
748 3739 789 3806 x,
819 3733 928 3788 actum
950 3724 1070 3808 Papio,
1098 3723 1247 3789 feliciter.

991 4031 1077 4107 145.

163 4227 197 4274 so
224 4173 304 4278 Otto
326 4201 467 4278 sacnti
488 4202 567 4276 dem
589 4203 735 4277 Kloster
756 4202 794 4280 S.
810 4207 1007 4304 Anzbropio
1029 4233 1075 4278 za
1097 4205 1271 4280 Mailand
1290 4206 1448 4280 mebrere
1465 4206 1671 4280 Baastellen
1693 4207 1769 4306 aas
1784 4207 1863 4280 dem

215 4321 379 4422 dortipea
405 4323 655 4420 Marktplatze.
1412 4360 1587 4423 00„,.952
1607 4364 1746 4423 pm,
1767 4369 1818 4425 15.

314 4593 403 4668 Copia
424 4593 474 4654 des
497 4599 548 4654 11.
572 4595 626 4655 Jb.
649 4597 692 4654 im
714 4596 742 4654 t.
766 4596 970 4656 Staatsarchiv
990 4614 1031 4654 aa
1052 4595 1193 4654 Mariand
1216 4593 1277 4672 (B).

316 4761 435 4821 aialim
457 4761 601 4820 Mentoris
622 4763 655 4820 di
676 4761 792 4820 Milone
814 4761 857 4820 ed.
879 4769 901 4819 Ι.
927 4760 1058 4838 (Mimo
1073 4757 1169 4837 1760)
1183 4763 1214 4829 2,
1232 4761 1294 4818 480
1317 4775 1374 4817 aas
1389 4758 1420 4818 B
1441 4783 1481 4810 =
1504 4758 1548 4816 ed.
1566 4766 1605 4817 ΙΙ.
1620 4757 1750 4837 (mium
1765 4760 1863 4839 1857)

316 4859 359 4934 7⁶,
382 4867 432 4923 38.
456 4897 499 4906 —
522 4863 586 4924 01).
610 4865 742 4937 Looqob.
766 4865 850 4925 1025
873 4869 908 4921 πθ
930 4866 992 4928 599
1015 4879 1072 4922 aas
1095 4861 1124 4920 B
1144 4879 1186 4921 aa
1204 4861 1346 4926 Feonar
1365 4865 1414 4922 16.
1437 4895 1479 4904 -
1501 4862 1630 4936 Stampf
1648 4863 1720 4936 aeq.
1736 4867 1802 4928 207
1822 4883 1863 4924 aa

315 4965 455 5024 senaar
476 4969 526 5025 16.
986 4953 994 4968 “

318 5127 380 5185 Von
402 5127 535 5201 Wipfrid
556 5129 682 5200 versasst
704 5129 769 5187 acad
787 5129 982 5203 peschrieben.
1027 5129 1132 5187 Isdem
1159 5130 1222 5188 sich
1250 5129 1346 5189 dieser
1373 5129 1478 5200 behofs
1504 5131 1630 5190 adherer
1654 5131 1862 5206 Beseicbnmsp

317 5229 369 5286 cler
390 5229 563 5289 Bocstellen
584 5233 678 5291 sicher
704 5235 785 5291 aner
810 5233 931 5306 Vorlayc
958 5235 991 5291 ia
1019 5231 1253 5291 baadesablicher
1279 5233 1421 5307 Fasssmp
1451 5234 1565 5293 bestiast
1593 5235 1659 5306 bat,
1692 5235 1774 5294 tona
1801 5238 1863 5294 itm

316 5333 393 5392 auct
415 5335 469 5392 vote
491 5333 605 5394 mmm
627 5337 661 5394 a'n
682 5335 736 5394 der
749 5335 878 5395 Kaaslei
892 5336 1089 5396 renuendam
1103 5336 1237 5396 Notaren
1250 5335 1392 5418 walscber
1409 5336 1512 5410 Zaaoe
1529 5337 1714 5411 asamath&
1735 5339 1862 5410 werden,

302 5543 359 5598 lll.
387 5544 553 5614 [Zimorman]
656 5551 683 5610 a)
701 5551 762 5600 Iesu
780 5549 803 5600 A
907 5552 936 5613 b)
955 5551 1026 5602 dona
1043 5549 1066 5600 A
1165 5553 1189 5612 c)
1210 5557 1236 5602 et
1254 5551 1318 5602 eccl.
1337 5549 1361 5600 A
1456 5549 1565 5612 (1)me
1583 5553 1612 5601 in
1628 5549 1652 5600 A
1748 5553 1773 5612 e)
1791 5552 1862 5602 futu·

162 5612 197 5660 40
385 5632 473 5666 rorum
491 5618 657 5668 universitati
675 5619 846 5670 eoelesiarum
864 5635 925 5670 cum
942 5620 1016 5670 cultu
1033 5619 1057 5670 A
1152 5619 1174 5682 i)
1193 5620 1226 5671 de
1244 5619 1268 5670 A
1358 5622 1386 5686 g)
1405 5621 1550 5670 canonicus
1568 5619 1592 5669 A
1683 5616 1713 5677 b)
1732 5627 1821 5669 actum
1838 5619 1862 5670 A

386 5688 404 5748 i)
423 5687 452 5734 in
470 5700 563 5752 pacem
581 5684 605 5735 A
707 5687 737 5752 k)
754 5691 892 5740 temerario
911 5697 958 5740 aut
975 5691 1003 5740 in
1020 5690 1099 5740 haim
1118 5688 1142 5739 A
1244 5689 1263 5750 l)
1284 5689 1393 5740 armullo
1411 5687 1435 5738 A
1539 5688 1576 5748 m)
1595 5701 1734 5753 regnorum
1753 5685 1786 5738 A.

267 5793 453 5838 mammas
467 5795 484 5838 1.
1599 5793 1639 5850 29
