4554 6414
996 431 1447 489 KAISEBUBKUNDEN.

498 613 581 672 Luat
603 613 752 674 Protokoll
773 630 829 672 oon
851 609 911 674 Po.
932 613 1125 687 paraneten.
1162 613 1222 673 Dte
1237 614 1378 687 Fassanq
1400 613 1472 672 idest
1495 614 1580 671 einen
1602 614 1783 672 bestimmten
1796 611 1944 671 Dictator
1966 609 2066 668 tuum

498 719 644 776 arteman
650 738 660 790 ,·
692 721 736 777 sie
757 718 886 776 scidisset
908 718 970 776 stela
991 718 1121 776 admittit
1141 720 1214 776 ohne
1235 717 1519 791 Beruelrsielzttqtmq
1540 735 1597 776 eoa
1615 717 1835 776 Vorurlandm
1858 715 1918 786 sar
1943 715 2065 774 Iarsca

497 841 538 880 aa
560 823 651 881 attere
671 822 812 880 Formam
833 840 890 892 aa,
923 823 957 879 ia
985 821 1038 879 der
1065 826 1161 879 ersten
1182 821 1288 892 Hune
1315 820 1518 880 iasbesoadere
1539 839 1580 880 aa
1602 823 1666 878 eine
1688 821 1808 879 Fomnel
1830 821 1940 878 welche
1965 818 2066 876 daret

496 926 545 984 dte
566 926 622 997 sur
642 925 710 986 DO.
729 931 772 985 20
797 927 1010 999 einyeretehtea
1031 925 1170 999 Deplome
1192 927 1244 984 der
1266 927 1395 984 Kuaelet
1416 927 1449 982 ia
1472 926 1666 998 Erinaerany
1686 927 1823 998 yebrueht
1841 927 1909 984 seia
1935 923 2065 981 armate.

600 1131 638 1194 In
671 1131 802 1194 nomine
836 1139 948 1214 sancte
981 1139 1013 1193 et
1046 1128 1212 1213 individue
1246 1130 1409 1193 trinitatis.
1455 1129 1532 1194 Otto
1566 1129 1677 1194 divina
1709 1130 1840 1193 favente
1875 1129 2100 1194 clementias

393 1259 462 1300 rex.
551 1235 584 1300 Si
607 1233 812 1298 liberalitatis
834 1244 944 1318 nostre
968 1257 1099 1298 munere
1121 1233 1196 1297 loca
1219 1233 1280 1297 deo
1305 1232 1414 1297 dicata
1435 1243 1546 1296 nostro
1565 1231 1746 1297 relevamus
1764 1234 1937 1298 iuvamina
1957 1241 2064 1317 atque

393 1349 535 1422 tuemur,
566 1339 600 1403 id
628 1338 724 1404 nobis
753 1338 796 1402 ad
824 1337 1036 1424 temporalem
1065 1338 1166 1401 vitam
1195 1337 1332 1400 feliciter
1354 1335 1581 1400 deducendam
1603 1346 1634 1399 et
1657 1347 1764 1420 eterne
1786 1336 1962 1400 felicitatis
1987 1358 2064 1421 pre

393 1445 460 1507 mia
481 1442 685 1529 capessenda
706 1441 830 1528 liquido
854 1443 1060 1527 profuturum
1075 1463 1147 1505 esse
1163 1440 1336 1505 credimus,
1375 1439 1583 1527 Quapropter
1598 1442 1724 1505 noverit
1741 1442 1887 1504 omnium
1903 1439 2064 1503 fidelium

392 1556 577 1611 nostrorum
599 1545 774 1629 industria,
798 1545 938 1631 qualiter
955 1544 1112 1608 Eberisus
1134 1543 1332 1608 venerabilis
1355 1545 1529 1629 episcopus
1552 1554 1725 1630 nosterque
1747 1543 1854 1607 fidelis
1878 1553 2065 1627 compater

392 1651 574 1714 serenitatis
597 1660 707 1733 nostre
730 1648 936 1713 clementiam
958 1648 1071 1713 adiens
1094 1647 1288 1733 postulavit,
1311 1657 1347 1711 ut
1369 1648 1566 1712 monasterio
1591 1647 1678 1734 quod
1700 1647 1909 1712 Lauresham
1935 1647 2114 1711 dicitur1⁰

392 1764 424 1817 et
446 1756 479 1817 in
501 1753 624 1818 honore
647 1755 752 1817 sancti
775 1753 906 1817 Nazarii
932 1754 1084 1838 martyris
1111 1761 1334 1816 constructum
1364 1775 1435 1816 esse
1463 1752 1659 1835 dinoscitur,
1693 1752 1808 1838 deique
1832 1752 1974 1816 famulis
1999 1751 2063 1815 ibi-

392 1857 467 1921 dem
490 1857 552 1921 deo
579 1867 612 1921 et
639 1867 752 1920 sancto
775 1857 918 1920 Nazario
949 1855 1164 1920 servientibus
1194 1865 1304 1940 nostre
1333 1855 1537 1920 liberalitatis
1565 1866 1597 1920 et
1626 1859 1825 1921 inmunitatis
1856 1866 2064 1942 preceptum

392 1962 462 2024 lieri
490 1960 762 2042 decrevissemus,
797 1982 855 2045 per
884 1959 972 2046 quod
1001 1962 1163 2044 prenotati
1192 1961 1379 2024 monasterii
1403 1959 1519 2046 deique
1543 1963 1714 2026 servitores
1737 1984 1788 2024 res
1811 1971 1844 2024 et
1867 1971 2062 2046 potestates

393 2087 474 2150 quas
502 2087 561 2150 per
589 2074 691 2129 totam
719 2063 888 2128 abbatiam
917 2066 986 2129 iure
1013 2063 1132 2129 debent
1153 2062 1274 2128 habere
1297 2065 1420 2128 firmius
1444 2087 1482 2127 ac
1506 2063 1632 2149 plenius
1654 2087 1713 2150 per
1733 2073 1883 2128 nostram
1909 2067 2061 2130 auctori-

393 2177 494 2232 tatem
515 2167 635 2232 habere
657 2167 846 2232 valuissent.
892 2165 993 2232 Cuius
1022 2170 1171 2254 petitioni
1196 2168 1237 2233 ob
1261 2189 1405 2232 amorem
1428 2166 1480 2231 dei
1504 2169 1711 2254 omniumque
1735 2179 1930 2232 sanctorum
1955 2179 1989 2233 et
2014 2169 2059 2234 ob
2081 2181 2110 2228 15

391 2271 571 2336 remedium
599 2274 706 2357 anime
734 2273 836 2357 patris
864 2273 966 2336 nostri
990 2282 1163 2358 nostreque
1186 2273 1293 2356 anime
1315 2281 1348 2335 et
1370 2294 1429 2357 pro
1453 2271 1674 2336 incolomitate
1696 2281 1809 2336 nostra
1832 2273 2059 2360 coniugisque

391 2384 501 2460 nostre
524 2397 563 2438 ae
586 2375 687 2460 prolis
710 2397 881 2439 assensum
903 2374 1076 2461 prebentes
1099 2377 1145 2439 ita
1167 2375 1236 2439 fieri
1259 2374 1478 2458 decrevimus,
1513 2377 1559 2439 ita
1581 2387 1617 2440 ut
1642 2376 1889 2460 prenominatus
1913 2398 2058 2440 venera-

390 2476 466 2542 bilis
488 2477 645 2543 Eberisus
668 2481 842 2564 episeopus
865 2503 962 2565 quem
987 2481 1225 2565 prenuncupati
1254 2481 1443 2544 monasterii
1472 2478 1638 2544 catervula
1666 2502 1740 2544 cum
1769 2489 1883 2544 nostra
1914 2479 2057 2544 licentia

391 2591 640 2669 nostrorumque
662 2582 807 2647 fidelium
829 2583 981 2648 constdtu
1003 2585 1036 2648 in
1059 2594 1231 2670 paternum
1254 2583 1408 2649 abbatem
1430 2583 1542 2668 elegit,
1565 2584 1702 2649 eandem
1724 2583 1911 2668 abbatiam,
1938 2608 2056 2671 quam-

391 2685 446 2751 diu
469 2709 512 2751 ex
535 2687 586 2751 dei
609 2688 833 2752 misericordia
856 2690 885 2752 ei
909 2691 1057 2775 spacium
1078 2688 1211 2753 vivendi
1235 2690 1440 2773 conceditur,
1474 2691 1543 2754 sine
1572 2689 1668 2754 ullius
1697 2689 1838 2753 hominis
1861 2689 2056 2756 contradic·
2073 2693 2104 2740 ²⁰

390 2792 477 2856 tione
502 2791 648 2857 obtineat
670 2803 767 2879 atque
789 2803 898 2876 regat3
929 2803 1004 2879 post
1026 2795 1095 2857 eius
1117 2816 1195 2858 vero
1219 2793 1415 2874 discessum,
1443 2802 1479 2858 ut
1499 2792 1657 2876 regsdaris
1679 2793 1865 2856 fraternitas
1888 2793 2053 2878 postulat,

389 2894 525 2960 liberam
553 2896 675 2961 habeat
702 2905 899 2982 potestatem
928 2896 1012 2960 inter
1041 2919 1075 2960 se
1104 2895 1246 2982 eligendi
1273 2896 1437 2961 abbatem.
1482 2897 1527 2960 Et
1548 2906 1583 2961 ut
1606 2898 1650 2959 ita
1677 2896 1775 2960 liceat
1797 2895 1949 2981 predicte
1973 2920 2053 2960 con-

389 3001 569 3083 gregationi
604 3002 737 3085 eiusque
771 2999 1015 3064 successoribus
1046 3025 1097 3065 res
1126 3024 1201 3066 cum
1231 3000 1381 3080 omnibus
1414 3023 1475 3086 que
1508 3023 1594 3064 nunc
1628 3000 1774 3085 possidet
1801 2999 1855 3063 vel
1890 3001 2052 3086 deinceps

389 3104 576 3189 acquisierit
598 3106 707 3189 quieto
732 3104 845 3168 ordine
869 3104 992 3190 absque
1022 3105 1089 3169 ulla
1120 3105 1376 3169 contradictione
1405 3103 1588 3190 possidere,
1624 3106 1718 3167 sicuti
1746 3106 1837 3188 prius
1860 3104 2050 3186 videbatur,

388 3205 465 3271 dum
488 3205 530 3271 ab
555 3217 798 3272 antecessorum
820 3218 1005 3272 nostrorum
1027 3211 1208 3273 rectissima
1236 3207 1470 3294 tranquillitate
1497 3208 1691 3272 cernebatur
1718 3209 1810 3272 tueri.
1857 3209 1902 3272 Et
1926 3218 1963 3272 ut
1985 3208 2048 3272 hoc
2067 3225 2097 3272 25

388 3335 408 3374 a
430 3310 582 3375 fidelibus
604 3314 724 3376 nostris
747 3313 854 3377 verius
878 3312 1029 3376 credatur
1052 3335 1090 3376 ae
1113 3336 1172 3398 per
1195 3312 1437 3377 succedentium
1460 3323 1643 3398 temporum
1667 3311 1829 3375 curricula
1856 3311 2049 3396 diligentius

388 3413 594 3496 observetur,
628 3437 727 3480 manu
756 3425 869 3480 nostra
899 3415 1013 3481 subtus
1043 3416 1123 3481 illud
1150 3417 1351 3480 firmavimus
1374 3427 1407 3480 et
1429 3416 1516 3481 anuli
1539 3418 1641 3481 nostri
1665 3418 1885 3502 impressione
1909 3415 2048 3501 sigillari

388 3539 551 3582 iussimus.

492 3673 627 3758 Signum
651 3675 762 3740 domni
787 3675 942 3741 Ottonis⁸
963 3679 1027 3759 (M.)
1050 3680 1255 3742 invictissimi
1279 3680 1375 3762 regis.

490 3797 604 3882 Poppo
628 3798 842 3863 cancellarius
866 3798 1016 3863 advicem
1038 3799 1197 3864 Friderici
1220 3798 1473 3884 archicapellani
1498 3799 1681 3864 subnotavi.
2064 3813 2095 3860 30

489 3952 578 4016 Data
600 3971 686 4018 xv11.
709 3953 776 4018 kal.
801 3965 863 4018 oct.
888 3977 973 4018 anno
997 3957 1231 4019 incarnationis
1255 3955 1377 4019 domini
1406 3969 1579 4036 Dccccxu,
1614 3953 1726 4016 indict.
1750 3969 1835 4035 x111,
1872 3976 1961 4017 anno
1990 3975 2046 4017 au-

385 4066 451 4120 tem
474 4058 565 4140 regni
585 4056 740 4122 Ottonis¹⁸
762 4059 900 4142 piissimi
923 4061 1008 4142 regis
1025 4078 1064 4141 v;
1087 4069 1196 4124 actum
1220 4061 1252 4123 in
1270 4058 1439 4142 Bullinga3
1461 4059 1495 4121 in
1519 4057 1571 4121 dei
1594 4058 1724 4121 nomine
1747 4055 1891 4121 feliciter
1913 4055 2047 4122 amen.l

1183 4354 1243 4426 35.

394 4519 474 4596 Otto
501 4522 647 4596 verlcilit
672 4524 743 4598 deu
769 4524 931 4596 Νυηηεη
957 4551 1029 4597 voe
1055 4523 1272 4602 Setttdescte
1299 4526 1356 4597 (lie
1388 4526 1601 4598 [ruentireite'it
1625 4524 1704 4597 tired
1730 4526 1797 4598 dus
1829 4526 2044 4600 Wulilreeltt.

1542 4666 1643 4727 Carrei
1666 4670 1728 4726 940
1752 4667 1925 4740 September
1945 4671 1999 4727 25.
2063 4674 2094 4721 35

487 4867 639 4939 Absehtist
663 4887 718 4928 aas
742 4868 807 4927 dem
832 4873 880 4929 15.
905 4871 957 4931 Jli.
982 4875 1024 4930 im
1046 4873 1073 4933 le.
1099 4873 1299 4932 Stuetsurchio
1326 4892 1366 4936 aa
1389 4874 1528 4933 Μέλπειαν
1549 4873 1608 4953 (Α).
1638 4909 1680 4916 -
1706 4874 1863 4933 liciaders
1886 4875 2045 4945 Aeschrift

487 4971 540 5029 der
559 4973 628 5031 Vita
648 4975 838 5033 Morcswidis
859 4993 925 5033 rom
947 4976 979 5036 J.
1006 4980 1090 5037 1707
1112 4977 1135 5049 s.
1159 4976 1209 5037 80'
1230 4974 1295 5058 (Bl)
1316 4979 1380 5037 aad
1402 4979 1426 5051 s.
1451 4983 1472 5038 7
1493 4975 1559 5057 (Bl)
1582 4977 1698 5037 abendo.
1726 5011 1769 5020 -
1798 4978 2046 5039 animaliores

485 5076 698 5148 triticeam.
722 5078 771 5137 eles
791 5081 840 5138 18.
858 5079 911 5140 Jlt.
930 5097 964 5152 p.
985 5083 1049 5142 542
1070 5083 1102 5138 ia
1125 5081 1178 5138 der
1198 5081 1572 5141 lsretoersitrtts-Bibliottek
1593 5100 1632 5140 aa
1651 5081 1810 5155 Go'tttapen
1832 5079 1894 5161 (G).

487 5231 579 5290 Folle
602 5231 671 5293 Coti.
694 5234 771 5294 trud.
797 5231 879 5296 Oorb.
905 5238 966 5296 745
989 5253 1045 5295 aas
1068 5235 1120 5293 der
1139 5237 1206 5294 Vite
1227 5237 1424 5297 llureswidis.
1448 5271 1489 5280 -
1512 5234 1705 5317 (Hurentery)
1720 5237 1805 5296 Mea.
1822 5236 1903 5296 iaed.
1921 5241 1965 5298 99
1987 5255 2046 5296 aas

487 5335 540 5392 der
565 5337 633 5394 Vita
660 5337 849 5398 Moreswidts
877 5339 938 5418 (D).
969 5374 1012 5383 —
1034 5340 1148 5413 Laertae
1174 5339 1353 5399 Granianon
1381 5341 1576 5417 Recreasbem,
1601 5341 1663 5403 01).
1686 5345 1707 5402 3
1729 5346 1764 5399 πθ
1789 5344 1807 5399 1
1837 5360 1896 5401 aus
1927 5342 1967 5402 Α.
2003 5375 2047 5386 --
2067 5350 2099 5398 to

486 5437 633 5498 Wilmoas
652 5441 754 5512 Wests.
771 5443 841 5502 ΚΠ.
858 5445 888 5512 2,
906 5445 947 5502 56
964 5449 999 5501 πθ
1014 5448 1055 5504 70
1078 5462 1134 5504 aas
1153 5439 1276 5504 AB¹B².
1300 5479 1342 5488 -
1364 5446 1494 5505 Botmer
1507 5447 1578 5520 Rea.
1597 5450 1667 5506 104.
1690 5479 1733 5489 —
1756 5445 1890 5520 Staamf
1900 5446 1977 5520 Ray.
1994 5450 2048 5508 92.

486 5638 528 5694 at.
554 5640 862 5780 pechpfflfflqeae
879 5647 972 5700 aaa
988 5649 1051 5701 aar
1067 5649 1115 5701 aa
1131 5649 1201 5702 aas
1218 5653 1296 5716 primi
1399 5652 1427 5713 a)
1445 5653 1474 5702 a
1491 5650 1596 5717 aaut
1613 5648 1679 5701 „0012
1697 5650 1760 5702 oco
1781 5635 1810 5701 ni
1827 5654 1880 5720 gra
1899 5671 1962 5722 rex,
1983 5657 2011 5708 a.
2025 5657 2051 5709 u
