4508 6428
873 376 999 434 ΟΤΤΟ
1020 379 1044 432 1.
1068 375 1140 433 966,
1767 371 1827 436 431

286 554 375 620 Data
391 573 462 620 xvr.
478 555 546 622 kal.
562 556 643 623 febr.
658 579 746 622 anno
766 557 928 624 dominice
950 561 1185 625 incamatienis
1208 576 1413 644 noocctxvl,
1437 560 1615 626 indictione
1631 578 1719 644 vnn,
1742 584 1828 627 anno

184 660 274 742 regni
298 657 430 724 Ottonis
451 661 537 744 regis
560 679 662 742 xxxi,
695 663 821 748 imperii
843 686 922 728 vero
945 681 1016 745 11113
1045 671 1155 728 actum
1177 661 1375 749 Aquisgrani
1399 662 1541 749 palati03
1569 665 1601 729 iu
1625 663 1676 729 dei
1699 667 1830 731 nemine

184 758 332 826 feliciter.

962 972 1049 1047 317.

152 1133 168 1182 ⁶
194 1122 275 1200 Otto
304 1125 463 1225 bastotz'pt
488 1125 567 1198 dem
593 1125 738 1199 Kloster
764 1125 969 1224 Blendipui
994 1127 1035 1199 te
1061 1124 1155 1202 Geut
1179 1123 1306 1202 Scine
1332 1128 1412 1202 and
1437 1129 1651 1204 Immuoito't
1671 1131 1747 1229 for
1773 1132 1831 1205 die

185 1245 374 1318 issoerltoib
401 1244 467 1319 der
493 1246 771 1346 liciolmpreazeu
803 1246 993 1344 pelopeuea
1026 1245 1252 1346 Ortscboften
1282 1248 1434 1348 Doacby
1467 1250 1548 1323 aad
1578 1249 1867 1352 Ormizda-appe.-

1302 1371 1482 1432 Moastm'cbt
1503 1375 1567 1434 966
1590 1374 1716 1434 Joaaor
1735 1378 1787 1437 22.

292 1556 540 1632 Oricinaldsplom
562 1559 605 1617 im
628 1558 831 1619 Stootsarcbio
851 1577 892 1618 aa
913 1560 1039 1620 Brosset
1056 1559 1116 1639 (Α).
1140 1596 1183 1604 -
1204 1523 1357 1632 Abscbsiit
1379 1579 1436 1621 von
1460 1562 1666 1624 T’Seroronca
1687 1581 1744 1622 aas
1767 1564 1833 1623 desa

289 1659 321 1721 J.
345 1665 430 1721 1704
451 1663 494 1720 im
516 1661 720 1722 Staatscrcbiv
740 1682 781 1722 su
805 1662 881 1723 cest
905 1661 968 1742 (B).
994 1697 1037 1707 —
1067 1659 1232 1723 Chettaiar
1252 1682 1309 1724 son
1329 1665 1495 1740 Blandipni
1516 1684 1574 1726 aas
1595 1667 1650 1726 der
1670 1667 1761 1726 Mitte
1782 1667 1833 1726 des

288 1765 409 1825 15.Jt.
433 1764 457 1836 f.
481 1770 525 1825 17
547 1765 692 1846 aboedo(
721 1765 744 1846 ).

288 1919 427 1979 Miratus
441 1920 512 1981 DD.
529 1921 610 1995 Belo.
629 1924 672 1981 42
686 1921 750 1980 med
763 1923 829 1982 283
843 1938 900 1980 eso
916 1921 1070 1994 Abscim'fi
1088 1946 1126 1975 =
1143 1881 1449 1998 miraeo-*roem
1468 1924 1521 1998 op.
1538 1929 1569 1996 1,
1584 1926 1657 1986 261.
1677 1958 1719 1968 -
1742 1925 1833 1984 Kiait

288 2024 369 2084 Hist
392 2025 572 2085 Holbsadioe
593 2030 643 2096 2⁰,
665 2030 710 2086 27
730 2027 800 2084 „⁰6
822 2043 879 2084 aas
902 2025 938 2084 Α.
962 2060 1004 2069 -
1026 2026 1159 2086 nomes
1175 2025 1298 2088 obortas
1320 2028 1356 2086 dc
1380 2027 1510 2102 iabbaye
1526 2029 1561 2087 de
1580 2027 1610 2088 S.
1626 2029 1730 2087 Piens
1746 2033 1774 2099 1,
1793 2032 1835 2089 42

288 2133 322 2186 πθ
340 2131 381 2188 lo
402 2147 460 2188 aas
482 2127 539 2189 Bo
558 2129 623 2188 wid
644 2130 785 2188 caderem
807 2128 876 2189 MS.
903 2163 941 2172 -
965 2130 1095 2189 Bdbmer
1115 2131 1188 2206 seq.
1212 2135 1285 2192 312.
1310 2164 1352 2173 —
1375 2130 1504 2206 Stempf
1521 2133 1595 2206 Ray.
1618 2135 1691 2192 395.

288 2283 375 2342 Nacb
395 2283 462 2342 dem
483 2283 522 2343 D.
546 2284 597 2344 des
619 2285 880 2356 westsroobischen
902 2286 1016 2360 Konips
1038 2285 1154 2345 bethor
1179 2284 1321 2365 (Boimer
1342 2287 1415 2361 Ray.
1428 2286 1507 2366 'Koa
1523 2289 1610 2347 2041
1634 2307 1674 2340 =
1698 2285 1834 2348 sotem

290 2383 311 2445 1.
334 2402 358 2446 c.
381 2388 423 2447 56
443 2392 479 2444 κθ
500 2385 555 2465 34)
577 2403 634 2446 con
655 2386 724 2447 Lo.
747 2385 877 2458 defoset
898 2388 964 2446 aad
982 2390 1175 2462 pertricosa.
1216 2379 1224 2396 ‘
1298 2437 1299 2444 ,

292 2589 352 2672 (G.)
376 2589 391 2672 ἒ
411 2591 451 2655 ln
473 2594 605 2658 nemine
627 2601 739 2676 sancte
762 2601 795 2656 et
816 2591 982 2676 individue
1005 2593 1168 2658 trinitatis.
1203 2591 1281 2658 Otto
1305 2590 1415 2657 divina
1437 2594 1566 2659 favente
1589 2594 1760 2660 clementia
1778 2596 1836 2660 im·

188 2703 320 2780 perator
348 2707 515 2780 augustus.
618 2696 783 2778 Quoniam
810 2697 919 2780 regiae
942 2694 994 2759 vel
1019 2695 1248 2781 imperatoriae
1272 2696 1440 2780 dignitatis
1464 2697 1608 2763 officium
1630 2721 1702 2763 esse
1724 2695 1738 2776 i
1759 2719 1837 2763 con-

189 2807 269 2880 stat,
304 2807 340 2862 ut
366 2801 568 2863 monasteria
588 2798 641 2863 vel
669 2798 745 2864 loca
773 2798 834 2864 deo
866 2806 898 2863 et
926 2799 1048 2863 sanctis
1075 2800 1145 2864 eius
1174 2798 1285 2864 dicata
1308 2800 1350 2865 ob
1374 2800 1475 2865 divini
1498 2801 1604 2866 cultris
1625 2810 1837 2885 augmentum

189 2921 266 2969 novis
294 2933 397 2984 semper
425 2920 630 2970 auctoritatibus
658 2920 831 2970 roborentur:
864 2918 963 2993 idcirco
991 2924 1083 2969 uotum
1106 2935 1163 2970 esse
1186 2919 1309 2970 volumus
1331 2921 1449 2970 omnium
1471 2918 1589 2970 fidelium
1611 2926 1761 2970 nostrorum
1783 2926 1837 2970 tam

138 3017 172 3065 20
188 3025 367 3088 praesentium
395 3035 474 3089 quam
503 3025 653 3075 futurorum
680 3023 839 3086 industriae,
869 3021 984 3088 qualiter
1011 3024 1170 3075 venerabilis
1199 3024 1283 3074 abbas
1311 3023 1462 3074 Uuemarns
1491 3024 1689 3074 Blandiniensis
1714 3025 1837 3074 coenobii

189 3133 306 3178 nostram
328 3127 395 3177 adiit
417 3129 593 3190 serenitatem,
616 3143 712 3194 rogans
734 3133 764 3176 ut
785 3143 857 3177 more
880 3132 1076 3178 autecessorum
1098 3133 1256 3190 nostrerum,
1282 3141 1374 3193 regum
1397 3127 1499 3177 scilicet
1519 3111 1571 3176 vel
1593 3113 1836 3197 imperatorum,

189 3231 269 3280 rebus
291 3231 334 3282 vel
361 3231 570 3296 proprietatibus
597 3232 749 3282 monasterii
779 3231 822 3280 sni
847 3230 917 3280 inira
938 3232 1013 3297 regni
1036 3232 1119 3281 nostri
1142 3233 1268 3282 termines
1292 3232 1443 3280 constitutis
1466 3232 1619 3282 emunitatis
1641 3231 1684 3282 vel
1707 3230 1837 3282 detensio-

189 3335 231 3384 nis
253 3341 358 3387 noemae
385 3337 507 3386 bravium
535 3335 740 3387 concederemus
768 3318 897 3406 hocque
924 3328 1035 3405 nostro
1065 3321 1271 3384 auctoritatis
1300 3327 1455 3405 precepto
1484 3319 1723 3386 roboraremus.
1767 3319 1837 3384 Nos

189 3445 266 3488 vero
300 3425 484 3490 interventu
518 3421 636 3509 dilecte
669 3425 819 3507 coniugis
851 3430 984 3488 nostrae
1020 3422 1213 3488 Adalheidis
1250 3421 1420 3508 fidelisque
1457 3422 1698 3509 archiepiscopi
1734 3424 1837 3488 uestri

138 3533 172 3582 25
189 3525 388 3594 Uuillihelmi
424 3528 466 3594 ob
496 3549 586 3615 spem
615 3527 724 3613 divine
752 3528 1040 3611 remunerationis,
1074 3549 1134 3613 pro
1163 3536 1251 3592 statu
1283 3537 1316 3592 et
1345 3526 1568 3592 incolomitate
1590 3528 1681 3612 regni
1704 3525 1756 3592 vel
1779 3527 1836 3591 im-

78 3647 80 3650 ·
189 3633 269 3716 perii
299 3635 403 3697 nostri
432 3631 556 3719 filiique
585 3633 687 3698 nostri
718 3631 877 3696 carissimi
910 3632 997 3715 regis
1031 3629 1164 3696 Ottonis
1197 3631 1249 3716 pie
1277 3629 1364 3695 illius
1393 3632 1541 3716 petitioni
1569 3653 1738 3696 assensum
1767 3653 1838 3716 pre-

189 3733 319 3801 buimus
342 3745 374 3800 et
396 3745 433 3801 ut
453 3759 506 3800 res
528 3734 579 3800 vel
602 3735 827 3821 possessiones
855 3735 1029 3820 prescripti
1057 3733 1299 3800 Blandiniensis
1327 3735 1476 3800 coenobii
1505 3735 1591 3801 infra
1616 3735 1708 3819 regni
1734 3735 1838 3799 nostri

189 3840 344 3904 termines
378 3842 573 3926 constituto,
610 3837 790 3905 Dulciacus
823 3839 948 3905 scilicet
980 3840 1015 3904 in
1047 3861 1134 3925 pago
1173 3839 1325 3923 Haginae
1360 3848 1393 3904 et
1425 3837 1644 3925 Crumbrigga
1680 3840 1714 3903 in
1750 3860 1837 3924 pago

190 3941 423 4027 Bragbatinse,
453 3964 552 4031 quam
574 3941 686 4007 villam
701 3944 878 4008 carissima
899 3952 1013 4008 nostra
1036 3965 1129 4009 soror
1151 3941 1322 4028 Gerbirgie
1344 3945 1459 4028 regina
1479 3944 1650 4009 monachis
1673 3941 1714 4009 ob
1737 3965 1838 4009 reme·

137 4050 171 4098 ³0
190 4045 279 4110 dium
312 4049 420 4132 anime
452 4047 558 4112 fidelis
591 4047 719 4112 comitis
750 4047 799 4110 sui
832 4045 974 4112 reddidit
1002 4044 1146 4130 Amulii,
1181 4062 1231 4112 sub
1260 4068 1390 4128 perpetua
1412 4065 1564 4114 emunitatis
1591 4067 1697 4113 nomae
1725 4062 1837 4112 tuitione

191 4181 248 4215 esse
270 4165 408 4228 volumus,
442 4168 482 4216 ita
502 4171 534 4216 nt
555 4165 645 4215 nullus
667 4169 757 4216 noster
779 4179 867 4216 comes
889 4170 937 4216 aut
958 4166 1039 4216 iudex
1061 4171 1109 4216 aut
1130 4167 1246 4217 vicarius
1268 4172 1316 4217 ant
1336 4167 1461 4233 publicus
1483 4167 1540 4218 fisci
1563 4173 1671 4219 exactor
1692 4166 1736 4217 vel
1758 4165 1837 4216 advo·

190 4273 266 4318 catus
288 4270 330 4320 vel
354 4270 423 4320 alins
445 4270 541 4334 aliquis
563 4269 760 4334 prenominatae
781 4253 876 4318 villos
898 4269 1001 4335 ingredi
1023 4270 1121 4321 audeat
1143 4270 1177 4320 ad
1198 4271 1287 4321 tradas
1309 4265 1476 4338 exigendas²
1502 4271 1545 4322 vel
1571 4277 1678 4337 paratas
1703 4269 1838 4321 iaciendas

191 4373 233 4422 vel
262 4375 413 4425 hominibus
442 4360 613 4444 proscripti
643 4356 792 4422 coenobii
821 4373 888 4422 inibi
911 4371 1094 4425 babitantibus
1117 4365 1327 4435 distric[ti0ne]m
1354 4374 1491 4441 ingerendi
1513 4373 1556 4424 vel
1579 4374 1652 4424 aliud
1673 4373 1738 4439 quid
1764 4379 1837 4438 pete-

191 4479 267 4527 statis
289 4478 428 4530 exercendi
450 4477 589 4528 licenciam
611 4483 658 4527 aut
680 4480 836 4541 potestatem
865 4476 975 4539 habeat,
1008 4479 1061 4528 uisi
1087 4477 1170 4529 abbas
1199 4483 1225 4528 et
1253 4477 1399 4528 advocatus
1426 4493 1504 4542 quem
1533 4477 1584 4527 sibi
1611 4477 1668 4541 ipse
1695 4476 1786 4526 utilem
1812 4481 1839 4526 et

139 4575 172 4622 ³5
191 4584 368 4634 nuscanum
397 4567 540 4654 elegerit.
583 4568 627 4632 Et
653 4576 690 4631 ut
711 4565 773 4631 hec
797 4567 1002 4630 auctoritatis
1023 4575 1157 4630 nostrae
1186 4575 1396 4651 praeceptum
1421 4565 1550 4629 firmum
1573 4573 1606 4628 et
1627 4562 1744 4628 stabile
1767 4584 1837 4647 per-

190 4681 336 4755 maneat,
369 4670 455 4737 hanc
484 4680 610 4736 cartam
640 4668 802 4735 conscribi
830 4670 1000 4752 iussimus,
1035 4691 1134 4755 quam
1162 4678 1195 4732 et
1223 4669 1357 4754 propria
1378 4690 1478 4733 mauu
1500 4667 1615 4733 subtus
1637 4667 1839 4732 firmavimus

191 4773 344 4860 anulique
365 4777 468 4840 nostri
495 4775 710 4860 impressione
733 4775 853 4858 signari
876 4775 1040 4838 iussimus.

291 4915 305 4998 i
327 4913 464 4998 Signum
486 4912 609 4978 demini
634 4911 763 4978 Ottonis
786 4913 850 4995 (M.)
872 4911 982 4998 magni
1006 4921 1039 4975 et
1060 4910 1265 4976 invictissimi
1288 4911 1493 4997 imperatoris
1516 4911 1656 4996 augusti.
1679 4907 1692 4988 ξ

294 5013 502 5096 ELiudolfus
525 5015 740 5083 cancellarius
762 5014 914 5081 advicem
935 5013 1134 5080 Uuillihelmi
1157 5013 1435 5100 archicappellani
1457 5017 1644 5101 recognovi.
1667 5011 1681 5093 i
1711 5017 1768 5096 (Sl.
1787 5016 1840 5097 D.)

139 5127 174 5174 m
1746 5118 1839 5199 (sle.)

294 5259 383 5325 Data
405 5277 453 5324 X1.
476 5257 543 5324 kal.
565 5258 630 5325 feb.
653 5281 739 5326 anno
763 5258 926 5344 dominice
949 5257 1183 5324 incamatiouis
1206 5273 1411 5340 Dococnxvr,
1438 5256 1617 5322 indictione
1639 5275 1726 5339 vnn,
1749 5279 1836 5321 anno

191 5363 281 5447 regni
305 5363 415 5429 domni
439 5362 570 5429 Ottonis
593 5381 697 5447 xxxs,
727 5366 852 5450 imperii
876 5386 954 5429 vero
977 5381 1049 5446 11113
1079 5371 1191 5426 actum
1213 5361 1383 5444 'l'raiect03
1410 5361 1444 5426 in
1467 5361 1519 5426 dei
1544 5361 1674 5444 nemine
1702 5361 1838 5426 feliciter

192 5489 299 5534 amen.

276 5657 335 5712 21⁷.
363 5657 444 5728 [Piet]
548 5662 574 5727 a)
591 5679 610 5729 ς
627 5677 694 5713 σω.
711 5677 760 5714 otu
778 5677 800 5716 a
