4576 6428
891 436 1016 494 ΟΤΤΟ
1038 439 1062 492 Ι.
1086 433 1159 493 962.
1785 426 1849 493 357

985 615 1070 689 249.

177 757 180 766 ’
212 767 292 843 Otto
318 769 458 843 scbeolct
484 769 563 842 dem
589 769 778 868 Presbyter
803 770 922 870 Erolf
948 771 1018 845 dou
1044 770 1254 869 Kortipsbof
1278 769 1490 842 Antoniano
1517 783 1646 843 soromt
1672 769 1847 843 habebor.

733 925 736 930 ·
1389 913 1485 971 Porio
1500 915 1572 980 ,962
1592 912 1754 971 November
1774 915 1804 970 3.

309 1096 556 1171 Oripiraldiplom
578 1098 631 1170 r'ro¹
644 1095 860 1170 Capitolorcbio
880 1116 922 1156 aa
943 1095 1057 1157 Arcaao
1081 1098 1092 1176 (
1121 1096 1143 1176 ).

167 1257 183 1305 5
302 1239 388 1296 licon
412 1235 439 1314 (e
458 1234 581 1314 Cornici)
606 1236 688 1296 Sorte
710 1234 752 1295 de’
777 1236 866 1294 ducti
888 1254 902 1295 c
924 1237 1068 1295 marchesi
1091 1236 1123 1294 di
1147 1237 1279 1296 Toscoua
1302 1243 1346 1307 1²¹,
1372 1242 1423 1296 40.
1446 1271 1487 1280 -
1511 1237 1638 1310 Stamps
1656 1239 1728 1310 Rop.
1753 1239 1825 1296 318.

306 1373 441 1444 Versosst
463 1374 526 1433 aad
545 1375 730 1448 poscbriebou
752 1391 808 1433 ooo
830 1374 896 1433 LF.

305 1559 365 1641 (C.)
393 1557 407 1640 ξ
433 1559 473 1624 In
494 1561 625 1624 nomine
649 1569 783 1624 sanctae
806 1568 838 1622 et
861 1559 1049 1624 individuae
1072 1561 1236 1624 trinitatis.
1282 1558 1361 1625 Otto
1386 1559 1437 1624 dei
1461 1563 1567 1646 gratia
1595 1561 1771 1645 imperator
1793 1581 1848 1624 au·

201 1672 325 1746 gustus.
428 1662 463 1728 Si
485 1664 565 1726 ratis
587 1671 771 1727 nostrorum
794 1661 939 1726 fidelium
962 1661 1172 1746 petitionibus
1195 1685 1364 1732 assensum
1388 1665 1576 1750 prebemus,
1606 1663 1769 1730 fideliores
1792 1685 1848 1729 eos

200 1765 295 1830 nobis
317 1765 387 1832 fore
410 1767 541 1829 minime
564 1765 769 1850 ambigimus.
793 1764 806 1847 Ξ
830 1763 994 1845 Quocirca
1011 1766 1154 1829 omnium
1169 1765 1314 1831 fidelium
1330 1778 1464 1833 sanctae
1481 1767 1531 1834 dei
1552 1768 1711 1834 ecclesiae
1726 1777 1850 1832 nostro-

152 1893 182 1940 1o
200 1892 336 1955 rumque
359 1871 557 1954 presentium
580 1868 707 1934 scilicet
729 1890 768 1932 ac
789 1869 973 1932 futurorum
996 1866 1125 1933 devotio
1142 1872 1279 1952 noverit,
1304 1871 1443 1956 qualiter
1457 1894 1518 1936 nos
1535 1871 1684 1936 consultu
1699 1893 1738 1935 ac
1753 1873 1849 1935 inter-

200 1981 299 2038 ventu
316 1971 432 2056 dilecto
452 1973 600 2055 coniugis
618 1981 729 2056 nostre
745 1969 925 2056 Adelhcidp
948 1972 1163 2057 imperatricis
1179 1995 1240 2036 nec
1256 1995 1322 2038 non
1339 1985 1370 2038 ct
1385 1974 1515 2039 Rodulfi
1540 1974 1632 2039 ducis
1654 1973 1848 2038 nobilissimi

202 2076 366 2163 quandam
388 2088 512 2143 curtem
527 2079 607 2142 iuris
622 2079 725 2141 nostri
746 2079 838 2160 regni
855 2075 1076 2160 Antongnano
1100 2086 1324 2162 nuncupatum
1336 2089 1358 2162 ³,
1382 2081 1480 2144 situm
1495 2081 1528 2143 in
1544 2077 1618 2143 loco
1636 2078 1845 2164 Saltospano,

201 2183 425 2245 coniacentem
447 2182 480 2244 in
503 2182 660 2245 comitatu
681 2179 885 2244 Modonense
913 2181 947 2243 in
973 2177 1068 2264 plebe
1097 2182 1201 2243 sancti
1225 2180 1389 2246 Uincentii
1418 2183 1578 2246 territorio
1607 2180 1849 2265 [Blononiensis

201 2294 233 2350 et
255 2285 471 2349 Ferrariensis
484 2295 497 2322 ²
519 2283 649 2349 cuidam
672 2283 760 2348 fideli
783 2286 910 2349 nostri⁸
931 2283 1046 2348 Erolfo
1070 2283 1260 2369 presbitero,
1288 2295 1384 2370 prout
1405 2287 1489 2370 iuste
1512 2294 1544 2349 et
1566 2283 1713 2370 legaliter
1736 2305 1847 2370 possu-

150 2407 182 2453 15
200 2411 272 2453 mus
280 2437 289 2472 ,
324 2387 533 2453 concedimus
563 2387 721 2452 donamus
750 2388 980 2452 confirmamus
1009 2409 1049 2451 ac
1079 2386 1329 2453 corroboramus
1359 2398 1456 2474 atque
1483 2411 1525 2452 ex
1553 2398 1665 2452 nostro
1689 2386 1848 2473 imperiali

201 2493 270 2555 iure
293 2501 325 2555 et
348 2490 491 2556 dominio
514 2493 548 2554 in
572 2513 666 2556 suum
687 2491 738 2555 ius
761 2499 794 2554 et
817 2489 996 2556 dominium
1018 2491 1176 2575 largimur
1198 2500 1295 2576 atque
1321 2491 1579 2556 transfundimus
1602 2513 1675 2557 cnm
1700 2492 1849 2557 omnibus

200 2594 296 2660 rebus
318 2604 352 2659 ‘et
374 2592 627 2679 proprietatibus
651 2593 757 2658 eidem
779 2598 861 2660 curti
884 2597 952 2660 iure
982 2594 1188 2680 legitimeque
1216 2596 1467 2680 pertinentibus,
1503 2595 1600 2660 cumb
1629 2619 1694 2659 una
1725 2595 1850 2660 scilicet

201 2695 330 2783 capella
352 2697 438 2761 infra
460 2699 533 2782 ipso
557 2706 649 2762 curte
671 2698 705 2761 in
728 2697 851 2763 honore
874 2700 979 2763 sancti
999 2698 1179 2765 Salvatoris
1203 2709 1402 2782 constructa,
1427 2721 1502 2764 cum
1524 2701 1611 2763 casis
1634 2698 1769 2763 edificiis
1794 2721 1850 2763 seu

201 2800 388 2866 solamentis
411 2801 537 2865 curtist
567 2802 644 2864 ortis
671 2803 766 2865 terris
789 2804 876 2886 agris
900 2805 1025 2887 campis
1049 2804 1150 2887 pratis
1172 2804 1305 2887 pascuis
1328 2802 1419 2867 silvis
1441 2805 1546 2868 vineis
1570 2801 1700 2866 salectis
1723 2801 1849 2886 paludi·

149 2928 183 2976 20
200 2906 261 2970 bus
284 2905 521 2990 piscationibus
546 2905 727 2970 sationibus
750 2907 936 2972 cucullariis
963 2905 1080 2994 [alquis
1103 2909 1180 2971 rivis
1195 2908 1334 2993 ripatico
1351 2904 1391 2970 de
1408 2904 1553 2970 Galleria
1569 2904 1656 2969 etde
1673 2904 1848 2969 Gonoenno

200 3019 328 3072 etcum
352 3007 503 3073 omnibus
525 3009 630 3073 iuris⁸
657 3017 689 3073 et
712 3011 914 3095 pertinentiis
940 3010 1086 3075 eiusdem
1108 3012 1208 3076 curtis
1231 3008 1451 3093 Antongnano
1467 3059 1474 3073 .
1488 3058 1496 3073 .
1510 3018 1543 3073 ,θ
1565 3009 1693 3073 Lauino
1717 3017 1749 3072 et
1772 3007 1850 3072 Gai-

199 3110 286 3175 bana
315 3120 347 3175 et
375 3133 450 3176 cum
480 3110 677 3195 duoldecim]
709 3112 927 3197 piscatoribus
957 3112 997 3177 de
1020 3113 1098 3177 villa
1128 3137 1190 3200 que
1217 3122 1425 3198 nuncupatur
1447 3112 1611 3177 Ueterana
1636 3110 1850 3197 omnibusque

199 3214 295 3280 rebus
318 3214 494 3280 mobilibus
518 3225 550 3280 et
573 3213 799 3297 inmobilib[us
816 3214 873 3299 ald
895 3216 1001 3299 ipsam
1023 3215 1205 3301 predictam
1223 3226 1348 3280 curtem
1364 3215 1585 3300 Antongnano
1605 3213 1849 3300 pertinentibus,

201 3318 497 3384 sicutB0nefacius
523 3316 613 3402 [dux]
639 3327 671 3381 et
693 3315 838 3382 marchio
863 3317 906 3380 ad
930 3317 1146 3402 [beneficium]
1173 3321 1286 3400 tenuit,
1311 3319 1419 3382 omnia
1442 3326 1539 3382 etex
1564 3317 1714 3382 omnibus
1738 3340 1780 3381 ex
1803 3317 1850 3380 in-

147 3441 180 3488 25
199 3431 289 3505 tegra
313 3428 486 3506 pretaxato
509 3421 623 3486 Erolfo
647 3420 828 3506 presbitero
852 3428 888 3484 ut
912 3418 1023 3507 [supra
1052 3420 1224 3505 dixim]us,
1259 3430 1355 3507 prout
1383 3423 1468 3486 iuste
1490 3430 1522 3485 et
1548 3418 1708 3505 leglaliter
1736 3441 1850 3504 possu-

199 3524 299 3608 musl,
334 3524 545 3589 concedimus
574 3523 733 3590 donamus
762 3523 993 3589 confirmamus
1024 3545 1063 3588 ac
1093 3523 1344 3589 corroboramus
1368 3535 1466 3609 atquc
1489 3545 1530 3587 ex
1552 3529 1664 3588 nostro
1687 3520 1849 3606 imperiali

202 3626 281 3710 [iure
304 3627 347 3710 ct]
374 3627 517 3692 dominio
540 3629 574 3691 iu
597 3650 690 3692 suum
711 3630 762 3692 ius
785 3637 817 3692 et
843 3626 1047 3713 [dominium]
1072 3629 1228 3713 largimur
1250 3638 1348 3714 atque
1371 3626 1634 3693 traniundimus⁸
1659 3649 1699 3690 ac
1721 3625 1850 3709 delega-

199 3753 286 3813 mus,
320 3739 355 3795 ut
384 3728 505 3794 habeat
532 3740 642 3794 teneat
669 3728 891 3816 firmitlerque]
926 3731 1095 3817 possideat
1123 3731 1308 3818 habeatque
1337 3740 1533 3818 potestatem
1559 3740 1591 3796 et
1618 3730 1782 3794 licentiam
1810 3728 1850 3792 dc

200 3835 421 3918 suprascripta
449 3844 539 3898 curte
562 3832 782 3918 Antongnano
812 3836 943 3920 suisque
974 3837 1175 3921 pertinentiis
1205 3834 1396 3920 possidendi
1427 3833 1570 3919 tene[ndi
1598 3831 1754 3917 d]onandi
1777 3853 1851 3896 ven.

152 3954 186 4002 30
211 3935 308 4001 dendi
332 3936 554 4001 commutandi
578 3937 631 4002 vel
662 3959 721 4022 pro
751 3939 862 4002 anima
892 3938 1058 4003 iudicandi
1087 3937 1139 4003 vel
1169 3939 1323 4025 quicquid
1354 3942 1423 4020 eius
1452 3940 1578 4004 animus
1607 3936 1725 4001 exinde
1755 3935 1850 3999 decre

198 4040 281 4104 verit
305 4039 462 4122 faciendi,
497 4041 640 4104 omnium
668 4039 835 4106 hominum
864 4042 1122 4108 contradictione
1149 4053 1284 4108 remota.
1330 4042 1364 4108 si
1395 4044 1466 4129 quis
1494 4043 1591 4127 igitur
1617 4039 1712 4105 huius
1734 4042 1850 4104 nostri-

198 4146 342 4228 precepti
365 4165 404 4207 ac
429 4144 685 4208 confirmationis
702 4144 754 4208 vel
776 4145 1080 4230 corroboratio[n]is
1096 4146 1239 4210 violator
1253 4147 1406 4228 extiterit,
1432 4147 1515 4210 sciat
1537 4167 1571 4208 se
1594 4145 1849 4229 compositurum

199 4247 270 4309 auri
299 4247 412 4330 optimi
441 4244 542 4309 libras
571 4255 717 4327 centum,
750 4247 958 4314 medietatem
986 4249 1119 4332 kamere
1148 4257 1259 4333 nostre
1289 4259 1321 4314 et
1349 4249 1557 4313 medietatem
1585 4247 1711 4333 prefato
1735 4246 1849 4311 Erolfo

198 4348 378 4433 presbitero
401 4347 453 4412 vel
476 4350 527 4412 cui
550 4351 621 4433 ipse
645 4348 772 4414 dederit
794 4361 852 4416 aut
874 4351 994 4416 habere
1017 4355 1176 4418 statuerit.
1212 4350 1311 4433 Quod
1333 4361 1369 4415 ut
1390 4373 1410 4414 a
1432 4350 1583 4415 fidelibus
1605 4350 1725 4414 nostris
1740 4350 1849 4414 verius

148 4467 181 4516 as
201 4451 352 4516 credatur
374 4460 405 4516 et
435 4450 622 4535 diligentius
655 4449 709 4533 [ab
734 4451 899 4536 omJnibus
929 4453 1133 4538 observetur,
1165 4475 1265 4519 manu
1295 4455 1428 4538 propria
1456 4448 1726 4534 roboralvi]mus,
1761 4449 1849 4514 anuli

199 4556 301 4619 nostri
324 4557 526 4641 inpressione
550 4554 685 4639 sigillari
708 4556 871 4621 iussimus.

303 4691 317 4772 ἔ
340 4692 475 4777 Signum
498 4692 610 4757 domni
634 4691 767 4757 Ottonis
790 4694 994 4758 invictissimi
1020 4695 1109 4775 (MP.)
1134 4695 1338 4779 imperatoris
1362 4694 1538 4778 augusti}

305 4796 528 4881 {Linigerius
551 4794 768 4860 cancellarius
792 4795 942 4860 advicem
960 4795 1123 4862 Uuidonis
1147 4798 1294 4882 episcopi
1317 4807 1349 4862 et
1371 4793 1650 4860 archicancellarii
1672 4795 1850 4878 recognovi

201 4907 233 4961 et
256 4899 445 4984 subscripsi.
466 4899 481 4981 ἒ
503 4900 560 4980 (SI.
580 4900 632 4979 D.)

149 5066 182 5114 to
302 5037 391 5102 Data
413 5054 464 5101 111.
487 5059 564 5102 non.
587 5059 661 5102 nov.
686 5058 772 5102 anno
797 5035 981 5100 dominicae
1005 5037 1239 5100 incarnationis
1262 5051 1462 5118 nccccnxn,
1491 5033 1669 5099 indictione
1688 5051 1739 5118 V1,
1763 5055 1850 5098 anno

198 5141 324 5224 imperii
349 5141 545 5206 serenissimi
569 5138 701 5206 Ottonis
724 5141 928 5226 imperatoris
952 5140 1076 5226 pri1n03
1100 5147 1210 5203 actum
1231 5139 1345 5224 Papia.

283 5325 342 5379 tto.
373 5326 481 5394 [Sickel]
587 5330 613 5390 a)
632 5327 655 5380 A
759 5331 786 5394 b)
802 5329 864 5379 ttbe·
880 5329 928 5380 der
944 5327 1014 5378 Zeila
1032 5325 1222 5393 mcbpdropen
1326 5328 1349 5391 c)
1367 5333 1432 5377 ottob
1448 5325 1510 5377 aedri
1528 5325 1692 5378 Brwbrtabeu
1709 5325 1770 5377 sind
1786 5325 1849 5376 ooll-

369 5395 485 5446 ltommen
502 5397 649 5460 cmomcbt,
666 5414 717 5448 nur
735 5400 777 5448 ein
794 5396 1063 5464 Aommuqaaetm
1081 5396 1134 5460 aas
1146 5396 1197 5447 den
1216 5395 1304 5446 tracen
1322 5397 1355 5446 tet
1373 5394 1439 5446 norb
1456 5394 1577 5448 ricbtbor.
