<?xml version="1.0" encoding="UTF-8"?>
<!DOCTYPE html PUBLIC "-//W3C//DTD XHTML 1.0 Transitional//EN"
    "http://www.w3.org/TR/xhtml1/DTD/xhtml1-transitional.dtd">
<html xmlns="http://www.w3.org/1999/xhtml" xml:lang="en" lang="en">
 <head>
  <title>
</title>
<meta http-equiv="Content-Type" content="text/html;charset=utf-8" />
  <meta name='ocr-system' content='tesseract 3.04.00' />
  <meta name='ocr-capabilities' content='ocr_page ocr_carea ocr_par ocr_line ocrx_word'/>
</head>
<body>
  <div class='ocr_page' id='page_1' title='image "./monumentagerman00gescgoog/monumentagerman00gescgoog_0126.png"; bbox 0 0 4554 6414; ppageno 0'>
   <div class='ocr_carea' id='block_1_1' title="bbox 896 412 1164 471">
    <p class='ocr_par' dir='ltr' id='par_1_1' title="bbox 896 412 1164 471">
     <span class='ocr_line' id='line_1_1' title="bbox 896 412 1164 471; baseline 0.004 -1"><span class='ocrx_word' id='word_1_1' title='bbox 896 413 1020 471; x_wconf 85' lang='grc' dir='ltr'>ΟΤΤΟ</span> <span class='ocrx_word' id='word_1_2' title='bbox 1043 417 1066 470; x_wconf 95' lang='grc' dir='ltr'><strong>Ι.</strong></span> <span class='ocrx_word' id='word_1_3' title='bbox 1091 412 1164 471; x_wconf 83' lang='grc'><strong>937.</strong></span> 
     </span>
    </p>
   </div>
   <div class='ocr_carea' id='block_1_2' title="bbox 1012 599 1045 672">
    <p class='ocr_par' dir='ltr' id='par_1_2' title="bbox 1012 599 1045 672">
     <span class='ocr_line' id='line_1_2' title="bbox 1012 599 1045 672; baseline 0.121 -4"><span class='ocrx_word' id='word_1_4' title='bbox 1012 599 1045 672; x_wconf 87' lang='grc'><strong>9.</strong></span> 
     </span>
    </p>
   </div>
   <div class='ocr_carea' id='block_1_3' title="bbox 212 745 1849 964">
    <p class='ocr_par' dir='ltr' id='par_1_3' title="bbox 212 745 1849 964">
     <span class='ocr_line' id='line_1_3' title="bbox 212 745 1849 849; baseline 0.002 -26"><span class='ocrx_word' id='word_1_5' title='bbox 212 745 292 844; x_wconf 77' lang='lat' dir='ltr'><strong>Otto</strong></span> <span class='ocrx_word' id='word_1_6' title='bbox 314 748 453 822; x_wconf 76' lang='lat' dir='ltr'><strong>seltenltt</strong></span> <span class='ocrx_word' id='word_1_7' title='bbox 474 748 553 821; x_wconf 77' lang='lat' dir='ltr'><strong>datu</strong></span> <span class='ocrx_word' id='word_1_8' title='bbox 576 749 719 821; x_wconf 82' lang='lat' dir='ltr'><strong>Kloster</strong></span> <span class='ocrx_word' id='word_1_9' title='bbox 741 746 779 824; x_wconf 77' lang='lat' dir='ltr'><strong>S.</strong></span> <span class='ocrx_word' id='word_1_10' title='bbox 802 751 925 822; x_wconf 79' lang='lat' dir='ltr'><strong>Alban</strong></span> <span class='ocrx_word' id='word_1_11' title='bbox 947 751 1002 823; x_wconf 84' lang='lat' dir='ltr'><strong>bei</strong></span> <span class='ocrx_word' id='word_1_12' title='bbox 1025 752 1150 823; x_wconf 81' lang='lat' dir='ltr'><strong>Mainz</strong></span> <span class='ocrx_word' id='word_1_13' title='bbox 1171 751 1294 824; x_wconf 81' lang='lat' dir='ltr'><strong>seinaa</strong></span> <span class='ocrx_word' id='word_1_14' title='bbox 1315 751 1400 849; x_wconf 87' lang='lat' dir='ltr'><strong>Hof</strong></span> <span class='ocrx_word' id='word_1_15' title='bbox 1415 751 1456 823; x_wconf 81' lang='lat' dir='ltr'><strong>ia</strong></span> <span class='ocrx_word' id='word_1_16' title='bbox 1482 749 1849 827; x_wconf 79' lang='lat' dir='ltr'><strong>Grosswinternbeim.</strong></span> 
     </span>
     <span class='ocr_line' id='line_1_4' title="bbox 1394 891 1808 964; baseline 0.017 -16"><span class='ocrx_word' id='word_1_17' title='bbox 1394 891 1556 964; x_wconf 70' lang='lat' dir='ltr'><strong>Iapelbcim</strong></span> <span class='ocrx_word' id='word_1_18' title='bbox 1579 897 1644 952; x_wconf 83' lang='lat'><strong>937</strong></span> <span class='ocrx_word' id='word_1_19' title='bbox 1665 894 1733 952; x_wconf 82' lang='lat' dir='ltr'><strong>Mai</strong></span> <span class='ocrx_word' id='word_1_20' title='bbox 1753 898 1808 955; x_wconf 79' lang='lat'><strong>29.</strong></span> 
     </span>
    </p>
   </div>
   <div class='ocr_carea' id='block_1_4' title="bbox 191 1076 1850 1366">
    <p class='ocr_par' dir='ltr' id='par_1_4' title="bbox 191 1076 1850 1366">
     <span class='ocr_line' id='line_1_5' title="bbox 191 1076 1850 1153; baseline 0.003 -17"><span class='ocrx_word' id='word_1_21' title='bbox 191 1095 194 1100; x_wconf 90' lang='lat'>·</span> <span class='ocrx_word' id='word_1_22' title='bbox 304 1076 459 1148; x_wconf 79' lang='lat' dir='ltr'><strong>Abschrift</strong></span> <span class='ocrx_word' id='word_1_23' title='bbox 480 1077 673 1149; x_wconf 68' lang='lat' dir='ltr'><strong>Kinolinqers</strong></span> <span class='ocrx_word' id='word_1_24' title='bbox 695 1093 752 1134; x_wconf 80' lang='lat' dir='ltr'><strong>aas</strong></span> <span class='ocrx_word' id='word_1_25' title='bbox 775 1076 840 1134; x_wconf 81' lang='lat' dir='ltr'><strong>dem</strong></span> <span class='ocrx_word' id='word_1_26' title='bbox 863 1077 949 1135; x_wconf 74' lang='lat' dir='ltr'><strong>Euda</strong></span> <span class='ocrx_word' id='word_1_27' title='bbox 970 1077 1019 1135; x_wconf 77' lang='lat' dir='ltr'><strong>des</strong></span> <span class='ocrx_word' id='word_1_28' title='bbox 1048 1082 1098 1136; x_wconf 87' lang='grc'><strong>18.</strong></span> <span class='ocrx_word' id='word_1_29' title='bbox 1124 1077 1176 1136; x_wconf 82' lang='lat' dir='ltr'><strong>Jh.</strong></span> <span class='ocrx_word' id='word_1_30' title='bbox 1206 1080 1240 1135; x_wconf 80' lang='lat' dir='ltr'><strong>in</strong></span> <span class='ocrx_word' id='word_1_31' title='bbox 1265 1079 1368 1137; x_wconf 76' lang='lat' dir='ltr'><strong>deseca</strong></span> <span class='ocrx_word' id='word_1_32' title='bbox 1390 1079 1563 1152; x_wconf 63' lang='lat' dir='ltr'><strong>Sammzma</strong></span> <span class='ocrx_word' id='word_1_33' title='bbox 1587 1079 1645 1137; x_wconf 85' lang='lat' dir='ltr'><strong>Bd.</strong></span> <span class='ocrx_word' id='word_1_34' title='bbox 1669 1083 1734 1140; x_wconf 83' lang='grc'><strong>137</strong></span> <span class='ocrx_word' id='word_1_35' title='bbox 1750 1097 1783 1153; x_wconf 80' lang='lat' dir='ltr'><strong>p.</strong></span> <span class='ocrx_word' id='word_1_36' title='bbox 1807 1085 1850 1141; x_wconf 84' lang='lat'><strong>36</strong></span> 
     </span>
     <span class='ocr_line' id='line_1_6' title="bbox 303 1177 1848 1257; baseline 0.003 -18"><span class='ocrx_word' id='word_1_37' title='bbox 303 1183 345 1239; x_wconf 82' lang='lat' dir='ltr'><strong>im</strong></span> <span class='ocrx_word' id='word_1_38' title='bbox 368 1181 395 1238; x_wconf 80' lang='lat' dir='ltr'><strong>k.</strong></span> <span class='ocrx_word' id='word_1_39' title='bbox 421 1180 622 1240; x_wconf 78' lang='lat' dir='ltr'><strong>Stcatsarobio</strong></span> <span class='ocrx_word' id='word_1_40' title='bbox 643 1199 682 1238; x_wconf 77' lang='lat' dir='ltr'><strong>aa</strong></span> <span class='ocrx_word' id='word_1_41' title='bbox 704 1181 847 1238; x_wconf 71' lang='lat' dir='ltr'><strong>Manere</strong></span> <span class='ocrx_word' id='word_1_42' title='bbox 870 1177 933 1257; x_wconf 78' lang='lat' dir='ltr'><em>(A).</em></span> <span class='ocrx_word' id='word_1_43' title='bbox 956 1214 998 1224; x_wconf 99' lang='lat'>—</span> <span class='ocrx_word' id='word_1_44' title='bbox 1021 1180 1174 1252; x_wconf 79' lang='lat' dir='ltr'><strong>Absebrift</strong></span> <span class='ocrx_word' id='word_1_45' title='bbox 1198 1181 1310 1242; x_wconf 81' lang='lat' dir='ltr'><strong>Sobotts</strong></span> <span class='ocrx_word' id='word_1_46' title='bbox 1332 1199 1389 1240; x_wconf 82' lang='lat' dir='ltr'><strong>cus</strong></span> <span class='ocrx_word' id='word_1_47' title='bbox 1412 1181 1477 1239; x_wconf 83' lang='lat' dir='ltr'><strong>dem</strong></span> <span class='ocrx_word' id='word_1_48' title='bbox 1500 1182 1624 1256; x_wconf 63' lang='lat' dir='ltr'><strong>Ausona</strong></span> <span class='ocrx_word' id='word_1_49' title='bbox 1647 1184 1696 1242; x_wconf 83' lang='lat' dir='ltr'><strong>des</strong></span> <span class='ocrx_word' id='word_1_50' title='bbox 1719 1188 1770 1244; x_wconf 89' lang='lat'><strong>19.</strong></span> <span class='ocrx_word' id='word_1_51' title='bbox 1794 1184 1848 1244; x_wconf 83' lang='lat' dir='ltr'><strong>Jb.</strong></span> 
     </span>
     <span class='ocr_line' id='line_1_7' title="bbox 305 1283 1848 1366; baseline 0.002 -24"><span class='ocrx_word' id='word_1_52' title='bbox 305 1287 337 1342; x_wconf 79' lang='lat' dir='ltr'><strong>in</strong></span> <span class='ocrx_word' id='word_1_53' title='bbox 360 1284 462 1342; x_wconf 71' lang='lat' dir='ltr'><strong>desset</strong></span> <span class='ocrx_word' id='word_1_54' title='bbox 483 1284 553 1342; x_wconf 88' lang='lat' dir='ltr'><strong>DD.</strong></span> <span class='ocrx_word' id='word_1_55' title='bbox 577 1285 758 1358; x_wconf 65' lang='lat' dir='ltr'><strong>Rinyrcricc</strong></span> <span class='ocrx_word' id='word_1_56' title='bbox 781 1283 873 1343; x_wconf 87' lang='lat' dir='ltr'><strong>Bd.1</strong></span> <span class='ocrx_word' id='word_1_57' title='bbox 899 1290 933 1341; x_wconf 63' lang='grc' dir='ltr'><strong>πθ</strong></span> <span class='ocrx_word' id='word_1_58' title='bbox 948 1289 989 1344; x_wconf 86' lang='grc'><strong>19</strong></span> <span class='ocrx_word' id='word_1_59' title='bbox 1013 1287 1045 1342; x_wconf 77' lang='lat' dir='ltr'><strong>ia</strong></span> <span class='ocrx_word' id='word_1_60' title='bbox 1067 1285 1120 1342; x_wconf 86' lang='lat' dir='ltr'><strong>der</strong></span> <span class='ocrx_word' id='word_1_61' title='bbox 1142 1286 1323 1345; x_wconf 78' lang='lat' dir='ltr'><strong>Habelschea</strong></span> <span class='ocrx_word' id='word_1_62' title='bbox 1338 1287 1511 1359; x_wconf 69' lang='lat' dir='ltr'><strong>Sommluno</strong></span> <span class='ocrx_word' id='word_1_63' title='bbox 1532 1305 1573 1344; x_wconf 73' lang='lat' dir='ltr'><strong>su</strong></span> <span class='ocrx_word' id='word_1_64' title='bbox 1588 1287 1764 1360; x_wconf 77' lang='lat' dir='ltr'><strong>Miltmbery</strong></span> <span class='ocrx_word' id='word_1_65' title='bbox 1785 1287 1848 1366; x_wconf 87' lang='grc' dir='ltr'>(Β).</span> 
     </span>
    </p>
   </div>
   <div class='ocr_carea' id='block_1_5' title="bbox 302 1421 1293 1496">
    <p class='ocr_par' dir='ltr' id='par_1_5' title="bbox 302 1421 1293 1496">
     <span class='ocr_line' id='line_1_8' title="bbox 302 1421 1293 1496; baseline -0.001 -15"><span class='ocrx_word' id='word_1_66' title='bbox 302 1421 430 1494; x_wconf 78' lang='lat' dir='ltr'><strong>Stumps</strong></span> <span class='ocrx_word' id='word_1_67' title='bbox 448 1421 522 1481; x_wconf 71' lang='lat' dir='ltr'><strong>Atta</strong></span> <span class='ocrx_word' id='word_1_68' title='bbox 544 1421 621 1482; x_wconf 80' lang='lat' dir='ltr'><strong>ined.</strong></span> <span class='ocrx_word' id='word_1_69' title='bbox 645 1425 664 1482; x_wconf 90' lang='lat'><em>5</em></span> <span class='ocrx_word' id='word_1_70' title='bbox 685 1428 720 1480; x_wconf 77' lang='lat' dir='ltr'><strong>a⁰</strong></span> <span class='ocrx_word' id='word_1_71' title='bbox 742 1428 763 1482; x_wconf 88' lang='grc'><em>3</em></span> <span class='ocrx_word' id='word_1_72' title='bbox 785 1439 841 1480; x_wconf 81' lang='lat' dir='ltr'><strong>oua</strong></span> <span class='ocrx_word' id='word_1_73' title='bbox 863 1424 901 1482; x_wconf 82' lang='lat' dir='ltr'><strong>A.</strong></span> <span class='ocrx_word' id='word_1_74' title='bbox 928 1456 965 1465; x_wconf 90' lang='lat'><em>-</em></span> <span class='ocrx_word' id='word_1_75' title='bbox 1002 1422 1130 1496; x_wconf 79' lang='lat' dir='ltr'><strong>Stampf</strong></span> <span class='ocrx_word' id='word_1_76' title='bbox 1146 1425 1219 1496; x_wconf 71' lang='lat' dir='ltr'><strong>Ray.</strong></span> <span class='ocrx_word' id='word_1_77' title='bbox 1244 1426 1293 1482; x_wconf 83' lang='lat'><strong>65.</strong></span> 
     </span>
    </p>
   </div>
   <div class='ocr_carea' id='block_1_6' title="bbox 301 1561 1487 1634">
    <p class='ocr_par' dir='ltr' id='par_1_6' title="bbox 301 1561 1487 1634">
     <span class='ocr_line' id='line_1_9' title="bbox 301 1561 1487 1634; baseline -0.004 -10"><span class='ocrx_word' id='word_1_78' title='bbox 301 1565 386 1625; x_wconf 83' lang='lat' dir='ltr'><strong>Nacb</strong></span> <span class='ocrx_word' id='word_1_79' title='bbox 409 1566 489 1622; x_wconf 80' lang='lat' dir='ltr'><strong>einer</strong></span> <span class='ocrx_word' id='word_1_80' title='bbox 510 1563 561 1619; x_wconf 83' lang='lat' dir='ltr'><strong>der</strong></span> <span class='ocrx_word' id='word_1_81' title='bbox 582 1562 693 1619; x_wconf 77' lang='lat' dir='ltr'><strong>dltcrea</strong></span> <span class='ocrx_word' id='word_1_82' title='bbox 715 1561 778 1619; x_wconf 80' lang='lat' dir='ltr'><strong>aad</strong></span> <span class='ocrx_word' id='word_1_83' title='bbox 809 1561 961 1634; x_wconf 73' lang='lat' dir='ltr'><strong>ollqemein</strong></span> <span class='ocrx_word' id='word_1_84' title='bbox 982 1563 1168 1619; x_wconf 79' lang='lat' dir='ltr'><strong>rerbreiteteo</strong></span> <span class='ocrx_word' id='word_1_85' title='bbox 1189 1561 1330 1619; x_wconf 80' lang='lat' dir='ltr'><strong>Formela</strong></span> <span class='ocrx_word' id='word_1_86' title='bbox 1352 1561 1487 1633; x_wconf 80' lang='lat' dir='ltr'><strong>cerfosst.</strong></span> 
     </span>
    </p>
   </div>
   <div class='ocr_carea' id='block_1_7' title="bbox 149 1744 1850 2866">
    <p class='ocr_par' dir='ltr' id='par_1_7' title="bbox 149 1744 1850 2866">
     <span class='ocr_line' id='line_1_10' title="bbox 405 1744 1849 1813; baseline 0.001 -1"><span class='ocrx_word' id='word_1_87' title='bbox 405 1749 444 1812; x_wconf 91' lang='lat' dir='ltr'><strong>ln</strong></span> <span class='ocrx_word' id='word_1_88' title='bbox 472 1750 604 1812; x_wconf 91' lang='lat' dir='ltr'><strong>nomine</strong></span> <span class='ocrx_word' id='word_1_89' title='bbox 633 1757 765 1811; x_wconf 89' lang='lat' dir='ltr'><strong>sanctae</strong></span> <span class='ocrx_word' id='word_1_90' title='bbox 796 1758 828 1812; x_wconf 92' lang='lat' dir='ltr'><strong>et</strong></span> <span class='ocrx_word' id='word_1_91' title='bbox 854 1746 1042 1812; x_wconf 83' lang='lat' dir='ltr'><strong>individuae</strong></span> <span class='ocrx_word' id='word_1_92' title='bbox 1070 1749 1233 1811; x_wconf 79' lang='lat' dir='ltr'><strong>trinitatis,</strong></span> <span class='ocrx_word' id='word_1_93' title='bbox 1279 1744 1357 1810; x_wconf 87' lang='lat' dir='ltr'><strong>Otto</strong></span> <span class='ocrx_word' id='word_1_94' title='bbox 1388 1746 1499 1811; x_wconf 86' lang='lat' dir='ltr'><strong>divina</strong></span> <span class='ocrx_word' id='word_1_95' title='bbox 1526 1748 1656 1812; x_wconf 87' lang='lat' dir='ltr'><strong>favente</strong></span> <span class='ocrx_word' id='word_1_96' title='bbox 1678 1748 1849 1813; x_wconf 88' lang='lat' dir='ltr'><strong>elementia</strong></span> 
     </span>
     <span class='ocr_line' id='line_1_11' title="bbox 151 1851 1850 1937; baseline 0.001 -21"><span class='ocrx_word' id='word_1_97' title='bbox 151 1875 182 1922; x_wconf 83' lang='lat' dir='ltr'><strong>ro</strong></span> <span class='ocrx_word' id='word_1_98' title='bbox 200 1875 268 1917; x_wconf 84' lang='lat' dir='ltr'><strong>rex.</strong></span> <span class='ocrx_word' id='word_1_99' title='bbox 351 1852 487 1915; x_wconf 81' lang='lat' dir='ltr'><strong>Noverit</strong></span> <span class='ocrx_word' id='word_1_100' title='bbox 506 1854 648 1915; x_wconf 88' lang='lat' dir='ltr'><strong>omnium</strong></span> <span class='ocrx_word' id='word_1_101' title='bbox 671 1851 816 1915; x_wconf 90' lang='lat' dir='ltr'><strong>fidelium</strong></span> <span class='ocrx_word' id='word_1_102' title='bbox 838 1861 1022 1915; x_wconf 90' lang='lat' dir='ltr'><strong>nostrorum</strong></span> <span class='ocrx_word' id='word_1_103' title='bbox 1045 1860 1113 1913; x_wconf 90' lang='lat' dir='ltr'><strong>tam</strong></span> <span class='ocrx_word' id='word_1_104' title='bbox 1136 1852 1333 1934; x_wconf 87' lang='lat' dir='ltr'><strong>presentium</strong></span> <span class='ocrx_word' id='word_1_105' title='bbox 1356 1873 1454 1937; x_wconf 91' lang='lat' dir='ltr'><strong>quam</strong></span> <span class='ocrx_word' id='word_1_106' title='bbox 1477 1852 1658 1916; x_wconf 89' lang='lat' dir='ltr'><strong>futurorum</strong></span> <span class='ocrx_word' id='word_1_107' title='bbox 1680 1852 1850 1936; x_wconf 82' lang='lat' dir='ltr'><strong>industria,</strong></span> 
     </span>
     <span class='ocr_line' id='line_1_12' title="bbox 200 1947 1850 2040; baseline 0.001 -23"><span class='ocrx_word' id='word_1_108' title='bbox 200 1953 338 2039; x_wconf 83' lang='lat' dir='ltr'><strong>qualiter</strong></span> <span class='ocrx_word' id='word_1_109' title='bbox 366 1977 426 2017; x_wconf 91' lang='lat' dir='ltr'><strong>nos</strong></span> <span class='ocrx_word' id='word_1_110' title='bbox 457 1952 497 2018; x_wconf 93' lang='lat' dir='ltr'><strong>ob</strong></span> <span class='ocrx_word' id='word_1_111' title='bbox 525 1955 739 2017; x_wconf 76' lang='lat' dir='ltr'><strong>interventum</strong></span> <span class='ocrx_word' id='word_1_112' title='bbox 761 1952 951 2035; x_wconf 88' lang='lat' dir='ltr'><strong>Richogowi</strong></span> <span class='ocrx_word' id='word_1_113' title='bbox 980 1963 1091 2016; x_wconf 90' lang='lat' dir='ltr'><strong>sancte</strong></span> <span class='ocrx_word' id='word_1_114' title='bbox 1115 1951 1365 2016; x_wconf 89' lang='lat' dir='ltr'><strong>Wormatiensis</strong></span> <span class='ocrx_word' id='word_1_115' title='bbox 1394 1952 1530 2017; x_wconf 82' lang='lat' dir='ltr'><strong>ecclesie</strong></span> <span class='ocrx_word' id='word_1_116' title='bbox 1560 1947 1754 2017; x_wconf 88' lang='lat' dir='ltr'><strong>venerabilis</strong></span> <span class='ocrx_word' id='word_1_117' title='bbox 1783 1957 1850 2040; x_wconf 87' lang='lat' dir='ltr'><strong>epi-</strong></span> 
     </span>
     <span class='ocr_line' id='line_1_13' title="bbox 199 2054 1849 2143; baseline 0.001 -23"><span class='ocrx_word' id='word_1_118' title='bbox 199 2059 291 2142; x_wconf 82' lang='lat' dir='ltr'><strong>scopi</strong></span> <span class='ocrx_word' id='word_1_119' title='bbox 312 2079 373 2120; x_wconf 89' lang='lat' dir='ltr'><strong>nec</strong></span> <span class='ocrx_word' id='word_1_120' title='bbox 396 2079 463 2121; x_wconf 91' lang='lat' dir='ltr'><strong>non</strong></span> <span class='ocrx_word' id='word_1_121' title='bbox 483 2056 644 2120; x_wconf 74' lang='lat' dir='ltr'><strong>Hattoni³</strong></span> <span class='ocrx_word' id='word_1_122' title='bbox 678 2055 786 2120; x_wconf 91' lang='lat' dir='ltr'><strong>dilecti</strong></span> <span class='ocrx_word' id='word_1_123' title='bbox 816 2057 944 2119; x_wconf 90' lang='lat' dir='ltr'><strong>comitis</strong></span> <span class='ocrx_word' id='word_1_124' title='bbox 974 2057 1075 2119; x_wconf 92' lang='lat' dir='ltr'><strong>nostri</strong></span> <span class='ocrx_word' id='word_1_125' title='bbox 1106 2054 1265 2140; x_wconf 85' lang='lat' dir='ltr'><strong>quasdam</strong></span> <span class='ocrx_word' id='word_1_126' title='bbox 1298 2079 1366 2138; x_wconf 81' lang='lat' dir='ltr'><strong>rea,</strong></span> <span class='ocrx_word' id='word_1_127' title='bbox 1401 2067 1524 2121; x_wconf 88' lang='lat' dir='ltr'><strong>curtem</strong></span> <span class='ocrx_word' id='word_1_128' title='bbox 1553 2057 1677 2121; x_wconf 89' lang='lat' dir='ltr'><strong>scilicet</strong></span> <span class='ocrx_word' id='word_1_129' title='bbox 1705 2060 1740 2121; x_wconf 93' lang='lat' dir='ltr'><strong>in</strong></span> <span class='ocrx_word' id='word_1_130' title='bbox 1763 2080 1849 2143; x_wconf 85' lang='lat' dir='ltr'><strong>pago</strong></span> 
     </span>
     <span class='ocr_line' id='line_1_14' title="bbox 198 2158 1849 2244; baseline 0.001 -20"><span class='ocrx_word' id='word_1_131' title='bbox 198 2161 365 2244; x_wconf 82' lang='lat' dir='ltr'><strong>Nahgowe</strong></span> <span class='ocrx_word' id='word_1_132' title='bbox 388 2163 421 2224; x_wconf 90' lang='lat' dir='ltr'><strong>in</strong></span> <span class='ocrx_word' id='word_1_133' title='bbox 444 2162 600 2224; x_wconf 84' lang='lat' dir='ltr'><strong>comitatu</strong></span> <span class='ocrx_word' id='word_1_134' title='bbox 616 2158 801 2224; x_wconf 87' lang='lat' dir='ltr'><strong>Eburhardi</strong></span> <span class='ocrx_word' id='word_1_135' title='bbox 825 2161 953 2223; x_wconf 91' lang='lat' dir='ltr'><strong>comitis</strong></span> <span class='ocrx_word' id='word_1_136' title='bbox 976 2161 1009 2222; x_wconf 91' lang='lat' dir='ltr'><strong>in</strong></span> <span class='ocrx_word' id='word_1_137' title='bbox 1024 2158 1103 2222; x_wconf 83' lang='lat' dir='ltr'><strong>villa</strong></span> <span class='ocrx_word' id='word_1_138' title='bbox 1119 2181 1176 2222; x_wconf 89' lang='lat' dir='ltr'><strong>seu</strong></span> <span class='ocrx_word' id='word_1_139' title='bbox 1191 2182 1302 2224; x_wconf 90' lang='lat' dir='ltr'><strong>maroa</strong></span> <span class='ocrx_word' id='word_1_140' title='bbox 1317 2159 1568 2224; x_wconf 88' lang='lat' dir='ltr'><strong>Winteresheim</strong></span> <span class='ocrx_word' id='word_1_141' title='bbox 1583 2182 1627 2224; x_wconf 82' lang='lat' dir='ltr'><strong>ex</strong></span> <span class='ocrx_word' id='word_1_142' title='bbox 1641 2161 1721 2225; x_wconf 92' lang='lat' dir='ltr'><strong>fisco</strong></span> <span class='ocrx_word' id='word_1_143' title='bbox 1737 2172 1849 2226; x_wconf 89' lang='lat' dir='ltr'><strong>nostro</strong></span> 
     </span>
     <span class='ocr_line' id='line_1_15' title="bbox 198 2260 1850 2349; baseline 0.001 -22"><span class='ocrx_word' id='word_1_144' title='bbox 198 2263 417 2346; x_wconf 88' lang='lat' dir='ltr'><strong>Ingelenheim</strong></span> <span class='ocrx_word' id='word_1_145' title='bbox 440 2285 514 2326; x_wconf 94' lang='lat' dir='ltr'><strong>cum</strong></span> <span class='ocrx_word' id='word_1_146' title='bbox 539 2260 688 2326; x_wconf 90' lang='lat' dir='ltr'><strong>omnibus</strong></span> <span class='ocrx_word' id='word_1_147' title='bbox 712 2264 778 2325; x_wconf 88' lang='lat' dir='ltr'><strong>suis</strong></span> <span class='ocrx_word' id='word_1_148' title='bbox 802 2262 979 2325; x_wconf 87' lang='lat' dir='ltr'><strong>attinentiis</strong></span> <span class='ocrx_word' id='word_1_149' title='bbox 987 2310 996 2342; x_wconf 87' lang='lat'><em>,</em></span> <span class='ocrx_word' id='word_1_150' title='bbox 1030 2260 1064 2324; x_wconf 93' lang='lat' dir='ltr'><strong>id</strong></span> <span class='ocrx_word' id='word_1_151' title='bbox 1086 2271 1135 2324; x_wconf 86' lang='lat' dir='ltr'><strong>est</strong></span> <span class='ocrx_word' id='word_1_152' title='bbox 1157 2263 1330 2346; x_wconf 86' lang='lat' dir='ltr'><strong>mancipiis</strong></span> <span class='ocrx_word' id='word_1_153' title='bbox 1353 2262 1490 2327; x_wconf 89' lang='lat' dir='ltr'><strong>edificiis</strong></span> <span class='ocrx_word' id='word_1_154' title='bbox 1514 2265 1600 2346; x_wconf 86' lang='lat' dir='ltr'><strong>agris</strong></span> <span class='ocrx_word' id='word_1_155' title='bbox 1623 2266 1725 2349; x_wconf 88' lang='lat' dir='ltr'><strong>pratis</strong></span> <span class='ocrx_word' id='word_1_156' title='bbox 1747 2266 1850 2329; x_wconf 91' lang='lat' dir='ltr'><strong>vineis</strong></span> 
     </span>
     <span class='ocr_line' id='line_1_16' title="bbox 149 2363 1849 2454; baseline 0.001 -25"><span class='ocrx_word' id='word_1_157' title='bbox 149 2371 180 2417; x_wconf 81' lang='lat'><strong>15</strong></span> <span class='ocrx_word' id='word_1_158' title='bbox 198 2367 328 2449; x_wconf 81' lang='lat' dir='ltr'><strong>pascuis</strong></span> <span class='ocrx_word' id='word_1_159' title='bbox 352 2363 441 2427; x_wconf 87' lang='lat' dir='ltr'><strong>silvis</strong></span> <span class='ocrx_word' id='word_1_160' title='bbox 464 2366 558 2448; x_wconf 85' lang='lat' dir='ltr'><strong>aquis</strong></span> <span class='ocrx_word' id='word_1_161' title='bbox 581 2385 779 2449; x_wconf 87' lang='lat' dir='ltr'><strong>aquarumve</strong></span> <span class='ocrx_word' id='word_1_162' title='bbox 802 2363 993 2429; x_wconf 85' lang='lat' dir='ltr'><strong>decursibus</strong></span> <span class='ocrx_word' id='word_1_163' title='bbox 1016 2364 1157 2428; x_wconf 86' lang='lat' dir='ltr'><strong>exitibus</strong></span> <span class='ocrx_word' id='word_1_164' title='bbox 1181 2376 1213 2429; x_wconf 94' lang='lat' dir='ltr'><strong>et</strong></span> <span class='ocrx_word' id='word_1_165' title='bbox 1234 2365 1415 2431; x_wconf 88' lang='lat' dir='ltr'><strong>redditibus</strong></span> <span class='ocrx_word' id='word_1_166' title='bbox 1437 2368 1570 2451; x_wconf 88' lang='lat' dir='ltr'><strong>quesitis</strong></span> <span class='ocrx_word' id='word_1_167' title='bbox 1588 2377 1621 2430; x_wconf 90' lang='lat' dir='ltr'><strong>et</strong></span> <span class='ocrx_word' id='word_1_168' title='bbox 1638 2368 1849 2454; x_wconf 86' lang='lat' dir='ltr'><strong>inquirendis,</strong></span> 
     </span>
     <span class='ocr_line' id='line_1_17' title="bbox 198 2468 1850 2555; baseline 0 -21"><span class='ocrx_word' id='word_1_169' title='bbox 198 2469 334 2534; x_wconf 89' lang='lat' dir='ltr'><strong>ecclesie</strong></span> <span class='ocrx_word' id='word_1_170' title='bbox 364 2471 466 2533; x_wconf 88' lang='lat' dir='ltr'><strong>sancti</strong></span> <span class='ocrx_word' id='word_1_171' title='bbox 495 2468 615 2533; x_wconf 87' lang='lat' dir='ltr'><strong>Albani</strong></span> <span class='ocrx_word' id='word_1_172' title='bbox 645 2469 723 2533; x_wconf 85' lang='lat' dir='ltr'><strong>foris</strong></span> <span class='ocrx_word' id='word_1_173' title='bbox 751 2491 879 2533; x_wconf 91' lang='lat' dir='ltr'><strong>murum</strong></span> <span class='ocrx_word' id='word_1_174' title='bbox 903 2470 1094 2552; x_wconf 88' lang='lat' dir='ltr'><strong>Maguntine</strong></span> <span class='ocrx_word' id='word_1_175' title='bbox 1123 2471 1263 2534; x_wconf 89' lang='lat' dir='ltr'><strong>civitatis</strong></span> <span class='ocrx_word' id='word_1_176' title='bbox 1294 2480 1479 2534; x_wconf 86' lang='lat' dir='ltr'><strong>constructe</strong></span> <span class='ocrx_word' id='word_1_177' title='bbox 1501 2472 1535 2534; x_wconf 90' lang='lat' dir='ltr'><strong>in</strong></span> <span class='ocrx_word' id='word_1_178' title='bbox 1557 2472 1725 2555; x_wconf 91' lang='lat' dir='ltr'><strong>proprium</strong></span> <span class='ocrx_word' id='word_1_179' title='bbox 1749 2470 1850 2535; x_wconf 85' lang='lat' dir='ltr'><strong>doua-</strong></span> 
     </span>
     <span class='ocr_line' id='line_1_18' title="bbox 198 2571 1849 2656; baseline 0 -18"><span class='ocrx_word' id='word_1_180' title='bbox 198 2597 279 2639; x_wconf 88' lang='lat' dir='ltr'><strong>mus.</strong></span> <span class='ocrx_word' id='word_1_181' title='bbox 316 2573 360 2636; x_wconf 87' lang='lat' dir='ltr'><strong>Et</strong></span> <span class='ocrx_word' id='word_1_182' title='bbox 381 2583 417 2637; x_wconf 93' lang='lat' dir='ltr'><strong>ut</strong></span> <span class='ocrx_word' id='word_1_183' title='bbox 438 2572 498 2636; x_wconf 89' lang='lat' dir='ltr'><strong>hee</strong></span> <span class='ocrx_word' id='word_1_184' title='bbox 520 2583 629 2636; x_wconf 89' lang='lat' dir='ltr'><strong>nostre</strong></span> <span class='ocrx_word' id='word_1_185' title='bbox 653 2571 882 2635; x_wconf 80' lang='lat' dir='ltr'><strong>auctoritatisb</strong></span> <span class='ocrx_word' id='word_1_186' title='bbox 911 2573 1043 2637; x_wconf 90' lang='lat' dir='ltr'><strong>traditio</strong></span> <span class='ocrx_word' id='word_1_187' title='bbox 1075 2576 1108 2637; x_wconf 92' lang='lat' dir='ltr'><strong>in</strong></span> <span class='ocrx_word' id='word_1_188' title='bbox 1138 2574 1282 2638; x_wconf 87' lang='lat' dir='ltr'><strong>futurum</strong></span> <span class='ocrx_word' id='word_1_189' title='bbox 1311 2574 1405 2639; x_wconf 88' lang='lat' dir='ltr'><strong>firma</strong></span> <span class='ocrx_word' id='word_1_190' title='bbox 1428 2577 1469 2638; x_wconf 87' lang='lat' dir='ltr'><strong>sit</strong></span> <span class='ocrx_word' id='word_1_191' title='bbox 1492 2583 1523 2637; x_wconf 89' lang='lat' dir='ltr'><strong>et</strong></span> <span class='ocrx_word' id='word_1_192' title='bbox 1544 2574 1752 2656; x_wconf 86' lang='lat' dir='ltr'><strong>inconvulsa,</strong></span> <span class='ocrx_word' id='word_1_193' title='bbox 1786 2574 1849 2638; x_wconf 90' lang='lat' dir='ltr'><strong>hoc</strong></span> 
     </span>
     <span class='ocr_line' id='line_1_19' title="bbox 178 2670 1849 2762; baseline -0.001 -21"><span class='ocrx_word' id='word_1_194' title='bbox 178 2670 186 2691; x_wconf 76' lang='lat'><strong>⁹</strong></span> <span class='ocrx_word' id='word_1_195' title='bbox 198 2686 385 2762; x_wconf 88' lang='lat' dir='ltr'><strong>preceptum</strong></span> <span class='ocrx_word' id='word_1_196' title='bbox 407 2675 570 2740; x_wconf 91' lang='lat' dir='ltr'><strong>conscribi</strong></span> <span class='ocrx_word' id='word_1_197' title='bbox 592 2677 744 2739; x_wconf 87' lang='lat' dir='ltr'><strong>iussimus</strong></span> <span class='ocrx_word' id='word_1_198' title='bbox 774 2675 949 2760; x_wconf 75' lang='lat' dir='ltr'><strong>annidique</strong></span> <span class='ocrx_word' id='word_1_199' title='bbox 977 2678 1078 2739; x_wconf 88' lang='lat' dir='ltr'><strong>nostri</strong></span> <span class='ocrx_word' id='word_1_200' title='bbox 1108 2679 1319 2760; x_wconf 89' lang='lat' dir='ltr'><strong>impressione</strong></span> <span class='ocrx_word' id='word_1_201' title='bbox 1348 2675 1552 2740; x_wconf 89' lang='lat' dir='ltr'><strong>corroborari</strong></span> <span class='ocrx_word' id='word_1_202' title='bbox 1582 2697 1746 2760; x_wconf 89' lang='lat' dir='ltr'><strong>manuque</strong></span> <span class='ocrx_word' id='word_1_203' title='bbox 1774 2698 1849 2760; x_wconf 92' lang='lat' dir='ltr'><strong>pro-</strong></span> 
     </span>
     <span class='ocr_line' id='line_1_20' title="bbox 198 2778 637 2866; baseline -0.007 -22"><span class='ocrx_word' id='word_1_204' title='bbox 198 2783 269 2866; x_wconf 87' lang='lat' dir='ltr'><strong>pria</strong></span> <span class='ocrx_word' id='word_1_205' title='bbox 292 2778 406 2845; x_wconf 90' lang='lat' dir='ltr'><strong>subtus</strong></span> <span class='ocrx_word' id='word_1_206' title='bbox 427 2779 637 2844; x_wconf 88' lang='lat' dir='ltr'><strong>firmavimus.</strong></span> 
     </span>
    </p>
   </div>
   <div class='ocr_carea' id='block_1_8' title="bbox 148 2916 1075 2999">
    <p class='ocr_par' dir='ltr' id='par_1_8' title="bbox 148 2916 1075 2999">
     <span class='ocr_line' id='line_1_21' title="bbox 148 2916 1075 2999; baseline -0.005 -16"><span class='ocrx_word' id='word_1_207' title='bbox 148 2918 182 2965; x_wconf 72' lang='lat'><strong>2⁰</strong></span> <span class='ocrx_word' id='word_1_208' title='bbox 302 2916 437 2999; x_wconf 83' lang='lat' dir='ltr'><strong>Signum</strong></span> <span class='ocrx_word' id='word_1_209' title='bbox 460 2918 582 2982; x_wconf 91' lang='lat' dir='ltr'><strong>domini</strong></span> <span class='ocrx_word' id='word_1_210' title='bbox 607 2916 738 2981; x_wconf 91' lang='lat' dir='ltr'><strong>Ottonis</strong></span> <span class='ocrx_word' id='word_1_211' title='bbox 762 2916 957 2980; x_wconf 87' lang='lat' dir='ltr'><strong>serenissimi</strong></span> <span class='ocrx_word' id='word_1_212' title='bbox 980 2917 1075 2999; x_wconf 86' lang='lat' dir='ltr'><strong>regis.</strong></span> 
     </span>
    </p>
   </div>
   <div class='ocr_carea' id='block_1_9' title="bbox 197 3033 1846 3244">
    <p class='ocr_par' dir='ltr' id='par_1_9' title="bbox 197 3033 1846 3244">
     <span class='ocr_line' id='line_1_22' title="bbox 301 3033 1846 3137; baseline 0.001 -19"><span class='ocrx_word' id='word_1_213' title='bbox 301 3054 391 3118; x_wconf 90' lang='lat' dir='ltr'><strong>Data</strong></span> <span class='ocrx_word' id='word_1_214' title='bbox 411 3072 459 3119; x_wconf 87' lang='lat' dir='ltr'><strong>lv.</strong></span> <span class='ocrx_word' id='word_1_215' title='bbox 482 3054 549 3118; x_wconf 89' lang='lat' dir='ltr'><strong>kal.</strong></span> <span class='ocrx_word' id='word_1_216' title='bbox 572 3057 651 3119; x_wconf 92' lang='lat' dir='ltr'><strong>iunii</strong></span> <span class='ocrx_word' id='word_1_217' title='bbox 675 3075 761 3117; x_wconf 90' lang='lat' dir='ltr'><strong>anno</strong></span> <span class='ocrx_word' id='word_1_218' title='bbox 784 3054 1018 3118; x_wconf 85' lang='lat' dir='ltr'><strong>incarnationis</strong></span> <span class='ocrx_word' id='word_1_219' title='bbox 1042 3053 1163 3118; x_wconf 92' lang='lat' dir='ltr'><strong>domini</strong></span> <span class='ocrx_word' id='word_1_220' title='bbox 1186 3069 1439 3137; x_wconf 74' lang='lat' dir='ltr'><strong>nccccxxxtm,</strong></span> <span class='ocrx_word' id='word_1_221' title='bbox 1463 3053 1640 3118; x_wconf 89' lang='lat' dir='ltr'><strong>indictione</strong></span> <span class='ocrx_word' id='word_1_222' title='bbox 1663 3071 1705 3136; x_wconf 81' lang='lat' dir='ltr'><strong>x3</strong></span> <span class='ocrx_word' id='word_1_223' title='bbox 1736 3033 1846 3119; x_wconf 85' lang='lat' dir='ltr'><strong>aetum</strong></span> 
     </span>
     <span class='ocr_line' id='line_1_23' title="bbox 197 3157 1161 3244; baseline -0.002 -22"><span class='ocrx_word' id='word_1_224' title='bbox 197 3161 232 3222; x_wconf 91' lang='lat' dir='ltr'><strong>in</strong></span> <span class='ocrx_word' id='word_1_225' title='bbox 254 3158 474 3243; x_wconf 75' lang='lat' dir='ltr'><strong>lagelenheim</strong></span> <span class='ocrx_word' id='word_1_226' title='bbox 496 3158 618 3244; x_wconf 86' lang='lat' dir='ltr'><strong>palatio</strong></span> <span class='ocrx_word' id='word_1_227' title='bbox 642 3160 749 3242; x_wconf 78' lang='lat' dir='ltr'><strong>regi03</strong></span> <span class='ocrx_word' id='word_1_228' title='bbox 771 3159 805 3221; x_wconf 90' lang='lat' dir='ltr'><strong>in</strong></span> <span class='ocrx_word' id='word_1_229' title='bbox 828 3157 879 3221; x_wconf 91' lang='lat' dir='ltr'><strong>dei</strong></span> <span class='ocrx_word' id='word_1_230' title='bbox 903 3159 1033 3221; x_wconf 89' lang='lat' dir='ltr'><strong>nomine</strong></span> <span class='ocrx_word' id='word_1_231' title='bbox 1056 3179 1161 3221; x_wconf 86' lang='lat' dir='ltr'><strong>amen.</strong></span> 
     </span>
    </p>
   </div>
   <div class='ocr_carea' id='block_1_10' title="bbox 996 3395 1057 3475">
    <p class='ocr_par' dir='ltr' id='par_1_10' title="bbox 996 3395 1057 3475">
     <span class='ocr_line' id='line_1_24' title="bbox 996 3395 1057 3475; baseline 0.082 -6"><span class='ocrx_word' id='word_1_232' title='bbox 996 3395 1057 3475; x_wconf 82' lang='lat'><strong>10.</strong></span> 
     </span>
    </p>
   </div>
   <div class='ocr_carea' id='block_1_11' title="bbox 149 3549 1850 3782">
    <p class='ocr_par' dir='ltr' id='par_1_11' title="bbox 149 3549 1850 3782">
     <span class='ocr_line' id='line_1_25' title="bbox 206 3549 1850 3630; baseline -0.005 0"><span class='ocrx_word' id='word_1_233' title='bbox 206 3554 286 3630; x_wconf 85' lang='lat' dir='ltr'><strong>Otto</strong></span> <span class='ocrx_word' id='word_1_234' title='bbox 308 3553 449 3628; x_wconf 80' lang='lat' dir='ltr'><strong>sebenkt</strong></span> <span class='ocrx_word' id='word_1_235' title='bbox 470 3554 535 3626; x_wconf 74' lang='lat' dir='ltr'><strong>cler</strong></span> <span class='ocrx_word' id='word_1_236' title='bbox 555 3553 687 3627; x_wconf 81' lang='lat' dir='ltr'><strong>Kircltc</strong></span> <span class='ocrx_word' id='word_1_237' title='bbox 710 3553 769 3626; x_wconf 80' lang='lat' dir='ltr'><strong>clas</strong></span> <span class='ocrx_word' id='word_1_238' title='bbox 791 3552 823 3625; x_wconf 77' lang='lat' dir='ltr'><strong>lt.</strong></span> <span class='ocrx_word' id='word_1_239' title='bbox 849 3552 977 3625; x_wconf 85' lang='lat' dir='ltr'><strong>Petrus</strong></span> <span class='ocrx_word' id='word_1_240' title='bbox 999 3578 1044 3624; x_wconf 82' lang='lat' dir='ltr'><strong>zu</strong></span> <span class='ocrx_word' id='word_1_241' title='bbox 1066 3551 1203 3624; x_wconf 84' lang='lat' dir='ltr'><strong>Worms</strong></span> <span class='ocrx_word' id='word_1_242' title='bbox 1226 3550 1284 3623; x_wconf 84' lang='lat' dir='ltr'><strong>die</strong></span> <span class='ocrx_word' id='word_1_243' title='bbox 1307 3549 1469 3624; x_wconf 75' lang='lat' dir='ltr'><strong>Basilica</strong></span> <span class='ocrx_word' id='word_1_244' title='bbox 1491 3549 1747 3624; x_wconf 77' lang='lat' dir='ltr'><strong>Neualtireben</strong></span> <span class='ocrx_word' id='word_1_245' title='bbox 1770 3549 1850 3622; x_wconf 73' lang='lat' dir='ltr'><strong>tend</strong></span> 
     </span>
     <span class='ocr_line' id='line_1_26' title="bbox 149 3673 1803 3782; baseline -0.004 -35"><span class='ocrx_word' id='word_1_246' title='bbox 149 3706 182 3754; x_wconf 79' lang='lat'><strong>25</strong></span> <span class='ocrx_word' id='word_1_247' title='bbox 201 3677 280 3747; x_wconf 82' lang='lat' dir='ltr'><strong>eine</strong></span> <span class='ocrx_word' id='word_1_248' title='bbox 300 3674 525 3772; x_wconf 70' lang='lat' dir='ltr'><strong>Konipsltufc</strong></span> <span class='ocrx_word' id='word_1_249' title='bbox 548 3674 597 3745; x_wconf 81' lang='lat' dir='ltr'><strong>im</strong></span> <span class='ocrx_word' id='word_1_250' title='bbox 619 3673 812 3770; x_wconf 71' lang='lat' dir='ltr'><strong>Nobeyau.</strong></span> <span class='ocrx_word' id='word_1_251' title='bbox 1391 3709 1552 3782; x_wconf 63' lang='lat' dir='ltr'><strong>[sudham</strong></span> <span class='ocrx_word' id='word_1_252' title='bbox 1574 3712 1639 3768; x_wconf 86' lang='lat'><strong>937</strong></span> <span class='ocrx_word' id='word_1_253' title='bbox 1661 3709 1730 3767; x_wconf 59' lang='lat' dir='ltr'><strong>Ma,-</strong></span> <span class='ocrx_word' id='word_1_254' title='bbox 1751 3711 1803 3768; x_wconf 40' lang='lat'><strong>30·</strong></span> 
     </span>
    </p>
   </div>
   <div class='ocr_carea' id='block_1_12' title="bbox 300 3893 1847 3975">
    <p class='ocr_par' dir='ltr' id='par_1_12' title="bbox 300 3893 1847 3975">
     <span class='ocr_line' id='line_1_27' title="bbox 300 3893 1847 3975; baseline -0.005 -15"><span class='ocrx_word' id='word_1_255' title='bbox 300 3899 432 3960; x_wconf 70' lang='lat' dir='ltr'><strong>Cbonul.</strong></span> <span class='ocrx_word' id='word_1_256' title='bbox 454 3901 595 3959; x_wconf 84' lang='lat' dir='ltr'><strong>Wormot.</strong></span> <span class='ocrx_word' id='word_1_257' title='bbox 611 3895 671 3958; x_wconf 57' lang='lat' dir='ltr'><strong>&#39;aus</strong></span> <span class='ocrx_word' id='word_1_258' title='bbox 687 3898 740 3956; x_wconf 84' lang='lat' dir='ltr'><strong>der</strong></span> <span class='ocrx_word' id='word_1_259' title='bbox 754 3898 844 3957; x_wconf 85' lang='lat' dir='ltr'><strong>Mitte</strong></span> <span class='ocrx_word' id='word_1_260' title='bbox 858 3897 907 3957; x_wconf 82' lang='lat' dir='ltr'><strong>dea</strong></span> <span class='ocrx_word' id='word_1_261' title='bbox 930 3902 980 3959; x_wconf 81' lang='lat'><strong>12.</strong></span> <span class='ocrx_word' id='word_1_262' title='bbox 999 3897 1051 3957; x_wconf 79' lang='lat' dir='ltr'><strong>Jh.</strong></span> <span class='ocrx_word' id='word_1_263' title='bbox 1076 3898 1100 3969; x_wconf 78' lang='lat' dir='ltr'><strong>f.</strong></span> <span class='ocrx_word' id='word_1_264' title='bbox 1118 3902 1159 3958; x_wconf 90' lang='lat'><strong>16</strong></span> <span class='ocrx_word' id='word_1_265' title='bbox 1182 3901 1215 3957; x_wconf 79' lang='lat' dir='ltr'><strong>in</strong></span> <span class='ocrx_word' id='word_1_266' title='bbox 1236 3899 1289 3957; x_wconf 81' lang='lat' dir='ltr'><strong>der</strong></span> <span class='ocrx_word' id='word_1_267' title='bbox 1310 3898 1521 3958; x_wconf 68' lang='lat' dir='ltr'><strong>titubaret</strong></span> <span class='ocrx_word' id='word_1_268' title='bbox 1542 3916 1583 3956; x_wconf 75' lang='lat' dir='ltr'><strong>zu</strong></span> <span class='ocrx_word' id='word_1_269' title='bbox 1605 3898 1765 3956; x_wconf 77' lang='lat' dir='ltr'><strong>Honnover</strong></span> <span class='ocrx_word' id='word_1_270' title='bbox 1785 3893 1847 3975; x_wconf 81' lang='grc'>(0).</span> 
     </span>
    </p>
   </div>
   <div class='ocr_carea' id='block_1_13' title="bbox 301 4034 1847 4212">
    <p class='ocr_par' dir='ltr' id='par_1_13' title="bbox 301 4034 1847 4212">
     <span class='ocr_line' id='line_1_28' title="bbox 302 4034 1847 4108; baseline -0.002 -12"><span class='ocrx_word' id='word_1_271' title='bbox 302 4037 380 4108; x_wconf 70' lang='lat' dir='ltr'><strong>Orio.</strong></span> <span class='ocrx_word' id='word_1_272' title='bbox 402 4034 502 4105; x_wconf 79' lang='lat' dir='ltr'><strong>Goelf.</strong></span> <span class='ocrx_word' id='word_1_273' title='bbox 521 4039 550 4104; x_wconf 80' lang='grc'><strong>4,</strong></span> <span class='ocrx_word' id='word_1_274' title='bbox 572 4038 637 4095; x_wconf 81' lang='lat'><strong>276</strong></span> <span class='ocrx_word' id='word_1_275' title='bbox 660 4034 759 4094; x_wconf 67' lang='lat' dir='ltr'><strong>aust*</strong></span> <span class='ocrx_word' id='word_1_276' title='bbox 782 4059 818 4086; x_wconf 69' lang='grc' dir='ltr'>ε</span> <span class='ocrx_word' id='word_1_277' title='bbox 843 4037 968 4094; x_wconf 74' lang='lat' dir='ltr'><strong>Krenwr</strong></span> <span class='ocrx_word' id='word_1_278' title='bbox 986 4035 1065 4108; x_wconf 62' lang='lat' dir='ltr'><strong>Oria.</strong></span> <span class='ocrx_word' id='word_1_279' title='bbox 1082 4035 1172 4094; x_wconf 84' lang='lat' dir='ltr'><strong>Nass.</strong></span> <span class='ocrx_word' id='word_1_280' title='bbox 1191 4039 1223 4105; x_wconf 82' lang='lat'><strong>2,</strong></span> <span class='ocrx_word' id='word_1_281' title='bbox 1248 4038 1410 4095; x_wconf 63' lang='lat'><strong>6521043.</strong></span> <span class='ocrx_word' id='word_1_282' title='bbox 1437 4067 1474 4078; x_wconf 90' lang='lat'><em>-</em></span> <span class='ocrx_word' id='word_1_283' title='bbox 1499 4035 1628 4093; x_wconf 80' lang='lat' dir='ltr'><strong>Bo&#39;bmer</strong></span> <span class='ocrx_word' id='word_1_284' title='bbox 1641 4035 1713 4108; x_wconf 72' lang='lat' dir='ltr'><strong>neq.</strong></span> <span class='ocrx_word' id='word_1_285' title='bbox 1731 4038 1781 4093; x_wconf 85' lang='lat'><strong>77.</strong></span> <span class='ocrx_word' id='word_1_286' title='bbox 1805 4065 1847 4076; x_wconf 95' lang='lat'>-</span> 
     </span>
     <span class='ocr_line' id='line_1_29' title="bbox 301 4139 1175 4212; baseline -0.006 -11"><span class='ocrx_word' id='word_1_287' title='bbox 301 4139 429 4212; x_wconf 78' lang='lat' dir='ltr'><strong>Stumps</strong></span> <span class='ocrx_word' id='word_1_288' title='bbox 447 4141 517 4212; x_wconf 71' lang='lat' dir='ltr'><strong>neq.</strong></span> <span class='ocrx_word' id='word_1_289' title='bbox 543 4143 593 4199; x_wconf 90' lang='grc'><strong>66.</strong></span> <span class='ocrx_word' id='word_1_290' title='bbox 620 4172 657 4182; x_wconf 97' lang='grc'>-</span> <span class='ocrx_word' id='word_1_291' title='bbox 686 4139 767 4199; x_wconf 76' lang='lat' dir='ltr'><strong>Gdrz</strong></span> <span class='ocrx_word' id='word_1_292' title='bbox 789 4139 981 4197; x_wconf 78' lang='lat' dir='ltr'><strong>Mittelrhcin.</strong></span> <span class='ocrx_word' id='word_1_293' title='bbox 1006 4140 1078 4211; x_wconf 76' lang='lat' dir='ltr'><strong>Ray.</strong></span> <span class='ocrx_word' id='word_1_294' title='bbox 1103 4143 1175 4198; x_wconf 73' lang='lat'><em>894.</em></span> 
     </span>
    </p>
   </div>
   <div class='ocr_carea' id='block_1_14' title="bbox 298 4276 1482 4349">
    <p class='ocr_par' dir='ltr' id='par_1_14' title="bbox 298 4276 1482 4349">
     <span class='ocr_line' id='line_1_30' title="bbox 298 4276 1482 4349; baseline -0.001 -13"><span class='ocrx_word' id='word_1_295' title='bbox 298 4278 384 4336; x_wconf 68' lang='lat' dir='ltr'><strong>Neela</strong></span> <span class='ocrx_word' id='word_1_296' title='bbox 407 4279 487 4335; x_wconf 77' lang='lat' dir='ltr'><strong>einer</strong></span> <span class='ocrx_word' id='word_1_297' title='bbox 509 4277 562 4336; x_wconf 84' lang='lat' dir='ltr'><strong>der</strong></span> <span class='ocrx_word' id='word_1_298' title='bbox 586 4277 696 4336; x_wconf 73' lang='lat' dir='ltr'><strong>olteren</strong></span> <span class='ocrx_word' id='word_1_299' title='bbox 719 4277 783 4334; x_wconf 79' lang='lat' dir='ltr'><strong>aad</strong></span> <span class='ocrx_word' id='word_1_300' title='bbox 804 4277 956 4349; x_wconf 62' lang='lat' dir='ltr'><strong>ellemari</strong></span> <span class='ocrx_word' id='word_1_301' title='bbox 978 4279 1164 4336; x_wconf 76' lang='lat' dir='ltr'><strong>scrbreitctea</strong></span> <span class='ocrx_word' id='word_1_302' title='bbox 1185 4278 1326 4336; x_wconf 78' lang='lat' dir='ltr'><strong>Formeln</strong></span> <span class='ocrx_word' id='word_1_303' title='bbox 1346 4276 1482 4349; x_wconf 79' lang='lat' dir='ltr'><strong>versosst.</strong></span> 
     </span>
    </p>
   </div>
   <div class='ocr_carea' id='block_1_15' title="bbox 72 4455 1849 4650">
    <p class='ocr_par' dir='ltr' id='par_1_15' title="bbox 72 4455 1849 4650">
     <span class='ocr_line' id='line_1_31' title="bbox 72 4455 1849 4527; baseline 0.002 -4"><span class='ocrx_word' id='word_1_304' title='bbox 72 4455 76 4458; x_wconf 64' lang='grc'><strong>’</strong></span> <span class='ocrx_word' id='word_1_305' title='bbox 147 4477 179 4524; x_wconf 86' lang='grc' dir='ltr'><strong>3ο</strong></span> <span class='ocrx_word' id='word_1_306' title='bbox 401 4463 440 4526; x_wconf 92' lang='lat' dir='ltr'><strong>In</strong></span> <span class='ocrx_word' id='word_1_307' title='bbox 474 4465 604 4527; x_wconf 89' lang='lat' dir='ltr'><strong>nomine</strong></span> <span class='ocrx_word' id='word_1_308' title='bbox 639 4473 750 4525; x_wconf 88' lang='lat' dir='ltr'><strong>sancte</strong></span> <span class='ocrx_word' id='word_1_309' title='bbox 783 4471 815 4524; x_wconf 90' lang='lat' dir='ltr'><strong>et</strong></span> <span class='ocrx_word' id='word_1_310' title='bbox 848 4460 1012 4526; x_wconf 90' lang='lat' dir='ltr'><strong>individue</strong></span> <span class='ocrx_word' id='word_1_311' title='bbox 1046 4464 1208 4527; x_wconf 86' lang='lat' dir='ltr'><strong>trinitatis.</strong></span> <span class='ocrx_word' id='word_1_312' title='bbox 1255 4462 1333 4527; x_wconf 92' lang='lat' dir='ltr'><strong>Otto</strong></span> <span class='ocrx_word' id='word_1_313' title='bbox 1368 4462 1478 4527; x_wconf 89' lang='lat' dir='ltr'><strong>divina</strong></span> <span class='ocrx_word' id='word_1_314' title='bbox 1511 4465 1641 4527; x_wconf 82' lang='lat' dir='ltr'><strong>favente</strong></span> <span class='ocrx_word' id='word_1_315' title='bbox 1675 4461 1849 4526; x_wconf 89' lang='lat' dir='ltr'><strong>clementia</strong></span> 
     </span>
     <span class='ocr_line' id='line_1_32' title="bbox 195 4563 1847 4650; baseline -0.001 -21"><span class='ocrx_word' id='word_1_316' title='bbox 195 4589 264 4629; x_wconf 88' lang='lat' dir='ltr'><strong>rex.</strong></span> <span class='ocrx_word' id='word_1_317' title='bbox 352 4565 487 4630; x_wconf 87' lang='lat' dir='ltr'><strong>Noverit</strong></span> <span class='ocrx_word' id='word_1_318' title='bbox 515 4567 659 4630; x_wconf 90' lang='lat' dir='ltr'><strong>omnium</strong></span> <span class='ocrx_word' id='word_1_319' title='bbox 688 4563 831 4627; x_wconf 87' lang='lat' dir='ltr'><strong>fidelium</strong></span> <span class='ocrx_word' id='word_1_320' title='bbox 861 4574 1046 4627; x_wconf 90' lang='lat' dir='ltr'><strong>nostrorum</strong></span> <span class='ocrx_word' id='word_1_321' title='bbox 1075 4576 1143 4628; x_wconf 88' lang='lat' dir='ltr'><strong>tam</strong></span> <span class='ocrx_word' id='word_1_322' title='bbox 1172 4568 1370 4649; x_wconf 86' lang='lat' dir='ltr'><strong>presentium</strong></span> <span class='ocrx_word' id='word_1_323' title='bbox 1401 4588 1498 4650; x_wconf 92' lang='lat' dir='ltr'><strong>quam</strong></span> <span class='ocrx_word' id='word_1_324' title='bbox 1529 4577 1561 4628; x_wconf 90' lang='lat' dir='ltr'><strong>et</strong></span> <span class='ocrx_word' id='word_1_325' title='bbox 1590 4566 1771 4630; x_wconf 84' lang='lat' dir='ltr'><strong>futurorum</strong></span> <span class='ocrx_word' id='word_1_326' title='bbox 1800 4567 1847 4628; x_wconf 92' lang='lat' dir='ltr'><strong>in-</strong></span> 
     </span>
    </p>
   </div>
   <div class='ocr_carea' id='block_1_16' title="bbox 196 4665 1940 4753">
    <p class='ocr_par' dir='ltr' id='par_1_16' title="bbox 196 4665 1940 4753">
     <span class='ocr_line' id='line_1_33' title="bbox 196 4665 1940 4753; baseline 0.001 -24"><span class='ocrx_word' id='word_1_327' title='bbox 196 4667 335 4748; x_wconf 87' lang='lat' dir='ltr'><strong>dustria,</strong></span> <span class='ocrx_word' id='word_1_328' title='bbox 370 4667 508 4752; x_wconf 88' lang='lat' dir='ltr'><strong>qualiter</strong></span> <span class='ocrx_word' id='word_1_329' title='bbox 530 4667 721 4750; x_wconf 89' lang='lat' dir='ltr'><strong>Richgouuo</strong></span> <span class='ocrx_word' id='word_1_330' title='bbox 746 4675 857 4729; x_wconf 90' lang='lat' dir='ltr'><strong>sancte</strong></span> <span class='ocrx_word' id='word_1_331' title='bbox 880 4665 1130 4730; x_wconf 87' lang='lat' dir='ltr'><strong>Wormatiensis</strong></span> <span class='ocrx_word' id='word_1_332' title='bbox 1153 4667 1289 4731; x_wconf 90' lang='lat' dir='ltr'><strong>ecclesie</strong></span> <span class='ocrx_word' id='word_1_333' title='bbox 1311 4667 1506 4733; x_wconf 89' lang='lat' dir='ltr'><strong>venerabilis</strong></span> <span class='ocrx_word' id='word_1_334' title='bbox 1529 4667 1639 4753; x_wconf 90' lang='lat' dir='ltr'><strong>presul</strong></span> <span class='ocrx_word' id='word_1_335' title='bbox 1666 4690 1724 4753; x_wconf 90' lang='lat' dir='ltr'><strong>per</strong></span> <span class='ocrx_word' id='word_1_336' title='bbox 1752 4669 1847 4731; x_wconf 88' lang='lat' dir='ltr'><strong>inter·</strong></span> <span class='ocrx_word' id='word_1_337' title='bbox 1938 4733 1940 4740; x_wconf 68' lang='grc'><em>,</em></span> 
     </span>
    </p>
   </div>
   <div class='ocr_carea' id='block_1_17' title="bbox 144 4769 1881 5580">
    <p class='ocr_par' dir='ltr' id='par_1_17' title="bbox 144 4769 1881 5580">
     <span class='ocr_line' id='line_1_34' title="bbox 195 4769 1846 4856; baseline 0.001 -23"><span class='ocrx_word' id='word_1_338' title='bbox 195 4782 327 4834; x_wconf 88' lang='lat' dir='ltr'><strong>ventum</strong></span> <span class='ocrx_word' id='word_1_339' title='bbox 350 4769 457 4834; x_wconf 86' lang='lat' dir='ltr'><strong>dilecti</strong></span> <span class='ocrx_word' id='word_1_340' title='bbox 482 4773 609 4835; x_wconf 91' lang='lat' dir='ltr'><strong>comitis</strong></span> <span class='ocrx_word' id='word_1_341' title='bbox 632 4772 734 4834; x_wconf 91' lang='lat' dir='ltr'><strong>nostri</strong></span> <span class='ocrx_word' id='word_1_342' title='bbox 757 4769 932 4833; x_wconf 88' lang='lat' dir='ltr'><strong>Eburharti</strong></span> <span class='ocrx_word' id='word_1_343' title='bbox 956 4769 1085 4834; x_wconf 80' lang='lat' dir='ltr'><strong>ordmen</strong></span> <span class='ocrx_word' id='word_1_344' title='bbox 1107 4771 1288 4834; x_wconf 86' lang='lat' dir='ltr'><strong>serenitatis</strong></span> <span class='ocrx_word' id='word_1_345' title='bbox 1311 4781 1420 4835; x_wconf 90' lang='lat' dir='ltr'><strong>nostre</strong></span> <span class='ocrx_word' id='word_1_346' title='bbox 1447 4771 1642 4856; x_wconf 83' lang='lat' dir='ltr'><strong>imploravit,</strong></span> <span class='ocrx_word' id='word_1_347' title='bbox 1667 4771 1846 4855; x_wconf 87' lang='lat' dir='ltr'><strong>deprecans</strong></span> 
     </span>
     <span class='ocr_line' id='line_1_35' title="bbox 195 4872 1847 4962; baseline 0.003 -26"><span class='ocrx_word' id='word_1_348' title='bbox 195 4883 304 4937; x_wconf 91' lang='lat' dir='ltr'><strong>utres</strong></span> <span class='ocrx_word' id='word_1_349' title='bbox 327 4872 487 4957; x_wconf 88' lang='lat' dir='ltr'><strong>quasdam</strong></span> <span class='ocrx_word' id='word_1_350' title='bbox 509 4876 586 4938; x_wconf 86' lang='lat' dir='ltr'><strong>iuris</strong></span> <span class='ocrx_word' id='word_1_351' title='bbox 608 4875 710 4937; x_wconf 90' lang='lat' dir='ltr'><strong>nostri</strong></span> <span class='ocrx_word' id='word_1_352' title='bbox 734 4883 847 4936; x_wconf 88' lang='lat' dir='ltr'><strong>sancto</strong></span> <span class='ocrx_word' id='word_1_353' title='bbox 871 4874 966 4937; x_wconf 87' lang='lat' dir='ltr'><strong>Petro</strong></span> <span class='ocrx_word' id='word_1_354' title='bbox 996 4873 1146 4957; x_wconf 89' lang='lat' dir='ltr'><strong>apostolo</strong></span> <span class='ocrx_word' id='word_1_355' title='bbox 1179 4874 1384 4941; x_wconf 87' lang='lat' dir='ltr'><strong>donaremus.</strong></span> <span class='ocrx_word' id='word_1_356' title='bbox 1430 4874 1530 4941; x_wconf 85' lang='lat' dir='ltr'><strong>Cuius</strong></span> <span class='ocrx_word' id='word_1_357' title='bbox 1560 4879 1669 4962; x_wconf 89' lang='lat' dir='ltr'><strong>itaque</strong></span> <span class='ocrx_word' id='word_1_358' title='bbox 1699 4879 1847 4962; x_wconf 88' lang='lat' dir='ltr'><strong>petitioni</strong></span> 
     </span>
     <span class='ocr_line' id='line_1_36' title="bbox 146 4976 1848 5064; baseline -0.001 -20"><span class='ocrx_word' id='word_1_359' title='bbox 146 4997 179 5044; x_wconf 79' lang='lat'><strong>³5</strong></span> <span class='ocrx_word' id='word_1_360' title='bbox 196 4979 338 5060; x_wconf 78' lang='lat' dir='ltr'><strong>gratrfita</strong></span> <span class='ocrx_word' id='word_1_361' title='bbox 360 4987 467 5040; x_wconf 88' lang='lat' dir='ltr'><strong>mente</strong></span> <span class='ocrx_word' id='word_1_362' title='bbox 491 4999 659 5041; x_wconf 88' lang='lat' dir='ltr'><strong>assensum</strong></span> <span class='ocrx_word' id='word_1_363' title='bbox 686 4977 857 5061; x_wconf 84' lang='lat' dir='ltr'><strong>prebentes</strong></span> <span class='ocrx_word' id='word_1_364' title='bbox 886 4977 930 5041; x_wconf 89' lang='lat' dir='ltr'><strong>ad</strong></span> <span class='ocrx_word' id='word_1_365' title='bbox 958 4976 1112 5063; x_wconf 89' lang='lat' dir='ltr'><strong>reliquias</strong></span> <span class='ocrx_word' id='word_1_366' title='bbox 1143 4980 1246 5041; x_wconf 86' lang='lat' dir='ltr'><strong>saneti</strong></span> <span class='ocrx_word' id='word_1_367' title='bbox 1276 4979 1362 5043; x_wconf 90' lang='lat' dir='ltr'><strong>Petri</strong></span> <span class='ocrx_word' id='word_1_368' title='bbox 1394 4978 1551 5064; x_wconf 86' lang='lat' dir='ltr'><strong>apostoli,</strong></span> <span class='ocrx_word' id='word_1_369' title='bbox 1586 4980 1678 5043; x_wconf 88' lang='lat' dir='ltr'><strong>euius</strong></span> <span class='ocrx_word' id='word_1_370' title='bbox 1707 4978 1848 5043; x_wconf 87' lang='lat' dir='ltr'><strong>ecclesia</strong></span> 
     </span>
     <span class='ocr_line' id='line_1_37' title="bbox 195 5079 1848 5166; baseline 0.002 -24"><span class='ocrx_word' id='word_1_371' title='bbox 195 5080 279 5143; x_wconf 85' lang='lat' dir='ltr'><strong>infra</strong></span> <span class='ocrx_word' id='word_1_372' title='bbox 300 5102 411 5144; x_wconf 90' lang='lat' dir='ltr'><strong>muros</strong></span> <span class='ocrx_word' id='word_1_373' title='bbox 434 5079 616 5144; x_wconf 85' lang='lat' dir='ltr'><strong>Wormatie</strong></span> <span class='ocrx_word' id='word_1_374' title='bbox 638 5080 727 5144; x_wconf 92' lang='lat' dir='ltr'><strong>urbis</strong></span> <span class='ocrx_word' id='word_1_375' title='bbox 751 5091 939 5144; x_wconf 87' lang='lat' dir='ltr'><strong>constructa</strong></span> <span class='ocrx_word' id='word_1_376' title='bbox 961 5091 1025 5162; x_wconf 87' lang='lat' dir='ltr'><strong>est,</strong></span> <span class='ocrx_word' id='word_1_377' title='bbox 1059 5082 1111 5144; x_wconf 92' lang='lat' dir='ltr'><strong>cui</strong></span> <span class='ocrx_word' id='word_1_378' title='bbox 1141 5083 1282 5165; x_wconf 86' lang='lat' dir='ltr'><strong>presenti</strong></span> <span class='ocrx_word' id='word_1_379' title='bbox 1310 5093 1456 5166; x_wconf 88' lang='lat' dir='ltr'><strong>tempore</strong></span> <span class='ocrx_word' id='word_1_380' title='bbox 1486 5081 1692 5166; x_wconf 86' lang='lat' dir='ltr'><strong>supradictus</strong></span> <span class='ocrx_word' id='word_1_381' title='bbox 1713 5104 1848 5146; x_wconf 87' lang='lat' dir='ltr'><strong>venera·</strong></span> 
     </span>
     <span class='ocr_line' id='line_1_38' title="bbox 195 5182 1846 5271; baseline 0.001 -23"><span class='ocrx_word' id='word_1_382' title='bbox 195 5182 270 5248; x_wconf 88' lang='lat' dir='ltr'><strong>bilis</strong></span> <span class='ocrx_word' id='word_1_383' title='bbox 293 5184 402 5269; x_wconf 88' lang='lat' dir='ltr'><strong>presul</strong></span> <span class='ocrx_word' id='word_1_384' title='bbox 425 5208 555 5270; x_wconf 88' lang='lat' dir='ltr'><strong>preesse</strong></span> <span class='ocrx_word' id='word_1_385' title='bbox 579 5186 774 5268; x_wconf 87' lang='lat' dir='ltr'><strong>dinoscitur,</strong></span> <span class='ocrx_word' id='word_1_386' title='bbox 798 5186 838 5250; x_wconf 91' lang='lat' dir='ltr'><strong>de</strong></span> <span class='ocrx_word' id='word_1_387' title='bbox 860 5185 1018 5250; x_wconf 89' lang='lat' dir='ltr'><strong>beneficio</strong></span> <span class='ocrx_word' id='word_1_388' title='bbox 1043 5185 1187 5250; x_wconf 89' lang='lat' dir='ltr'><strong>eiusdem</strong></span> <span class='ocrx_word' id='word_1_389' title='bbox 1205 5186 1381 5251; x_wconf 89' lang='lat' dir='ltr'><strong>Eburharti</strong></span> <span class='ocrx_word' id='word_1_390' title='bbox 1404 5187 1533 5250; x_wconf 91' lang='lat' dir='ltr'><strong>comitis</strong></span> <span class='ocrx_word' id='word_1_391' title='bbox 1554 5183 1726 5250; x_wconf 89' lang='lat' dir='ltr'><strong>basilicam</strong></span> <span class='ocrx_word' id='word_1_392' title='bbox 1748 5203 1762 5248; x_wconf 91' lang='lat'><strong>1</strong></span> <span class='ocrx_word' id='word_1_393' title='bbox 1785 5208 1846 5271; x_wconf 91' lang='lat' dir='ltr'><strong>que</strong></span> 
     </span>
     <span class='ocr_line' id='line_1_39' title="bbox 195 5287 1881 5373; baseline 0.002 -22"><span class='ocrx_word' id='word_1_394' title='bbox 195 5287 451 5352; x_wconf 90' lang='lat' dir='ltr'><strong>Niuunchirieha</strong></span> <span class='ocrx_word' id='word_1_395' title='bbox 472 5299 625 5371; x_wconf 87' lang='lat' dir='ltr'><strong>vocatur,</strong></span> <span class='ocrx_word' id='word_1_396' title='bbox 654 5301 687 5354; x_wconf 91' lang='lat' dir='ltr'><strong>et</strong></span> <span class='ocrx_word' id='word_1_397' title='bbox 715 5292 804 5353; x_wconf 87' lang='lat' dir='ltr'><strong>circa</strong></span> <span class='ocrx_word' id='word_1_398' title='bbox 832 5291 938 5373; x_wconf 88' lang='lat' dir='ltr'><strong>ipsam</strong></span> <span class='ocrx_word' id='word_1_399' title='bbox 968 5287 1140 5352; x_wconf 88' lang='lat' dir='ltr'><strong>ecclesiam</strong></span> <span class='ocrx_word' id='word_1_400' title='bbox 1167 5288 1287 5353; x_wconf 88' lang='lat' dir='ltr'><strong>hobam</strong></span> <span class='ocrx_word' id='word_1_401' title='bbox 1309 5288 1450 5373; x_wconf 88' lang='lat' dir='ltr'><strong>regalem</strong></span> <span class='ocrx_word' id='word_1_402' title='bbox 1472 5310 1572 5352; x_wconf 88' lang='lat' dir='ltr'><strong>unam</strong></span> <span class='ocrx_word' id='word_1_403' title='bbox 1594 5290 1626 5353; x_wconf 92' lang='lat' dir='ltr'><strong>in</strong></span> <span class='ocrx_word' id='word_1_404' title='bbox 1650 5310 1736 5373; x_wconf 87' lang='lat' dir='ltr'><strong>pago</strong></span> <span class='ocrx_word' id='word_1_405' title='bbox 1760 5288 1847 5352; x_wconf 89' lang='lat' dir='ltr'><strong>Nah·</strong></span> <span class='ocrx_word' id='word_1_406' title='bbox 1876 5341 1881 5356; x_wconf 79' lang='grc'><em>,</em></span> 
     </span>
     <span class='ocr_line' id='line_1_40' title="bbox 196 5389 1847 5477; baseline 0.001 -23"><span class='ocrx_word' id='word_1_407' title='bbox 196 5412 302 5474; x_wconf 87' lang='lat' dir='ltr'><strong>gouue</strong></span> <span class='ocrx_word' id='word_1_408' title='bbox 325 5393 359 5454; x_wconf 90' lang='lat' dir='ltr'><strong>in</strong></span> <span class='ocrx_word' id='word_1_409' title='bbox 381 5391 504 5456; x_wconf 80' lang='lat' dir='ltr'><strong>foresto</strong></span> <span class='ocrx_word' id='word_1_410' title='bbox 528 5403 640 5457; x_wconf 91' lang='lat' dir='ltr'><strong>nostro</strong></span> <span class='ocrx_word' id='word_1_411' title='bbox 657 5391 1015 5477; x_wconf 85' lang='lat' dir='ltr'><strong>Wasagonuucupato</strong></span> <span class='ocrx_word' id='word_1_412' title='bbox 1037 5393 1071 5455; x_wconf 91' lang='lat' dir='ltr'><strong>in</strong></span> <span class='ocrx_word' id='word_1_413' title='bbox 1094 5393 1251 5457; x_wconf 88' lang='lat' dir='ltr'><strong>comitatu</strong></span> <span class='ocrx_word' id='word_1_414' title='bbox 1272 5391 1409 5476; x_wconf 86' lang='lat' dir='ltr'><strong>predicti</strong></span> <span class='ocrx_word' id='word_1_415' title='bbox 1425 5389 1601 5454; x_wconf 84' lang='lat' dir='ltr'><strong>Eburharti</strong></span> <span class='ocrx_word' id='word_1_416' title='bbox 1624 5392 1658 5454; x_wconf 92' lang='lat' dir='ltr'><strong>in</strong></span> <span class='ocrx_word' id='word_1_417' title='bbox 1677 5392 1847 5476; x_wconf 89' lang='lat' dir='ltr'><strong>proprium</strong></span> 
     </span>
     <span class='ocr_line' id='line_1_41' title="bbox 144 5492 1847 5580; baseline -0.002 -20"><span class='ocrx_word' id='word_1_418' title='bbox 144 5512 179 5560; x_wconf 74' lang='lat' dir='ltr'><strong>to</strong></span> <span class='ocrx_word' id='word_1_419' title='bbox 197 5492 390 5559; x_wconf 88' lang='lat' dir='ltr'><strong>donavimus</strong></span> <span class='ocrx_word' id='word_1_420' title='bbox 413 5516 488 5559; x_wconf 89' lang='lat' dir='ltr'><strong>eum</strong></span> <span class='ocrx_word' id='word_1_421' title='bbox 512 5494 661 5559; x_wconf 91' lang='lat' dir='ltr'><strong>omnibus</strong></span> <span class='ocrx_word' id='word_1_422' title='bbox 684 5495 761 5561; x_wconf 90' lang='lat' dir='ltr'><strong>illuc</strong></span> <span class='ocrx_word' id='word_1_423' title='bbox 783 5494 930 5579; x_wconf 86' lang='lat' dir='ltr'><strong>legaliter</strong></span> <span class='ocrx_word' id='word_1_424' title='bbox 952 5493 1204 5580; x_wconf 87' lang='lat' dir='ltr'><strong>pertinentibus,</strong></span> <span class='ocrx_word' id='word_1_425' title='bbox 1227 5518 1302 5560; x_wconf 91' lang='lat' dir='ltr'><strong>eum</strong></span> <span class='ocrx_word' id='word_1_426' title='bbox 1323 5493 1491 5560; x_wconf 87' lang='lat' dir='ltr'><strong>curtilibus</strong></span> <span class='ocrx_word' id='word_1_427' title='bbox 1507 5492 1643 5557; x_wconf 88' lang='lat' dir='ltr'><strong>edificiis</strong></span> <span class='ocrx_word' id='word_1_428' title='bbox 1661 5493 1743 5558; x_wconf 88' lang='lat' dir='ltr'><strong>locis</strong></span> <span class='ocrx_word' id='word_1_429' title='bbox 1759 5496 1847 5577; x_wconf 87' lang='lat' dir='ltr'><strong>agris</strong></span> 
     </span>
    </p>
   </div>
   <div class='ocr_carea' id='block_1_18' title="bbox 246 5680 1640 5834">
    <p class='ocr_par' dir='ltr' id='par_1_18' title="bbox 246 5680 1640 5834">
     <span class='ocr_line' id='line_1_42' title="bbox 300 5680 1331 5752; baseline 0.003 -18"><span class='ocrx_word' id='word_1_430' title='bbox 300 5680 326 5735; x_wconf 69' lang='grc'><strong>0.</strong></span> <span class='ocrx_word' id='word_1_431' title='bbox 354 5681 589 5752; x_wconf 82' lang='lat' dir='ltr'><strong>[Philippi-Foltz]</strong></span> <span class='ocrx_word' id='word_1_432' title='bbox 693 5687 718 5746; x_wconf 83' lang='lat' dir='ltr'><strong>a)</strong></span> <span class='ocrx_word' id='word_1_433' title='bbox 738 5686 863 5737; x_wconf 85' lang='lat' dir='ltr'><strong>Hattonis</strong></span> <span class='ocrx_word' id='word_1_434' title='bbox 879 5685 907 5735; x_wconf 92' lang='lat' dir='ltr'><em>B</em></span> <span class='ocrx_word' id='word_1_435' title='bbox 1010 5685 1038 5747; x_wconf 90' lang='lat' dir='ltr'><strong>b)</strong></span> <span class='ocrx_word' id='word_1_436' title='bbox 1057 5685 1092 5747; x_wconf 86' lang='lat' dir='ltr'><strong>B,</strong></span> <span class='ocrx_word' id='word_1_437' title='bbox 1115 5683 1283 5736; x_wconf 75' lang='lat' dir='ltr'><strong>authoritatis</strong></span> <span class='ocrx_word' id='word_1_438' title='bbox 1300 5685 1331 5738; x_wconf 80' lang='lat' dir='ltr'><strong>A.</strong></span> 
     </span>
     <span class='ocr_line' id='line_1_43' title="bbox 246 5770 1640 5834; baseline 0.013 -2"><span class='ocrx_word' id='word_1_439' title='bbox 246 5790 432 5834; x_wconf 63' lang='lat' dir='ltr'><strong>&amp;temtantes</strong></span> <span class='ocrx_word' id='word_1_440' title='bbox 446 5792 463 5834; x_wconf 89' lang='lat'><strong>1.</strong></span> <span class='ocrx_word' id='word_1_441' title='bbox 1601 5770 1640 5826; x_wconf 73' lang='grc'><strong>13</strong></span> 
     </span>
    </p>
   </div>
   <div class='ocr_carea' id='block_1_19' title="bbox 0 0 2282 6406">
    <p class='ocr_par' dir='ltr' id='par_1_19' title="bbox 0 0 2282 6406">
     <span class='ocr_line' id='line_1_44' title="bbox 0 0 2282 6406; baseline 0 0"><span class='ocrx_word' id='word_1_442' title='bbox 0 0 2282 6406; x_wconf 95' lang='lat' dir='ltr'><strong> </strong></span> 
     </span>
    </p>
   </div>
  </div>
 </body>
</html>
