4576 6428
953 441 1078 497 ΟΤΤΟ
1100 441 1123 496 1.
1149 437 1220 496 965.
1849 433 1909 498 401

261 624 461 688 monasteria
483 622 544 688 deo
568 633 600 688 et
623 623 746 687 sanctis
768 623 839 688 eius
862 622 971 688 dicata
995 623 1038 687 ad
1060 620 1320 687 conservandum
1339 631 1474 686 sanetae
1492 621 1660 706 religionis
1680 633 1800 689 statum
1817 620 1912 690 novis

262 747 391 812 semper
413 726 592 811 privilegiis
616 735 732 792 contra
755 748 868 791 omnes
891 728 1123 790 insectantium
1145 727 1347 791 incursiones
1366 729 1570 792 muniantur:
1594 726 1717 793 idcirco
1733 750 1795 793 nos
1816 729 1911 794 inter·

260 840 361 896 ventu
384 830 523 896 dilectae
546 832 694 916 coniugis
717 839 849 896 nostrae
871 827 1111 912 Adalbeidael’,
1134 829 1240 894 fidelis
1263 816 1362 896 etiam
1384 835 1486 897 nostri
1510 832 1748 918 archiepiscopi
1766 831 1912 898 Wilelmi

261 937 371 1022 regiae
393 943 524 1000 nostrae
547 937 751 1001 auctoritatis
776 936 933 1020 scriptum
956 935 1024 997 sive
1046 944 1259 1019 praeceptum
1282 929 1451 1001 monachis
1475 936 1536 1000 deo
1561 946 1739 1022 sanctoque
1762 936 1910 1022 Remigio

227 1040 381 1105 seximio
405 1039 609 1104 Francorum
639 1038 766 1104 doctori
796 1038 858 1103 sub
887 1037 1027 1122 regulari
1058 1036 1232 1122 disciplina
1259 1040 1292 1103 in
1317 1039 1473 1122 suburbio
1496 1040 1673 1105 Remorum
1696 1039 1910 1106 militantibus

262 1141 339 1207 olim
368 1164 389 1206 a
416 1140 512 1207 nobis
542 1151 618 1206 ante
649 1164 842 1208 concessum
870 1142 1071 1227 imperatorii
1100 1141 1199 1205 etiam
1220 1144 1362 1209 nominis
1386 1147 1580 1210 auctoritate
1604 1168 1624 1209 a
1648 1144 1708 1209 deo
1733 1153 1912 1230 sanctoque

260 1246 356 1311 Petro
379 1244 476 1311 nobis
499 1244 620 1310 collata
642 1244 798 1310 roborare
821 1245 1034 1310 decrevimus.
1069 1243 1166 1309 Unde
1181 1243 1333 1311 volumus
1349 1257 1380 1312 et
1400 1248 1535 1313 firmiter
1557 1248 1705 1312 iubemus
1727 1257 1764 1312 ut
1787 1258 1910 1314 curtem

261 1350 361 1417 Oosla
391 1359 543 1416 vocatam
573 1372 648 1416 cum
677 1349 828 1416 omnibus
858 1350 1056 1436 appenditiis
1086 1351 1153 1414 suis
1182 1349 1226 1414 ad
1256 1352 1306 1414 ius
1335 1360 1367 1415 et
1395 1353 1627 1437 proprietatem
1655 1351 1800 1416 eiusdem
1822 1350 1911 1416 beati

259 1455 408 1539 Remigii
422 1457 646 1540 pertinentem,
670 1455 756 1520 infra
777 1456 869 1539 regni
891 1456 995 1519 nostri
1019 1455 1175 1519 terminos
1199 1456 1420 1536 constitutam,
1444 1478 1542 1540 quam
1564 1454 1714 1520 omnibus
1729 1465 1815 1521 retro
1832 1465 1911 1520 tem·

212 1560 394 1645 leporibus
426 1557 486 1623 sub
519 1557 783 1623 antecessoribus
814 1560 934 1623 nostris
964 1556 1208 1622 beneficiariam
1240 1580 1299 1642 pro
1329 1568 1416 1624 statu
1446 1568 1478 1623 et
1505 1558 1729 1624 incolumitate
1757 1561 1849 1644 regni
1879 1568 1911 1624 et

260 1663 387 1748 imperii
409 1662 512 1726 nostri
535 1683 597 1726 nos
621 1660 664 1725 ad
687 1683 782 1726 usum
804 1661 963 1747 praedicti
987 1660 1136 1726 coenobii
1160 1663 1343 1728 remisimus
1367 1672 1399 1727 et
1422 1661 1641 1746 absolvimus,
1677 1664 1829 1729 monachi
1852 1663 1910 1729 ibi-

261 1764 335 1829 dem
358 1765 418 1830 deo
442 1774 476 1829 et
498 1774 612 1828 sancto
635 1765 784 1848 Remigio
809 1764 1005 1829 famulantes
1028 1763 1152 1851 absque
1182 1764 1279 1830 ullius
1309 1763 1568 1830 contradictione
1598 1773 1730 1828 teneant
1752 1774 1784 1828 et
1806 1766 1910 1850 possi-

260 1865 360 1933 deant
383 1877 415 1932 et
437 1867 592 1955 quioquid
614 1867 762 1933 utilitatis
786 1868 906 1932 exinde
927 1871 1122 1954 provenerit,
1147 1870 1215 1935 suis
1237 1877 1274 1933 ut
1295 1868 1426 1935 libuerit
1446 1868 1559 1933 usibus
1578 1867 1768 1952 adiungunt.
1792 1867 1909 1932 Nullus

260 1976 358 2039 etiam
374 1973 475 2038 iudex
489 1973 543 2038 vel
559 1974 740 2039 advocatus
756 1973 832 2039 hinc
855 1973 980 2059 aliquid
1003 1973 1158 2058 exigendi
1180 1973 1302 2039 habeat
1325 1981 1530 2058 potestatem,
1554 1971 1616 2035 nisi
1633 1981 1790 2056 quantum
1806 1971 1909 2037 abbas

210 2091 242 2140 15
260 2087 317 2142 aut
339 2077 490 2142 monachi
513 2077 658 2145 eiusdem
681 2077 832 2143 coenobii
856 2076 1005 2142 dederint
1019 2077 1071 2141 vel
1090 2079 1304 2163 permiserint.
1339 2075 1383 2139 Et
1405 2084 1441 2139 ut
1462 2075 1526 2140 hoe
1548 2084 1681 2140 nostrae
1704 2076 1909 2140 auctoritatis

260 2191 469 2267 praeceptum
492 2181 621 2246 firmum
644 2189 677 2245 et
700 2179 816 2246 stabile
839 2189 1044 2265 permaneat,
1072 2180 1157 2244 hanc
1181 2180 1328 2246 chartam
1352 2179 1514 2243 conscribi
1537 2188 1569 2243 et
1591 2179 1704 2244 annuli
1726 2181 1830 2244 nostri
1853 2181 1910 2243 im-

260 2286 428 2370 pressione
451 2286 573 2370 signari
596 2284 766 2367 iussimus,
791 2306 890 2371 quam
912 2295 945 2348 et
967 2286 1101 2370 propria
1124 2306 1223 2348 manu
1246 2282 1356 2348 subter
1379 2282 1589 2347 firmavimus.

363 2422 500 2507 Signum
523 2421 647 2487 domini
672 2420 803 2487 Ottonis
829 2423 939 2507 magni
964 2431 995 2486 et
1018 2422 1224 2486 invictissimi
1247 2423 1465 2507 imperatoris.

363 2525 560 2608 Lindolfus⁰
582 2525 799 2592 cancellarius
822 2526 972 2591 advicem
996 2527 1160 2590 Brunonis
1184 2525 1439 2611 archicapellani
1462 2527 1648 2610 recognovi.

209 2677 243 2723 20
363 2663 452 2727 Data
476 2683 509 2728 x.
532 2664 665 2729 kalend.
687 2665 766 2730 iunii
790 2687 876 2730 anno
901 2665 1023 2730 domini
1047 2665 1282 2728 incarnationis
1306 2680 1497 2745 mcccxxv,
1520 2661 1698 2727 indictione
1717 2679 1797 2744 v111,
1822 2683 1908 2725 anno

260 2777 368 2832 autem
384 2768 507 2832 domini
523 2768 652 2834 Ottonis
670 2787 753 2852 xxx,
777 2770 902 2854 imperii
918 2790 995 2833 vero
1012 2785 1083 2849 1111,
1106 2777 1216 2833 aetum
1230 2767 1411 2852 Ingellreim
1430 2769 1462 2831 in
1482 2766 1622 2852 palati03
1646 2767 1679 2829 in
1703 2764 1755 2830 dei
1777 2766 1909 2830 nomine

261 2894 366 2936 amen.

1043 3078 1129 3152 287.

270 3231 350 3308 Otto
376 3233 521 3332 verfs'tpt
545 3233 627 3308 duas
654 3234 712 3307 dic
734 3216 844 3308 Leute
871 3234 931 3308 des
953 3234 1117 3308 Klostcrs
1143 3233 1390 3332 Weisseuburp
1413 3232 1542 3306 dieseos
1566 3231 1674 3305 olleirs
1697 3231 1845 3304 Dicraste
1867 3258 1911 3304 zu

210 3382 242 3428 25
261 3353 382 3427 leisten
408 3353 534 3428 haben.
1455 3372 1616 3446 Inpellseim
1639 3373 1701 3432 965
1727 3371 1792 3429 Mai
1814 3374 1865 3431 23.

362 3583 454 3640 Liber
470 3584 549 3655 prio.
576 3583 897 3655 Weissenburqeastum
919 3600 984 3640 oum
1006 3583 1039 3642 J.
1064 3585 1149 3643 1580
1172 3581 1196 3653 f.
1221 3585 1240 3640 1
1264 3583 1306 3639 tm
1327 3555 1405 3640 1111.
1430 3581 1469 3638 H.
1494 3579 1533 3637 H.
1558 3578 1622 3636 aad
1646 3577 1850 3638 Stootsurctio
1871 3596 1913 3637 ru

369 3687 455 3747 Wien
478 3685 541 3765 (B).

362 3842 492 3900 Eclstort
510 3839 644 3900 eastra
662 3841 833 3914 diplomatis
851 3839 985 3902 Gurolini
1000 3845 1041 3901 40
1063 3845 1132 3900 a⁰4
1156 3841 1376 3915 wnootlstttodip
1392 3857 1448 3900 uus
1464 3841 1501 3899 B.
1526 3873 1569 3882 —
1591 3838 1741 3911 Sobopllia
1755 3835 1818 3896 Aes.
1835 3829 1908 3910 dipl.

362 3951 392 4016 1,
416 3948 622 4005 118n0146
651 3963 707 4004 cus
736 3946 852 4004 damula
880 3949 913 4004 in
941 3946 1148 4018 Weissenburp
1175 3944 1376 4016 befiadltchem
1402 3942 1540 4016 Oripr'nol
1561 3939 1621 4020 (A).
1645 3975 1688 3982 —
1709 3941 1792 3998 Mors.
1817 3939 1910 3998 Boios

365 4055 431 4120 31⁰,
453 4054 517 4110 200
540 4055 574 4107 o⁰
595 4053 657 4108 104
680 4068 737 4109 cos
759 4049 824 4108 dero
840 4049 937 4110 Codes
958 4048 1171 4121 nodone-mas
1194 4065 1258 4106 eom
1282 4048 1314 4106 J.
1339 4049 1433 4106 1582.
1458 4081 1499 4090 —
1522 4046 1652 4105 Bohmer
1673 4046 1745 4117 ch.
1769 4047 1843 4104 292.
1868 4077 1909 4086 —

364 4151 492 4225 Sturnpf
510 4154 582 4226 Ray.
607 4155 679 4212 365.

366 4304 499 4376 Versusst
522 4307 585 4365 und
607 4307 844 4366 wulrsoheiolirls
866 4307 942 4365 auch
961 4307 1147 4380 pesobriebca
1169 4323 1225 4364 voa
1246 4305 1317 4364 LH.

465 4507 504 4572 In
528 4510 658 4572 nomine
681 4517 815 4572 sanctae
838 4517 870 4572 et
892 4507 1079 4572 individuae
1097 4508 1261 4572 trinitatis.
1296 4505 1374 4571 Otto
1393 4505 1505 4570 divina
1520 4505 1720 4570 eoncedente
1737 4505 1910 4570 clementia

259 4615 437 4698 imperator
452 4621 621 4696 augustus.
708 4612 845 4676 Noverit
861 4613 1006 4675 omnium
1020 4610 1164 4675 fidelium
1182 4620 1369 4675 nostrorum
1393 4619 1462 4673 tam
1484 4609 1684 4693 presentium
1708 4631 1806 4694 quam
1827 4609 1910 4672 futu-

209 4730 242 4776 35
261 4738 371 4781 rorum
394 4715 569 4797 industria,
601 4714 740 4800 qualiter
762 4737 822 4779 nos
845 4736 967 4778 morem
991 4725 1235 4779 antecessorum
1257 4723 1444 4778 nostrorum
1465 4732 1579 4796 regum
1602 4710 1654 4775 vel
1677 4712 1909 4795 imperatorum

261 4828 432 4903 sequentes
456 4818 633 4882 aecclesias
655 4817 709 4882 vel
738 4819 937 4882 monasteria
965 4819 1051 4882 infra
1080 4819 1171 4903 regni
1201 4818 1304 4881 nostri
1335 4816 1489 4880 terminos
1519 4816 1553 4878 in
1581 4813 1739 4879 bonorem
1762 4813 1814 4877 dei
1837 4835 1911 4879 con·

262 4932 384 4987 structa
406 4925 526 4988 nostris
550 4926 649 4988 etiam
672 4924 832 5008 preceptis
856 4931 888 4986 et
910 4920 1090 5007 privilegiis
1112 4920 1268 4986 roborare
1291 4920 1506 4985 decrevimus.
1545 4916 1641 4981 Unde
1669 4939 1729 5002 pro
1762 4926 1850 4992 statu
1878 4926 1911 4981 et

262 5025 483 5092 incolumitate
506 5029 597 5112 regni
620 5026 671 5090 vel
702 5027 830 5111 imperii
859 5027 978 5107 nostri,
1012 5035 1130 5109 rogatu
1158 5024 1367 5089 dilectissime
1389 5033 1500 5088 nostre
1523 5023 1671 5107 coniugis
1696 5020 1911 5086 Adalheidis·

262 5131 434 5194 statuimus
465 5139 497 5195 et
524 5129 689 5214 iubemus,
719 5140 756 5195 ut
785 5131 869 5195 servi
891 5127 943 5192 vel
973 5126 1029 5192 lidi
1052 5126 1104 5191 vel
1132 5127 1241 5192 coloni
1263 5128 1316 5193 vel
1346 5129 1400 5215 qui
1430 5126 1582 5192 dicuntur
1607 5123 1737 5191 fiscales
1759 5125 1813 5189 vel
1835 5147 1910 5189 cen·

210 5251 244 5298 40
263 5232 371 5298 suales
407 5235 461 5319 qui
495 5236 527 5298 in
556 5237 755 5320 proprietate
784 5233 872 5299 beati
900 5232 987 5295 Petri
1017 5232 1242 5318 apostolorum
1271 5235 1428 5320 principis
1454 5234 1488 5296 in
1517 5230 1650 5297 abbatia
1678 5229 1909 5316 Uuizinburgl’

262 5335 314 5399 vel
336 5334 531 5422 ubicumque
554 5347 795 5402 commorantur
818 5346 849 5400 ct
870 5337 1037 5420 habitant,
1073 5360 1131 5402 seu
1153 5337 1197 5402 ad
1226 5361 1308 5425 opus
1337 5338 1573 5403 monachorum
1607 5337 1818 5402 deserviant⁶
1851 5359 1909 5401 seu

261 5437 412 5503 fidelibus
441 5440 561 5503 nostris
590 5438 797 5505 beneficiales
827 5442 987 5525 existant,
1017 5439 1061 5504 ad
1083 5441 1207 5507 nullam
1230 5442 1329 5508 aliam
1353 5445 1519 5508 civitatem
1540 5439 1618 5507 vel‘l
1647 5438 1818 5504 castellum
1840 5462 1909 5505 mu-

346 5625 405 5682 28⁸.
433 5629 461 5696 b)
478 5627 644 5681 Adalberdae
663 5630 688 5681 B
791 5634 815 5695 e)
834 5632 969 5684 Hudolfus
987 5632 1021 5684 Β.

346 5731 406 5787 287.
435 5731 589 5802 [Hsraberg]
686 5737 712 5800 a)
731 5735 885 5788 Adslhsidis
903 5735 930 5786 Β
1016 5737 1043 5802 b)
1061 5737 1252 5803 weissenburg
1270 5736 1296 5787 B
1384 5739 1408 5801 c)
1428 5736 1461 5801 B,
1480 5733 1673 5788 deserviuntA
1760 5733 1789 5801 d)
1807 5750 1854 5786 seu
1874 5735 1908 5786 B.

311 5845 498 5888 moimmsen
510 5846 529 5888 1.
1663 5845 1700 5902 51
