4560 6426
879 404 1077 460 KONRAD
1100 406 1122 459 Ι.
1148 400 1219 458 912.
1319 399 1321 404 ’
1834 397 1874 461 13

223 599 409 663 centissime
432 601 662 684 praeconando
686 603 831 688 pontifici
854 605 989 688 inpage
1006 604 1234 668 Tulrrkouensi
1256 605 1412 668 comitatu
1432 583 1577 668 (tdalriei
1601 626 1696 670 omne
1719 603 1874 689 quicquid

224 703 257 766 in
280 700 352 766 loco
376 701 689 770 Helloltesuuilarel
715 707 817 771 nostri
841 707 919 772 iuris
948 730 1020 771 esse
1042 707 1171 771 videtur
1193 717 1226 771 et
1247 710 1451 792 agnoscitur,
1474 730 1547 772 cum
1571 707 1740 773 curtilibus
1763 707 1873 771 aedifi-

225 806 283 868 ciis
306 807 400 870 terris
423 807 519 870 cultis
542 820 575 872 11
597 810 727 875 incultis
750 812 853 896 pratis
876 810 1002 896 campis
1025 810 1115 874 silvis
1144 814 1277 896 pascuis
1307 814 1401 898 aquis
1431 834 1653 897 aquarumque
1682 810 1873 875 decursibus

223 909 286 971 viis
309 920 341 973 et
363 911 459 974 inviis
482 914 639 997 quaesitis
662 923 694 977 et
717 916 916 1001 inquirendis
945 923 977 978 et
1008 914 1158 980 omnibus
1182 916 1363 1001 quibusque
1386 917 1513 1000 magnis
1541 938 1581 979 ac
1604 917 1715 1000 parvis
1738 914 1781 979 ad
1804 937 1873 978 eas·

190 1012 298 1076 edem
320 1036 373 1076 ros
396 1015 464 1079 iure
494 1016 728 1099 aspicientibus
755 1019 968 1103 appendiciis,
991 1018 1166 1084 tenendum
1190 1028 1222 1083 et
1245 1029 1401 1104 perpetuo
1425 1021 1493 1084 iure
1516 1018 1750 1104 possidendum
1774 1018 1874 1083 dona-

224 1117 330 1178 vimus
359 1117 392 1179 11
422 1119 624 1202 proprium.⁰
666 1120 763 1185 Hane
792 1124 890 1206 igitur
919 1121 994 1186 indo
1023 1122 1093 1185 fieri
1122 1122 1356 1186 destinavimus
1385 1125 1657 1208 conscriptionem
1691 1147 1749 1209 per
1777 1144 1875 1207 quam

224 1218 374 1282 volumus
405 1221 603 1307 firmiterque
632 1225 797 1307 iubemus,
831 1234 992 1311 quatenus
1015 1224 1101 1288 idem
1130 1223 1361 1289 dilectissimus
1387 1236 1598 1310 praenotatus
1628 1227 1802 1310 episcopus
1832 1247 1874 1288 ex

224 1321 338 1387 eadem
355 1346 389 1386 re
408 1325 557 1390 omnibus
581 1327 695 1392 diebus
720 1331 930 1414 imposterum
954 1328 1085 1394 lieentia
1109 1337 1140 1390 et
1164 1351 1278 1392 secura
1301 1332 1445 1414 potiatur
1468 1338 1631 1413 potestate
1653 1327 1795 1392 habendi
1819 1327 1875 1393 do·

224 1425 324 1490 nandi
347 1427 510 1493 vendendi
533 1432 755 1496 commutandi
779 1455 837 1496 scu
858 1432 1013 1517 quicquid
1035 1431 1096 1495 sibi
1112 1431 1231 1496 exinde
1254 1432 1384 1497 libuerit
1407 1455 1560 1517 umquam
1584 1431 1736 1495 faciendi.
1774 1431 1818 1494 Et
1840 1439 1876 1495 ut

174 1529 305 1594 1011111
333 1541 465 1596 nostrae
495 1532 700 1600 liberalitatis
728 1538 907 1600 auctoritas
938 1537 1133 1600 inconcussa
1165 1544 1198 1598 et
1227 1537 1406 1620 inquietata
1442 1535 1591 1599 onmibus
1626 1534 1875 1598 succedentibus

224 1635 424 1719 temporibus
452 1637 628 1720 perdurare
658 1651 771 1723 queat,
805 1663 904 1704 uranu
934 1641 1067 1725 propria
1096 1629 1211 1702 subtus
1240 1661 1312 1702 eam
1334 1638 1480 1703 nota-ndo
1504 1639 1754 1704 corroborantes
1778 1637 1876 1722 sigilli

223 1740 326 1802 nostri
349 1740 564 1824 impressione
587 1744 739 1806 iussimus
762 1745 959 1828 consignari.
1962 1731 1966 1738 ι

325 1881 340 1963 ξ
362 1875 497 1962 Signum
521 1875 631 1944 domni
654 1878 842 1946 Chuonradi
869 1885 958 1962 (Mu.)
984 1883 1180 1946 serenissimi
1203 1884 1299 1965 regis.
1322 1879 1337 1960 1

326 1983 340 2066 1
363 1981 519 2047 Salomon
542 1983 756 2048 cancellarius
780 1985 929 2050 advicem
952 1985 1109 2069 Piligrimi
1132 1987 1308 2070 recognovi
1333 1982 1400 2065 111
1424 1987 1506 2064 (su.)
1608 2019 1613 2026 ·
1749 1988 1806 2064 (Sl.
1831 1985 1874 2064 3.)

176 2122 207 2169 ¹5
327 2120 416 2184 Data
432 2139 464 2184 v.
481 2145 556 2187 non.
581 2132 644 2186 oct.
667 2144 752 2187 anno
776 2120 1034 2187 incarnationisd
1055 2123 1177 2188 domini
1200 2139 1376 2204 nccccxll,
1400 2146 1486 2188 anno
1502 2145 1579 2187 1010
1604 2123 1729 2208 imperii
1747 2121 1876 2186 011111-

226 2223 296 2287 radi
320 2226 458 2308 piissimi
480 2227 566 2310 regis
589 2245 618 2308 13
641 2235 751 2290 aetum
774 2227 888 2309 Vlma3
912 2228 945 2290 in
968 2225 1088 2290 Christi
1111 2229 1242 2292 nomine
1264 2227 1403 2291 feliciter
1425 2250 1530 2292 amen.

1021 2418 1080 2495 13.

226 2571 385 2645 Koarad
407 2570 548 2646 sobealct
572 2570 652 2644 deca
678 2571 886 2647 Gottesltaas
912 2599 957 2646 za
983 2573 1164 2671 Weilbarp
1189 2573 1311 2646 seioca
1337 2571 1423 2672 Hof
1444 2571 1684 2647 Recbteabaclz
1705 2569 1786 2645 aad
1806 2569 1877 2645 dett

226 2693 358 2766 dritten
383 2692 662 2792 Kitaiqssclteffel
687 2693 752 2766 der
782 2691 1003 2793 Grassclcaft.
1324 2733 1482 2806 Weipmry
1505 2735 1570 2792 912
1591 2733 1758 2792 November
1780 2734 1832 2795 23·

174 2899 208 2946 20
329 2883 470 2948 Chartat.
487 2886 633 2947 Wormat.
649 2902 708 2944 aas
724 2884 778 2943 der
793 2885 880 2943 Mitte
896 2885 948 2944 des
966 2888 1015 2946 12.
1031 2887 1087 2947 «11.
1103 2889 1125 2960 s.
1143 2885 1194 2948 47¹
1216 2890 1250 2946 io
1266 2887 1320 2946 der
1335 2889 1363 2950 1.
1379 2887 1550 2948 Bibliottelc
1566 2906 1607 2946 aa
1623 2883 1794 2948 Haaaooer
1811 2884 1823 2965 (
1852 2885 1876 2964 ).

332 3022 416 3097 Oria.
438 3023 539 3097 Gacls.
563 3027 593 3094 4,
616 3023 682 3084 280
704 3040 763 3082 aas
787 3024 813 3082 C
834 3048 872 3078 =
896 3026 1028 3085 Kremer
1046 3024 1130 3100 Orio.
1147 3026 1242 3086 Nasa
1263 3028 1294 3096 2,
1319 3029 1362 3086 48
1384 3031 1419 3084 a⁰
1442 3028 1493 3096 29,
1518 3049 1558 3078 =
1580 3001 1765 3084 BdlmerA.
1785 3024 1875 3085 erar.

222 3153 226 3158 ·
331 3127 374 3188 17
396 3134 431 3187 a⁰
454 3131 504 3189 12.
527 3162 569 3171 -
592 3128 724 3188 aalma
746 3131 824 3202 Rea.
847 3129 926 3204 Imp.
952 3133 1003 3203 11,
1026 3131 1098 3213 ch.
1122 3131 1200 3191 Kar.
1226 3132 1320 3192 1243.

281 3301 286 3310 ·
328 3269 433 3328 Dictat
456 3267 508 3326 des
532 3267 592 3327 sl.
632 3268 698 3326 Dcr
720 3267 879 3328 Scltrcr'bcr
900 3266 951 3327 des
976 3267 1177 3341 castallaria
1201 3266 1277 3328 lasst
1298 3267 1498 3343 reyetmassiq
1523 3268 1596 3347 (ool.
1618 3268 1723 3330 DDK.
1748 3269 1799 3338 19,
1821 3270 1875 3339 26,

328 3371 383 3450 37)
408 3369 459 3432 die
481 3371 968 3446 11119111111111111111111111111
991 3385 1060 3433 aas.

176 3555 210 3602 11
432 3542 472 3607 In
494 3544 624 3608 nomine
647 3551 759 3627 111011ε
782 3552 814 3608 11
836 3542 1002 3628 individue
1025 3543 1189 3608 trinitatis.
1228 3538 1421 3608 Cuonradus
1451 3542 1562 3607 divina
1584 3543 1716 3608 favente
1738 3542 1877 3608 clemen·

227 3647 272 3711 tia
294 3670 363 3711 rex.
446 3645 537 3712 Sciat
560 3647 703 3712 omnium
725 3646 870 3712 fidelium
892 3657 1077 3714 nostrorum
1100 3647 1298 3732 presentium
1317 3646 1442 3710 seilicet
1459 3657 1492 3711 et
1506 3648 1687 3712 futurorum
1706 3647 1876 3738 industria,

227 3750 367 3838 qualiter
386 3774 448 3817 nos
471 3752 582 3816 divina
604 3752 748 3818 instincti
772 3752 1024 3816 commonitione
1046 3774 1105 3837 pro
1129 3752 1237 3834 anime
1257 3761 1368 3834 nostre
1384 3760 1417 3814 11
1432 3761 1675 3815 antecessorum
1691 3761 1877 3817 nostrorum

226 3856 370 3920 remedio
398 3855 442 3920 ad
470 3865 714 3920 sacrosanctam
746 3855 797 3921 dei
827 3856 960 3921 domurn
989 3876 1051 3940 que
1080 3863 1129 3920 est
1155 3857 1189 3919 in
1211 3853 1420 3938 Wilinaburg
1449 3854 1508 3919 sub
1537 3854 1660 3920 honore
1690 3865 1801 3940 sancte
1825 3855 1877 3920 dei

226 3960 393 4044 genitricis
416 3959 519 4043 Mariq
542 3968 575 4023 et
602 3958 698 4043 beate
720 3958 940 4044 Waltburge²
969 3959 1105 4044 virginis
1134 3967 1322 4024 constructa
1351 3967 1449 4044 atque
1478 3967 1687 4040 consecrata,
1717 3957 1877 4044 quasdam

175 4071 208 4120 30
226 4085 278 4126 res
301 4063 424 4147 proprii
447 4063 525 4126 iuris
547 4063 650 4127 nostri
673 4063 706 4126 in
730 4085 816 4148 pago
832 4062 1008 4148 Legenehe
1031 4063 1064 4127 in
1080 4063 1237 4127 comitatu
1253 4061 1384 4127 Ottonis
1406 4063 1552 4147 germani
1575 4063 1677 4126 nostri
1702 4063 1791 4144 sitas,
1814 4060 1877 4126 boc

227 4174 277 4230 est
291 4175 415 4230 curtem
430 4164 642 4231 Rehtenbach
663 4176 886 4252 nuncupatam
908 4189 982 4231 eum
1004 4165 1175 4246 curtilibus
1197 4166 1335 4252 edificiis
1357 4167 1489 4231 familiis
1511 4177 1545 4230 et
1566 4167 1738 4251 mancipiis
1760 4168 1877 4231 utrius·

227 4291 289 4356 que
313 4292 411 4334 sexus
434 4271 529 4334 terris
551 4269 647 4334 cultis
671 4280 704 4334 11
725 4269 856 4334 incultis
878 4271 966 4354 agris
989 4271 1093 4354 pratis
1121 4272 1247 4355 campis
1275 4271 1408 4356 pascuis
1437 4270 1528 4335 silvis
1554 4271 1648 4356 aquis
1676 4292 1877 4356 aquarumve

227 4373 418 4440 decursibus
440 4375 502 4438 viis
525 4383 558 4438 et
579 4374 676 4438 inviis
700 4373 843 4438 exitibus
866 4381 899 4437 et
920 4372 1078 4438 reditibus
1107 4375 1242 4458 quesitis
1265 4383 1297 4437 et
1318 4373 1519 4459 inquirendis
1543 4373 1757 4460 omnibusque
1779 4374 1878 4438 rebus

226 4482 354 4566 magnis
380 4501 420 4544 ac
443 4481 554 4566 parvis
576 4479 654 4543 illuc
676 4479 737 4543 rite
766 4476 1018 4563 pertinentibus,
1047 4498 1108 4541 nec
1134 4499 1201 4541 101
1226 4479 1261 4541 11
1288 4479 1374 4542 omni
1402 4479 1560 4541 comitatu
1587 4478 1723 4542 terciam
1751 4486 1877 4563 partem

176 4597 209 4644 35
226 4585 409 4650 modiorum
431 4585 518 4670 regis
542 4582 586 4648 ad
607 4583 730 4646 victum
759 4580 951 4646 clericorum
978 4580 1101 4646 ibidem
1129 4579 1191 4646 deo
1215 4581 1441 4646 famulantium
1465 4583 1497 4646 in
1520 4588 1712 4666 perpetuam
1735 4583 1879 4668 proprie-

227 4697 329 4753 tatem
342 4667 548 4754 donavimus.
575 4688 734 4752 Iussimus
750 4707 880 4771 quoque
902 4686 964 4751 hoc
986 4694 1096 4770 nostrq
1119 4684 1302 4769 largitionis
1324 4695 1514 4770 preceptum
1537 4683 1612 4748 iude
1635 4685 1798 4749 conscribi
1820 4707 1878 4770 per

228 4792 317 4877 quod
337 4791 488 4858 volumus
515 4792 714 4877 firmiterque
742 4789 907 4872 iubemus,
935 4799 1094 4875 quatenus
1123 4790 1344 4874 suprascriptq
1365 4811 1418 4852 res
1440 4788 1529 4854 nullo
1554 4809 1743 4853 successore
1766 4797 1877 4853 nostro
1965 4861 1970 4870 Χ

226 4896 428 4981 inpediente,
452 4895 510 4962 sed
533 4895 594 4961 deo
619 4893 799 4982 opitulante
823 4893 867 4959 ad
889 4893 1049 4979 prefatam
1073 4892 1205 4957 doniam
1224 4891 1276 4956 dei
1299 4891 1532 4977 perpetualiter
1554 4890 1751 4977 possidendi}
1774 4894 1879 4957 consi·

228 5009 326 5066 stant.
360 4999 404 5065 Et
426 5009 462 5065 ut
484 4999 546 5064 hoc
568 4998 788 5083 munificentiq
810 5007 921 5082 nostrq
943 5006 1133 5082 preceptum
1156 5017 1176 5060 a
1200 4994 1288 5060 nullo
1306 5017 1460 5080 umquam
1478 5017 1667 5061 successore
1683 5006 1794 5060 nostro
1810 4998 1878 5063 vio-

176 5102 392 5170 4011111111
413 5103 531 5168 violari
554 5104 743 5188 incipiatur,
779 5101 838 5167 sed
862 5101 990 5166 firmum
1017 5111 1050 5165 et
1079 5098 1195 5164 stabile
1221 5121 1279 5184 per
1309 5099 1552 5165 succedentium
1574 5108 1756 5185 temporum
1780 5102 1878 5164 curri·
1982 5151 1984 5156 .

229 5208 304 5272 cula
325 5217 517 5295 permaneat
538 5215 571 5271 et
593 5228 614 5270 a
636 5204 789 5270 fidelibus
810 5207 931 5270 nostris
953 5206 1063 5270 verius
1085 5204 1236 5270 credatur
1258 5226 1298 5268 ac
1327 5203 1514 5289 diligentius
1543 5203 1750 5286 observetur,
1780 5226 1879 5268 manu

227 5321 340 5377 nostra
362 5311 477 5376 subtus
500 5308 581 5375 illud
602 5309 805 5374 firmavimus
826 5309 980 5394 anidique
1002 5309 1104 5373 nostri
1126 5309 1329 5392 inpressione
1352 5309 1499 5392 insigniri
1522 5309 1737 5393 precepimus.

330 5449 485 5516 Salemon
507 5448 723 5514 cancellarius
747 5446 897 5514 advicem
919 5448 1077 5534 Piligrimi
1100 5447 1378 5534 archicappellani
1400 5448 1603 5532 recognovit.

334 5620 372 5676 ra
398 5622 427 5685 s)
446 5623 485 5674 on
501 5621 655 5685 assam
757 5620 783 5687 ο)
801 5623 836 5672 10
856 5619 910 5673 aa
928 5621 976 5674 aa
993 5619 1138 5675 1111
1153 5619 1351 5674 mamacas
1366 5619 1495 5688 quaram
1598 5620 1627 5682 a)
1645 5607 1776 5675 scamis
1792 5619 1823 5676 a

175 5709 210 5764 45
333 5707 373 5764 1³.
400 5707 494 5778 [Folta]
598 5711 625 5776 a)
643 5707 786 5780 walbu}
806 5708 833 5761 0.
