4500 6428
409 397 474 462 340

412 605 474 654 sivit
489 618 520 653 ac
536 603 660 667 deinceps
674 602 743 651 iuste
759 604 785 651 et
800 599 920 666 legaliter
942 598 1081 665 adquirere
1103 599 1208 664 poterit,

412 707 555 772 tranquillo
577 707 635 758 iure
656 721 704 771 per
718 705 769 755 hoc
784 707 890 754 uoshae
905 704 1071 754 auctoritatis
1086 695 1118 752 ei
1132 709 1211 752 con·

412 795 604 862 firmationis
626 815 779 875 preceptum
801 807 950 874 possideat,
974 812 1000 858 et
1022 808 1098 856 iuxta
1120 804 1210 857 defini-

412 916 511 964 tionem
540 913 715 962 antocessoris
742 912 826 962 nostri
853 908 1002 974 Liuprandi
1031 910 1101 974 regis
1131 909 1212 958 liceat

413 1019 542 1070 coenobio
572 1016 716 1067 secuudum
749 1014 867 1081 regulam
895 1014 980 1062 sancti
1010 1012 1149 1064 Benedicti
1179 1011 1212 1062 de

413 1125 521 1190 propria
542 1122 747 1188 congregatione
769 1121 893 1170 abbatem
911 1118 1017 1184 eligere,
1040 1119 1079 1167 ita
1093 1117 1213 1167 utnulla

319 1257 322 1264 ,
413 1243 492 1292 super
521 1241 567 1276 eos
595 1240 720 1291 umquam
744 1229 871 1274 extranea
892 1222 1076 1273 introducatur
1099 1235 1213 1286 persona

414 1332 519 1396 sintque
542 1344 632 1380 omnes
653 1344 696 1379 res
718 1313 821 1398 ipsius
844 1309 1004 1393 coenobii,
1028 1326 1111 1376 abbas
1135 1331 1213 1395 quo·

414 1441 477 1504 que
506 1439 532 1484 et
561 1432 684 1483 monachi
712 1432 755 1482 vel
785 1432 904 1481 homines
933 1429 1058 1480 libellarii
1088 1433 1116 1479 et
1144 1429 1213 1479 servi

414 1544 526 1587 omnes
556 1536 661 1602 aliqque
683 1551 773 1587 omues
796 1551 838 1586 res
861 1536 910 1585 suh
934 1539 1024 1584 nostra
1052 1516 1213 1603 imperiali

414 1642 567 1693 defensione
589 1641 690 1706 munite
712 1645 792 1705 atque
814 1639 937 1704 defense,
966 1641 994 1688 et
1022 1638 1044 1687 si
1070 1637 1214 1687 necessitas

415 1747 502 1808 luerit,
525 1744 557 1797 de
580 1747 660 1796 rebus
683 1762 699 1794 ιι
721 1745 806 1809 ipsius
828 1744 980 1796 monasterii
1001 1759 1049 1808 per
1066 1743 1214 1808 inquisitio-

415 1865 476 1900 nem
499 1851 704 1914 circumquaque
730 1849 892 1898 maneutium
921 1848 1051 1898 honorum
1078 1846 1215 1896 hominum

415 1953 484 2002 sicut
512 1952 545 2002 de
573 1952 670 2002 nostris
698 1933 920 2021 imperialibus
949 1951 1030 2001 rebus
1056 1951 1094 2000 rei
1117 1950 1216 2000 veritas

416 2057 585 2122 approbetur.
619 2055 766 2106 Statuimns
783 2070 889 2121 quoque
904 2061 935 2104 ut
948 2054 1039 2104 nullus
1056 2053 1216 2118 reipublice

416 2161 535 2210 minister
557 2175 643 2224 neque
665 2159 762 2224 aliquis
785 2174 817 2208 ex
840 2157 980 2208 iudiciaria
997 2148 1138 2223 potesta[te
1153 2147 1216 2216 tam]

419 2264 446 2312 ia
469 2261 622 2326 supradicta
644 2267 717 2313 corte
738 2261 888 2327 Alpeplana
906 2276 1037 2327 quamque
1060 2256 1093 2310 et
1115 2262 1142 2310 in
1157 2261 1217 2311 aliis

417 2350 562 2417 cortibus
576 2349 628 2415 vel
643 2349 725 2414 vicis
749 2364 867 2416 eiusdem
888 2365 1042 2414 monasterii
1056 2363 1154 2414 liberos
1170 2363 1217 2413 aut

419 2486 510 2520 servos
525 2469 650 2533 deinceps
670 2469 818 2534 inquietare
841 2459 907 2528 [a]ut
927 2459 970 2528 [ad
988 2459 1125 2534 placillam
1148 2458 1217 2527 [tr]a-

418 2575 480 2624 here
508 2571 551 2623 vel
579 2575 608 2622 in
636 2571 735 2623 tinibus
763 2573 848 2637 ipsius
877 2573 959 2622 curtis
988 2566 1045 2622 aui
1067 2554 1218 2621 coenobii

417 2676 544 2742 placitum
566 2681 656 2726 tenere
678 2680 725 2724 aut
747 2675 863 2740 aliquem
884 2675 1030 2741 pignorare
1045 2675 1087 2725 vel
1103 2691 1119 2724 ιι
1134 2674 1220 2725 detra-

421 2781 483 2832 here
505 2783 641 2846 presumat
657 2760 697 2828 ιιι
722 2783 770 2828 ant
789 2794 879 2828 servos
901 2794 981 2843 super
1002 2763 1147 2849 aliquam
1168 2783 1219 2828 ter-

418 2899 474 2934 ram
493 2885 578 2949 ipsius
600 2867 789 2932 monasterii
813 2887 1008 2933 commanentes
1024 2881 1220 2948 distringendos

417 3005 467 3038 nec
489 2987 558 3038 ullas
577 2986 751 3038 redibitiones
772 2992 819 3036 aut
833 2986 950 3037 inlicitas
966 2988 1119 3038 occasiones
1134 2987 1220 3052 requi-

420 3091 515 3143 rendas
537 3090 640 3158 ingredi
663 3089 775 3155 audeat;
798 3095 825 3141 et
846 3084 999 3156 quioquid⁸
1021 3091 1118 3141 exinde
1140 3089 1220 3140 fiscus

422 3201 512 3248 rioster
540 3195 584 3246 vel
611 3209 674 3260 pars
702 3193 812 3260 publica
840 3209 946 3258 sperare
968 3195 1070 3259 potuit,
1101 3176 1220 3244 eodemh

419 3306 511 3351 sancto
533 3299 693 3350 monasterio
716 3297 862 3349 secundum
891 3299 1088 3349 concessionem
1111 3304 1137 3348 et
1158 3313 1220 3348 con-

419 3404 593 3455 firmationem
607 3402 767 3468 Lintpraudi
789 3403 860 3468 regis
884 3402 1049 3467 aliorumque
1070 3418 1162 3468 regum
1177 3403 1219 3452 vel

420 3512 607 3574 imperatorum
635 3507 851 3573 predecessorum
880 3507 1020 3572 sollempni
1042 3511 1069 3556 et
1090 3512 1220 3571 perpetua

420 3613 565 3664 stabilitate
592 3611 742 3677 firmamus3
772 3618 798 3664 et
827 3611 1048 3678 quandocumque
1075 3611 1219 3660 necessitas

420 3717 553 3777 imminet,
579 3730 662 3765 naves
684 3701 787 3785 ipsius
810 3698 962 3766 coenobii
984 3730 1031 3779 per
1052 3715 1220 3764 'ficinensem

421 3824 448 3869 et
469 3818 536 3869 Padi
558 3824 663 3884 portum
685 3835 817 3884 quamque
839 3835 886 3884 per
913 3799 1085 3885 quamlibeth
1108 3817 1219 3868 alterum

422 3922 572 3973 discurrant
593 3923 694 3988 absque
716 3923 830 3974 alicuius
851 3922 1039 3988 impedimento
1059 3921 1101 3972 vel
1122 3921 1221 3972 telonei

423 4026 573 4076 exaccione.
614 4025 789 4076 Coucedimns
817 4028 869 4092 ipsi
897 4029 990 4077 sancto
1021 4026 1100 4076 etiam
1122 4042 1139 4073 ιι
1160 4025 1220 4075 Ιοοο

422 4146 513 4180 omnes
536 4131 715 4195 carpentarios
737 4131 798 4182 illos
824 4147 891 4197 quos
919 4114 1067 4200 possidet
1094 4144 1141 4194 per
1163 4144 1221 4194 pre·

423 4235 492 4298 cepti
521 4235 645 4300 paginam
667 4249 684 4283 a
705 4240 823 4299 tempore
850 4234 1025 4285 antecessoris
1053 4233 1136 4283 nostri
1157 4233 1221 4282 Liu-

423 4336 517 4402 prandi
540 4339 609 4404 regis
631 4338 659 4388 in
680 4338 752 4389 valle
774 4354 825 4405 quq
848 4337 945 4389 dicitur
959 4337 1099 4388 antelamo
1113 4336 1157 4388 vel
1176 4351 1222 4387 eos

423 4442 468 4506 qui
491 4446 554 4492 sunt
576 4442 604 4490 in
626 4459 642 4490 ιι
663 4441 792 4493 Besozolo
816 4457 875 4492 cum
898 4440 960 4490 filiis
987 4439 1146 4506 filiabusque
1175 4455 1221 4490 seu

423 4547 494 4596 omni
517 4547 653 4613 agnitione
675 4563 775 4610 eorum,
797 4552 828 4597 nt
849 4552 967 4611 ternpore
983 4549 1114 4610 oportuno
1129 4561 1146 4594 ιι
1161 4559 1221 4608 ope-

423 4651 506 4701 rando
535 4652 686 4703 deserviant
711 4636 775 4721 ipsi
798 4645 830 4701 et
857 4651 956 4715 posteri
985 4664 1076 4700 eorum
1104 4650 1133 4699 in
1154 4635 1222 4699 iam

424 4739 512 4805 dieto
543 4755 672 4808 coenobio
701 4755 803 4821 absque
832 4753 888 4804 ulla
916 4753 1102 4804 retractatione
1130 4768 1221 4818 perpe-

424 4861 539 4912 tualiter.
564 4853 763 4922 ¹Contirmamu‘s
785 4859 865 4909 etiam
880 4856 964 4909 eidem
979 4873 996 4906 ιι
1011 4857 1140 4908 coenobio
1157 4858 1190 4907 ob
1206 4873 1222 4905 ιι

449 5012 523 5068 241⁰.
542 5015 568 5077 i)
587 5009 721 5080 presumat
744 5014 788 5066 vel
815 5013 876 5065 loca
898 5015 933 5065 ad
956 5013 1104 5064 audiendas
1128 5029 1221 5064 musas

543 5083 586 5133 vel
604 5083 679 5134 freda
697 5083 829 5149 exigenda
840 5090 887 5134 aut
898 5085 998 5134 tributa
1010 5083 1052 5134 vel
1071 5086 1222 5134 mansiones

542 5157 588 5203 aut
616 5157 722 5218 paratas
746 5153 882 5204 iaciendas
906 5168 956 5203 nec
977 5152 1145 5204 fideiussores
1172 5153 1221 5203 tol·

542 5222 621 5272 leudo
639 5228 686 5272 aut
709 5222 829 5272 homines
854 5222 971 5272 eiusdem
994 5223 1124 5273 ecclesiae
1147 5223 1221 5288 iuge·

544 5305 611 5340 nuos
629 5291 672 5340 vel
691 5307 782 5342 servos
803 5290 857 5341 VU.
931 5291 961 5358 g)
980 5307 995 5341 c
1012 5291 1074 5342 dhe·
1090 5290 1137 5342 der
1152 5289 1222 5342 Zeila

543 5359 730 5425 nachpelruyen
797 5360 825 5422 h)
844 5358 877 5410 A.

1006 399 1456 460 KAISERURKUNDEN.

1262 613 1341 664 super
1356 613 1402 650 eos
1417 596 1492 647 nulla
1506 611 1631 663 umquam
1650 602 1780 648 muanea
1805 594 2022 648 introducatur
2045 609 2106 660 per-

1262 717 1328 752 sona
1349 703 1454 768 sintque
1476 717 1568 752 omnes
1589 717 1631 752 res
1646 702 1730 766 ipsius
1746 702 1899 764 coenobii,
1927 700 2025 750 abbas
2041 715 2108 765 quo-

1262 821 1314 872 qne
1337 811 1364 856 et
1385 806 1508 856 monachi
1530 805 1574 856 vel
1596 805 1715 856 homines
1736 805 1880 856 libellarii
1908 811 1941 855 et
1958 805 2038 854 servi
2055 819 2110 853 om-

1263 925 1310 962 ues
1332 910 1437 976 alisque
1453 925 1543 960 omnes
1558 925 1601 960 res
1617 910 1666 960 sub
1688 915 1786 960 nostra
1811 899 1979 974 imperia.[li
2007 898 2113 967 dehen-

1263 1016 1337 1064 sione
1359 1015 1461 1078 munite
1484 1019 1563 1078 atque
1587 1012 1709 1078 defense,
1733 1017 1760 1064 et
1777 1013 1803 1061 si
1826 1011 2001 1062 necessitas
2019 1008 2146 1070 fueriti

1264 1117 1297 1168 de
1325 1119 1405 1168 rebus
1434 1118 1518 1182 ipsius
1541 1100 1693 1166 coenobii
1715 1132 1765 1182 per
1797 1117 2036 1182 inquisitionem
2065 1116 2115 1164 cir·

1264 1221 1488 1272 commanentium
1510 1221 1639 1271 bonorum
1662 1220 1806 1272 hominum
1832 1221 1919 1268 sicut
1946 1219 1984 1270 de
2010 1221 2118 1270 nostris

1264 1324 1446 1389 imperialibus
1462 1325 1541 1374 rebus
1556 1326 1594 1374 rei
1610 1325 1708 1375 veritas
1725 1324 1924 1389 adprobetur.
1954 1322 2119 1374 Statuimus

1265 1445 1370 1495 quoque
1392 1434 1423 1477 ut
1444 1427 1535 1478 nullus
1557 1430 1594 1478 rei
1612 1428 1719 1493 publice
1733 1409 1869 1480 minister
1888 1444 1994 1494 neque
2013 1428 2118 1493 aliquis

1265 1549 1298 1582 ex
1319 1531 1459 1582 iudiciaria
1473 1538 1603 1597 potestate
1619 1535 1715 1582 tamin
1731 1532 1909 1598 supradicta
1928 1538 2014 1584 corte
2032 1533 2117 1597 Alpe-
2137 1535 2165 1582 10

1265 1638 1346 1703 plana
1368 1651 1507 1702 quamque
1523 1629 1559 1696 [et
1581 1627 1618 1696 in]
1640 1637 1700 1686 aliis
1723 1637 1854 1686 cortibus
1873 1637 1927 1686 vel
1946 1638 2025 1688 vicis
2045 1639 2118 1686 eins

1266 1741 1326 1792 dem
1340 1743 1494 1792 monasterii
1516 1741 1615 1791 liberos
1638 1748 1685 1790 aut
1706 1756 1803 1790 servos
1828 1741 1981 1806 deinceps
2008 1743 2119 1808 inquie-

1266 1852 1323 1898 tare
1345 1852 1392 1896 aut
1414 1845 1449 1896 ad
1471 1846 1598 1911 placitum
1621 1845 1725 1896 trahere
1747 1845 1795 1895 vel
1819 1847 1853 1894 in
1881 1845 2001 1896 finibus
2026 1848 2119 1911 ipsius

1267 1952 1348 2001 cortis
1379 1955 1426 2000 aut
1454 1950 1577 2000 coenobii
1605 1949 1733 2015 placitum
1760 1955 1864 2000 tenere
1899 1956 1956 2000 aut
1989 1951 2117 2016 aliquem

1266 2055 1407 2119 pignorare
1436 2053 1479 2103 vel
1508 2052 1645 2104 detrahere
1674 2059 1815 2117 presumat
1845 2070 1895 2102 a*
1926 2061 1983 2105 ant
2016 2061 2163 2110 cervonii

1268 2173 1348 2222 super
1363 2157 1479 2222 aliquam
1494 2163 1589 2207 terram
1605 2159 1689 2221 ipsius
1704 2159 1870 2208 monasterii
1890 2167 2114 2212 commanentes

1269 2261 1464 2328 distringendos
1494 2277 1544 2312 uec
1572 2262 1641 2312 ullas
1672 2261 1854 2312 redibitiones
1894 2270 1950 2314 ant
1985 2265 2114 2316 inlicitas

1270 2368 1423 2416 occasiones
1445 2365 1616 2431 requirendas
1639 2365 1741 2431 ingredi
1764 2366 1892 2430 audeat;
1919 2374 1949 2418 et
1970 2369 2111 2434 quicquid

1270 2470 1365 2520 exinde
1387 2469 1467 2520 fiscus
1490 2475 1581 2520 noster
1595 2469 1639 2520 vel
1653 2484 1714 2534 pars
1729 2469 1845 2534 publica
1863 2487 1989 2536 sperare
2007 2475 2109 2537 potuit,

1270 2558 1375 2624 eidem
1392 2558 1552 2624 coenobio
1576 2573 1721 2624 secundum
1743 2576 1965 2625 concessionem
1990 2581 2021 2626 et
2043 2593 2108 2626 con·
2126 2581 2157 2627 20

1270 2677 1445 2730 hunctionem
1460 2678 1619 2744 Lintpraudi
1641 2680 1711 2745 regis
1733 2678 1913 2744 aliorumque
1939 2697 2044 2746 regum
2061 2680 2106 2730 vel

1270 2786 1458 2848 imperatorum
1493 2783 1708 2847 predecessorum
1736 2765 1835 2831 firma
1873 2789 1903 2834 et
1941 2775 2105 2850 peripetula

1271 2889 1418 2940 stabilitate
1446 2886 1596 2952 firmamus;
1626 2893 1652 2938 et
1680 2886 1912 2953 quandocumque
1943 2891 2102 2941 necessitas

1271 2995 1398 3056 imminet,
1422 3007 1503 3042 naves
1525 2993 1610 3057 ipsius
1633 2991 1753 3042 coenobii
1777 3006 1825 3055 per
1851 2991 1950 3042 Ticini
1976 2999 2006 3043 et
2029 2993 2098 3042 Padi

1271 3101 1376 3162 portum
1407 3087 1548 3161 [quamque
1575 3111 1623 3160 per
1650 3085 1806 3161 qulemlibst
1834 3095 1961 3146 alterurn
1990 3097 2096 3146 discnr-
2114 3103 2144 3150 25

1271 3206 1332 3250 rant
1353 3201 1454 3266 absque
1476 3199 1590 3250 alicuius
1611 3199 1798 3264 impedimento
1817 3183 1865 3249 vel
1887 3199 1996 3250 telonei
2014 3215 2094 3250 exac-

1271 3305 1352 3354 tione.
1390 3303 1565 3354 concedimus
1594 3304 1672 3352 etiam
1700 3303 1750 3366 ipsi
1778 3307 1875 3352 sancto
1904 3303 1972 3355 loco
1995 3320 2092 3354 omnes

1273 3409 1453 3473 carpentarios
1475 3407 1536 3458 illos
1559 3423 1626 3473 quos
1647 3403 1765 3471 possidet
1787 3421 1835 3470 per
1858 3409 1987 3472 precepti
2012 3409 2089 3474 pagi-

1272 3528 1333 3562 nam
1356 3526 1374 3561 a
1394 3517 1512 3576 tempore
1534 3511 1708 3562 antecessoris
1729 3510 1812 3560 nostri
1829 3511 1998 3575 Lintpraudi
2015 3513 2087 3577 regis

1272 3618 1300 3666 in
1322 3615 1392 3666 valle
1414 3631 1466 3681 que
1489 3615 1587 3664 dicitur
1601 3613 1740 3664 dntelamo
1756 3613 1800 3664 vel
1823 3631 1870 3664 eos
1893 3617 1944 3680 qui
1968 3622 2034 3666 sunt
2057 3617 2084 3665 in
2100 3620 2132 3668 30

1271 3718 1401 3770 Besozolo
1425 3733 1485 3768 cum
1507 3716 1570 3767 filiis
1591 3715 1750 3782 filiabusque
1772 3733 1819 3766 seu
1844 3719 1918 3767 omni
1943 3720 2084 3784 agnitione

1273 3839 1378 3886 eorum,
1408 3826 1439 3872 ut
1460 3827 1579 3886 tempore
1601 3813 1740 3888 opor[tuno
1764 3821 1900 3885 operando
1927 3821 2081 3872 deserviant

1272 3927 1323 3991 ipsi
1346 3931 1373 3976 et
1394 3925 1494 3990 posteri
1516 3917 1616 3984 eorum]
1642 3926 1670 3974 in
1692 3927 1744 3974 iam
1767 3924 1839 3974 dicto
1863 3907 1999 3976 coenobio
2021 3926 2078 3975 abs-

1272 4045 1324 4096 que
1339 4046 1355 4078 ιι
1370 4030 1528 4080 retractione
1550 4028 1745 4093 perpetualiter.
1779 4026 1976 4078 Confirmamus
1998 4031 2077 4080 etiarn

1273 4132 1357 4184 eidem
1380 4133 1509 4184 coenobio
1531 4133 1565 4182 oh
1588 4137 1704 4182 nostram
1719 4147 1736 4178 ιι
1751 4130 1863 4180 salutern
1879 4131 2047 4182 corticellam
2061 4149 2077 4180 ιι
2093 4135 2124 4184 36

1273 4237 1397 4287 Malliace
1420 4242 1447 4287 et
1468 4236 1577 4286 alteram
1596 4227 1665 4301 [quq]
1681 4235 1778 4286 dicitur
1793 4234 1932 4285 Calauade
1948 4239 1974 4286 et
1989 4236 2076 4300 capel·

1273 4340 1326 4390 lam
1356 4355 1407 4406 quq
1435 4345 1475 4390 est
1503 4331 1512 4399 [
1519 4375 1757 4390 .............
1763 4320 1797 4397 ]¹'
1824 4339 1853 4386 iu
1875 4337 2028 4388 subsidium
2050 4344 2076 4389 et

1274 4444 1493 4494 sustentationem
1513 4442 1702 4492 monachorum
1717 4431 1786 4500 [cum
1802 4440 1929 4492 omnibus
1943 4443 2074 4506 pertinen·

1273 4549 1318 4598 tiis
1340 4538 1409 4607 cum]
1438 4547 1521 4598 servis
1544 4551 1571 4598 et
1593 4544 1697 4596 ancillis
1719 4549 1798 4610 atquc
1825 4543 1981 4596 aldionibus
2009 4549 2077 4602 iuste

1274 4657 1300 4703 et
1322 4651 1442 4718 legaliter
1464 4667 1481 4700 ιι
1502 4650 1705 4715 pertinentibus.
1742 4648 1854 4712 Insuper
1877 4649 1958 4698 etiarn
1982 4649 2073 4700 confir·
2091 4655 2122 4704 40

1274 4771 1375 4806 mamus
1397 4761 1424 4806 et
1446 4755 1647 4806 corroboramus
1669 4753 1754 4803 eidem
1775 4769 1792 4802 ιι
1814 4752 1946 4804 coenobio
1976 4760 2074 4805 cortem

1273 4859 1409 4910 Pauonem
1431 4865 1452 4907 a
1475 4842 1618 4929 quodam
1640 4839 1850 4924 honor[abi]li
1872 4841 1945 4906 viro
1969 4841 2074 4907 eidem

1302 5012 1496 5075 2⁴1⁶.b)hier
1517 5016 1551 5063 iat
1573 5013 1617 5064 die
1639 5012 1738 5076 Schrifl
1760 5013 1788 5061 in
1810 5013 1881 5061 einer
1896 5011 2072 5078 Amdehnreip

1392 5099 1442 5134 oon
1459 5089 1524 5133 atico
1535 5083 1656 5133 emens
1671 5081 1838 5132 mimae-n
1848 5083 1970 5144 waldet,-
1989 5083 2076 5134 indm
2089 5117 2091 5128 ,

1393 5153 1478 5202 dieser
1489 5153 1574 5204 Roam
1586 5149 1637 5214 fiir
1648 5150 1780 5202 dicentem
1791 5148 1898 5214 ,dinfiip
1911 5150 2076 5202 Bacbrtnben
2092 5163 2123 5212 45

1394 5220 1545 5272 αιιιιιίοὴιιι
1570 5220 1666 5281 scatade,
1694 5235 1762 5269 ιιιιιιι
1779 5221 1808 5268 ia
1825 5219 1852 5268 B
1869 5225 1949 5268 etwas
1967 5221 2076 5270 anderen

1394 5289 1434 5339 cle
1457 5292 1486 5339 ιἰι
1507 5288 1530 5340 Δ
1551 5289 1692 5355 putandae
1715 5287 1809 5350 Ιιιιοιιι,
1835 5287 1978 5351 miiplicher·
1997 5289 2078 5340 Weiss

1393 5375 1444 5408 ιιιιι
1469 5359 1526 5410 eine
1551 5359 1647 5408 οιιιίιιι
1670 5353 1849 5420 Beaeiclinuap
1873 5355 1921 5406 der·
1944 5359 1973 5406 ιἰι
1995 5358 2076 5424 Age-

1392 5435 1507 5478 ananten
1522 5426 1641 5492 Oopelte5
1659 5426 1721 5476 oder·
1737 5425 1804 5475 anch
1821 5423 1865 5474 die
1882 5425 2008 5476 oberhdd
2025 5428 2079 5478 aad

1395 5496 1530 5547 melae
1541 5497 1589 5548 der
1601 5495 1671 5546 Zeila
1688 5493 1833 5546 richeim
1846 5493 2080 5548 Buchatudemate
2096 5517 2127 5564 50

1389 5562 1937 5631 puemitichtaudenWor-tenooad,
1963 5581 1994 5615 ιο
2017 5566 2080 5618 deu

1394 5635 1448 5699 ans
1465 5637 1521 5686 eine
1544 5633 1700 5699 Amfinhnq
1717 5633 1803 5684 dicer
1818 5629 1906 5684 Lucae
1924 5635 1955 5684 ιἰι
1971 5634 2001 5686 Β
2024 5651 2081 5690 eer-

1392 5704 1483 5755 entre
1505 5703 1608 5774 trader
1634 5719 1711 5770 maur,
