4576 6428
879 414 1005 472 ΟΤΤΟ
1027 415 1050 471 Ι.
1075 411 1148 471 963.
1628 451 1630 456 -
1775 409 1837 476 367
1907 447 1910 454 ·

191 627 314 662 exorasse
336 612 516 674 clementiam,
539 615 669 676 quatenus
691 611 824 677 quandam
853 616 953 663 curtem
975 613 1041 663 iuris
1063 615 1138 680 regni
1160 615 1244 663 nostri
1266 629 1318 680 que
1340 614 1437 664 dicitur
1458 615 1602 679 Musestre,
1624 633 1642 664 a
1663 617 1788 668 videlieet
1809 619 1838 667 in

191 717 318 767 comitatu
339 716 515 778 Tarvisiensi,
549 708 634 766 cum⁶
661 715 730 765 silva
757 715 795 766 de
812 697 954 766 Uiualdu‘i
984 729 1031 767 sen
1060 718 1140 767 etiam
1170 732 1230 767 cum
1258 716 1325 767 villa
1353 725 1508 783 nuncupata
1535 715 1690 770 Barbarana
1718 726 1745 770 et
1773 737 1834 771 cum

191 821 322 871 universis
344 820 379 870 ad
401 835 459 870 eam
481 825 582 871 curtem
604 821 798 884 pertinentibus
821 819 865 870 vel
887 820 1077 885 aspicientibus
1099 836 1149 871 nec
1171 837 1224 871 non
1247 826 1274 870 et
1295 815 1429 892 pratum
1452 809 1667 894 pertinentem
1696 808 1736 873 de
1764 811 1836 894 ipso

192 910 348 973 comitatu
370 908 579 974 Tarvisiense
602 907 691 995 quod
714 907 832 973 dicitur
845 907 968 993 Regale
991 917 1023 972 et
1043 925 1217 987 piscationem
1239 925 1266 972 in
1289 924 1370 975 fluvio
1393 926 1439 991 qui
1462 925 1559 976 dicitur
1581 925 1643 991 Syls
1665 921 1736 993 ρετ*
1758 929 1838 978 huius

156 1029 172 1077 b
191 1027 275 1076 nostri
296 1027 414 1091 precepti
435 1027 559 1092 paginam
575 1027 631 1077 inre
646 1027 820 1091 proprietario
834 1008 937 1075 Uituli
953 1007 1123 1076 candiano
1147 1025 1218 1077 fideli
1240 1032 1330 1077 nostro
1353 1028 1498 1080 concedere
1521 1029 1697 1095 dignaremur.
1735 1013 1837 1081 Cuius

190 1129 363 1194 petitionibus
391 1144 469 1196 aures
496 1135 586 1180 nostre
613 1130 719 1194 pietatis
747 1129 912 1180 inflectentes
935 1131 988 1179 iarn
1016 1128 1113 1180 dictam
1143 1135 1244 1180 curtem
1270 1147 1322 1197 qne
1352 1131 1450 1182 dicitur
1471 1133 1602 1184 Musestre
1624 1134 1788 1184 adiacentem
1810 1136 1838 1184 in

190 1234 318 1283 comitatu
332 1234 501 1284 'lmvisiense
519 1249 580 1284 cum
595 1233 664 1282 silva
678 1233 711 1283 de
726 1213 869 1284 Uiualdn‘1
892 1247 939 1284 seu
962 1218 1061 1282 eiiam
1083 1249 1144 1283 cum
1165 1233 1231 1283 villa
1252 1241 1407 1299 nuncupata
1421 1235 1576 1287 Barbaraua
1590 1242 1617 1288 et
1632 1253 1691 1288 cum
1707 1238 1838 1288 universis
1908 1219 1910 1224 ⁸

190 1335 225 1385 ad
246 1342 411 1402 pretaxatam
439 1343 539 1408 curtem
567 1337 761 1401 pertinentibus
789 1320 841 1385 vel
871 1322 918 1386 eis
945 1335 1151 1400 aspicientibus,
1178 1351 1238 1385 cum
1260 1339 1337 1388 terris
1359 1341 1480 1389 aratoriis
1503 1355 1550 1390 seu
1572 1357 1589 1388 a
1610 1341 1696 1391 vineis
1717 1357 1734 1390 a
1755 1342 1839 1406 pratis

190 1442 297 1505 pascuis
312 1441 387 1490 silvis
401 1441 589 1492 venationibus
603 1440 694 1491 saletis
709 1421 881 1490 sauombus‘
900 1439 1073 1505 pensionibus
1094 1433 1241 1490 redditibus
1264 1440 1412 1504 sterpaticis
1434 1440 1578 1506 paludibus
1601 1443 1677 1507 aquia
1700 1458 1838 1508 aquarum·

141 1549 243 1610 quue
265 1545 420 1596 decursibus
447 1543 605 1596 molendinis
633 1545 826 1608 piscationibus
854 1545 938 1595 servis
960 1548 987 1594 et
1008 1543 1113 1594 ancillis
1140 1542 1292 1594 aldionibus
1314 1549 1342 1594 et
1363 1543 1485 1595 aldiabus
1513 1547 1649 1596 montibus
1670 1546 1837 1612 planiciebus

191 1650 331 1701 arboribus
352 1649 519 1715 pomiferis*
534 1663 581 1699 seu
604 1663 664 1698 cum
687 1648 810 1697 omnibns
832 1663 884 1713 que
906 1646 958 1697 dici
978 1647 1021 1697 vel
1036 1647 1166 1697 nominari
1187 1652 1300 1712 possunt
1315 1647 1348 1697 ad
1363 1649 1492 1712 prefatam
1515 1655 1615 1700 curtem
1636 1650 1838 1716 pertinentibus,

191 1769 240 1804 nec
262 1769 316 1804 non
338 1759 365 1803 et
386 1747 516 1824 pratum
542 1738 759 1823 pertinentem
788 1733 828 1800 de
855 1734 1003 1822 predicto
1032 1737 1191 1800 comitatu
1212 1735 1421 1802 Tarvisieuse
1453 1738 1541 1824 quod
1569 1739 1688 1804 dieitur
1709 1749 1838 1825 pratum

189 1841 313 1926 Regale
335 1850 367 1905 et
389 1857 561 1921 piscationem
583 1857 612 1904 in
634 1855 715 1905 fluvio
731 1853 802 1918 Syle,
825 1848 917 1904 sicut⁰
939 1859 1049 1903 actenus
1071 1852 1105 1902 ad
1128 1857 1244 1904 nostram
1266 1854 1429 1919 imperialem
1451 1857 1579 1920 pertinuit
1600 1863 1709 1921 partem,
1731 1844 1765 1906 in
1785 1859 1838 1906 iam

191 1960 261 2011 dicto
283 1942 384 2010 Vitali
409 1940 580 2008 candiano
604 1942 762 2008 Uenetico
791 1956 863 2008 fideli
886 1961 976 2007 nostro
998 1972 1045 2021 per
1067 1957 1136 2006 hanc
1158 1961 1248 2007 nostre
1270 1956 1420 2008 donationis
1443 1974 1492 2009 seu
1513 1961 1692 2010 concessionis
1713 1962 1838 2026 paginam

141 2065 174 2113 ib
191 2065 249 2114 iure
271 2064 445 2128 proprietario
469 2062 637 2112 concedimus
656 2067 684 2112 et
698 2061 827 2112 donamus
850 2065 877 2110 et
899 2050 949 2120 [de]
972 2063 1062 2110 nostro
1084 2060 1142 2110 inre
1157 2064 1185 2110 et
1200 2059 1316 2110 dominio
1338 2061 1440 2111 ineius
1462 2063 1504 2111 ius
1519 2067 1546 2112 et
1561 2063 1706 2113 dominium
1729 2065 1836 2114 omnino

191 2168 318 2233 largimur
338 2173 365 2218 et
386 2167 539 2234 delegamus
554 2165 588 2216 ad
603 2165 754 2216 habendum
774 2164 918 2215 tenendum
940 2163 1108 2214 vendendum
1130 2162 1282 2214 donandum
1305 2165 1520 2215 commutandum
1543 2171 1570 2217 et
1589 2182 1638 2231 pro
1661 2167 1750 2216 anima
1770 2167 1839 2216 indi-

190 2271 311 2334 candum,
333 2271 455 2322 faciendo
478 2269 573 2321 exinde
595 2270 722 2336 quicquid
744 2270 801 2320 eius
817 2268 963 2319 decreverit
984 2270 1097 2331 animem
1120 2272 1212 2318 nosne
1232 2268 1386 2333 plenissima
1407 2269 1539 2336 largitate,
1561 2272 1679 2321 omnium
1702 2253 1838 2321 hominnm

190 2373 399 2425 connadictione
420 2378 529 2423 remota
562 2371 666 2439 Siquis
688 2373 770 2438 igitur
791 2371 842 2422 hoc
864 2378 953 2423 nostre
975 2372 1126 2423 donationis
1148 2386 1196 2421 seu
1219 2373 1397 2424 concessionis
1419 2380 1573 2440 preceptum
1595 2392 1611 2424 s
1633 2375 1776 2441 infringere
1792 2381 1839 2425 aut

190 2479 369 2530 contradicere
392 2463 502 2550 aliquo
531 2469 678 2547 tempore
700 2477 840 2541 quesierit,
870 2477 937 2526 sciat
959 2491 987 2526 se
1010 2476 1218 2540 compositurum
1239 2476 1297 2524 auri
1321 2478 1413 2541 optimi
1436 2462 1536 2527 libras
1566 2473 1712 2546 centum,
1741 2479 1838 2530 medie-

139 2581 272 2633 illistam
294 2598 397 2633 camere
418 2587 508 2632 nostre
530 2586 558 2631 et
579 2580 747 2630 medictatem
768 2580 821 2630 iam
844 2578 915 2629 dicto
937 2563 1039 2629 Uituli
1063 2561 1233 2628 Gaudiano
1254 2563 1412 2630 Uenetico
1436 2583 1543 2646 suisque
1566 2581 1707 2632 heredibus
1730 2583 1772 2632 vel
1794 2585 1839 2632 cni

191 2687 248 2750 ipse
277 2684 379 2735 dederit
406 2690 454 2733 aut
481 2684 578 2734 habere
608 2683 775 2734 concesserit.
813 2681 892 2743 Quod
913 2686 944 2732 ut
965 2683 1054 2733 verius
1085 2682 1207 2733 credatur
1230 2689 1257 2734 et
1278 2683 1432 2750 diligentius
1459 2685 1493 2734 ab
1523 2685 1645 2736 omnibus
1675 2686 1838 2749 observetur,

191 2805 272 2840 mann
293 2790 402 2855 propria
423 2789 578 2840 roborantes
601 2788 634 2838 de
657 2787 738 2839 anulo
760 2791 851 2837 nosue
874 2787 966 2837 subter
987 2789 1109 2853 insigniri
1130 2789 1264 2838 iussimus.

233 2968 235 2971 .
295 2910 431 2996 Signum
454 2910 564 2976 domni
589 2909 746 2977 Ottonis⁸
770 2912 834 2993 (tl.)
859 2911 969 2996 magni
991 2920 1023 2975 et
1044 2911 1250 2975 invictissimi
1272 2912 1478 2996 imperatoris
1501 2913 1641 2996 augusti.

293 3010 506 3100 Liutgcriush
526 3013 741 3079 cancellarius
752 3014 905 3080 advicem
920 3012 1082 3080 Uuidonis
1098 3015 1245 3099 episcopi
1263 3011 1317 3096 [et]
1335 3013 1614 3080 archicancellarii
1635 3019 1837 3101 recognovit.

140 3168 174 3216 aa
293 3152 383 3216 Data
405 3169 466 3216 v11.
489 3151 557 3216 kal.
581 3151 775 3238 septembris
798 3173 883 3216 anno
908 3150 1070 3216 dominice
1092 3152 1326 3216 incarnationis
1349 3165 1563 3236 Dcccctxm,
1590 3150 1768 3217 indictione
1792 3171 1838 3237 vr,

192 3278 277 3322 anno
300 3257 429 3342 imperii
452 3257 562 3340 magni
579 3254 735 3321 Ottonisg
757 3257 962 3342 imperatoris
986 3257 1117 3340 augrreti
1139 3273 1184 3337 113
1207 3263 1318 3318 actum
1332 3255 1366 3319 in
1381 3263 1491 3319 monte
1507 3255 1631 3320 Feretri
1653 3255 1697 3319 ad
1711 3266 1839 3341 petram

192 3361 296 3425 sancti
318 3361 450 3425 Leonis.

971 3513 1058 3587 258.

200 3668 280 3746 Ono
305 3670 465 3768 bestdnpt
487 3669 567 3743 dem
584 3669 729 3743 Kloster
745 3667 784 3745 S.
806 3671 986 3745 Ζαεεεεὶε
1009 3695 1054 3742 εει
1068 3629 1232 3767 1ῑῘεεεεᾶἄρ
1259 3668 1382 3744 desen
1398 3669 1637 3768 Besitznnpen
1661 3669 1742 3743 aad
1758 3695 1837 3744 vcr-

140 3815 174 3862 so
191 3791 274 3866 lcibt
290 3793 363 3866 ἄιεη
380 3789 508 3868 Setun
524 3790 605 3864 aad
622 3791 844 3865 Immuaitdt.
1377 3812 1414 3873 S:
1432 3812 1494 3872 Leo
1516 3815 1580 3873 963
1602 3812 1720 3886 Aupust
1741 3816 1794 3873 26.

294 3981 382 4058 Copia
396 3984 446 4044 dee
461 3987 512 4046 12.
526 3984 579 4045 Jb.
596 3985 639 4042 im
653 3982 681 4042 Ιε.
695 3983 898 4043 Staetsarcbiv
911 4002 952 4044 en
965 3984 1089 4058 Vencdip
1103 3983 1164 4064 (A).
1180 4017 1218 4026 -
1233 3983 1321 4058 Oopie
1336 3985 1386 4044 des
1401 3989 1452 4046 18.
1467 3984 1520 4046 Jb.
1537 4003 1593 4045 aaa
1605 3985 1633 4043 A
1649 3984 1759 4044 abendo
1773 3983 1784 4063 (
1814 3983 1836 4062 ).

293 4121 426 4181 Burseni
440 4121 473 4180 Il
494 4121 617 4180 silenzio
638 4120 671 4179 di
687 4120 718 4180 S.
737 4121 891 4194 Ζαεεαείε,
909 4122 1068 4196 pauleque*
1086 4116 1123 4181 0¹
1144 4144 1185 4175 =
1207 4119 1361 4182 Camelitas
1376 4122 1455 4183 Εεᾶ.
1477 4122 1601 4183 Venetae
1622 4126 1674 4192 11,
1698 4123 1771 4182 351.
1793 4153 1837 4165 -

293 4224 431 4284 Lcibnds
453 4223 534 4283 Arm.
560 4228 591 4295 3,
617 4225 678 4284 114
708 4222 936 4300 aneolistdadip.
971 4259 1013 4270 -
1046 4224 1419 4286 encaemorum
1449 4229 1491 4286 68
1519 4231 1554 4284 n⁰
1577 4228 1618 4284 46
1648 4241 1705 4283 aas
1726 4223 1765 4284 A.
1796 4257 1838 4267 -

294 4327 424 4402 Stwupf
441 4330 515 4402 Rea.
539 4332 613 4389 330.

294 4465 430 4537 Vcrfoeat
452 4465 517 4524 med
537 4465 614 4525 noch
635 4464 700 4523 dem
715 4463 864 4525 nonen
885 4465 961 4524 uach
979 4465 1164 4539 εεεεᾶνᾶεᾶεε
1185 4482 1242 4525 von
1262 4467 1304 4524 It.
1322 4463 1353 4526 O.
1376 4499 1419 4510 -
1440 4465 1554 4525 30εοῙᾶ
1575 4464 1624 4522 dic
1638 4462 1793 4535 Abscbrist
1808 4463 1838 4521 Β

292 4570 338 4629 als
360 4571 413 4629 der
433 4571 535 4631 ἄᾶεᾶε
555 4569 661 4629 Druck
682 4570 752 4628 εᾶιᾶ
773 4569 905 4641 offertor
926 4586 982 4629 aas
1004 4569 1057 4628 der
1079 4567 1168 4644 Cupie
1189 4571 1217 4628 A
1239 4569 1404 4644 abusam
1431 4569 1524 4629 daber
1545 4566 1672 4640 darftcn
1693 4571 1737 4628 sie
1757 4568 1837 4626 nicht

261 4678 262 4681 ’
293 4672 349 4746 fiir
370 4675 571 4736 Emesdma‘cn
592 4676 642 4735 das
667 4677 771 4735 Teates
792 4692 848 4734 von
870 4672 900 4732 A
921 4675 1083 4734 εενιεεεᾶἄ
1104 4673 1234 4746 aeden,
1264 4675 1390 4733 eoadem
1411 4690 1474 4732 aar
1493 4690 1552 4731 aar
1573 4670 1763 4744 Aasfstllnnp
1786 4671 1839 4728 ἄεν

292 4777 414 4838 Laches
435 4779 538 4838 εεᾶἄιε
559 4779 614 4839 dne
629 4780 705 4853 istri
727 4796 777 4838 am
798 4779 914 4837 rechten
934 4777 1043 4839 Raude
1064 4778 1148 4837 storlc
1170 4777 1352 4851 bescbdds'poe
1371 4775 1401 4835 A
1422 4775 1573 4835 derbictct.
1604 4775 1675 4834 Was
1697 4773 1837 4846 struem

293 4883 326 4939 in
348 4881 378 4941 A
400 4881 560 4954 feblnbost
590 4883 747 4954 ενεᾶιεᾶἄ,
776 4883 874 4942 morht
901 4882 984 4941 meir
1005 4882 1062 4941 den
1083 4881 1243 4941 Eiadracle
1264 4881 1352 4942 sebon
1373 4883 1407 4940 in
1429 4879 1481 4938 der
1508 4876 1656 4949 Urscirill
1676 4876 1838 4951 paludes

292 5003 333 5044 aa
347 4986 451 5058 habea,
474 4986 519 5046 als
542 4986 600 5045 den
622 4985 716 5046 durch
738 4988 823 5045 enan
845 4983 984 5060 Gopistcn
1001 4985 1052 5046 des
1074 4989 1127 5048 12.
1144 4986 1197 5047 Jb.
1220 4985 1399 5046 oaecbaldet
1418 5002 1459 5043 aa
1473 4985 1548 5056 aaa,
1570 4982 1636 5041 med
1656 4983 1697 5041 ist
1719 4980 1837 5040 damn

237 5129 239 5132 -
292 5089 369 5148 occi
390 5091 433 5148 im
454 5087 596 5150 Abdruck
619 5089 799 5150 ὺεᾶὸᾶιαᾶεε
820 5089 946 5149 wadon.

180 5297 181 5300 κ
292 5260 351 5341 (c.)
383 5260 422 5325 In
448 5262 581 5326 nomine
613 5269 726 5346 sancte
756 5270 789 5327 ct
817 5255 984 5346 individue
1015 5262 1180 5326 trinitatis.
1225 5258 1329 5325 Otto·
1357 5255 1470 5322 divina
1498 5253 1629 5320 favente
1659 5252 1837 5317 clemencia

189 5364 368 5448 imperator
396 5373 564 5448 augustus.
668 5362 703 5429 Si
726 5365 945 5450 peticionibus
975 5387 1143 5430 servorum
1166 5371 1198 5428 et
1222 5360 1426 5445 [ancillarum
1450 5355 1529 5423 deil
1556 5357 1650 5422 iustis
1672 5364 1705 5420 et
1725 5355 1835 5439 ratio-1

276 5531 337 5587 m.
364 5536 388 5598 c)
407 5533 472 5597 ΥΠ..
490 5540 516 5586 et
532 5536 561 5586 in
580 5533 605 5586 0
699 5535 727 5599 d)
738 5536 827 5589 Valde
843 5535 898 5588 VU.
998 5537 1023 5598 e)
1039 5551 1088 5586 eor
1104 5551 1151 5602 per
1166 5533 1222 5584 aad
1237 5549 1285 5584 eor
1301 5535 1370 5584 sicut
1386 5531 1451 5582 alebi
1468 5532 1497 5581 ln
1510 5529 1535 5584 0
1546 5545 1614 5596 aare
1630 5525 1755 5578 amaon
1772 5541 1836 5593 qua·

138 5596 173 5644 4⁶
362 5605 422 5655 liter
524 5603 546 5666 l)
564 5605 722 5656 stationibus
737 5603 761 5656 0
860 5607 889 5672 g)
907 5603 1058 5656 Othonis&
1156 5605 1185 5665 h)
1203 5603 1353 5670 hungerius
1373 5599 1401 5654 0.

274 5688 335 5745 2⁸8.
362 5688 681 5759 [tacuisset-ostentari]
786 5693 813 5758 a)
829 5690 938 5743 OctoA
1041 5691 1070 5753 b)
1082 5688 1153 5753 felli
1170 5691 1199 5740 iu
1216 5688 1250 5744 Β,
