4560 6420
425 381 488 444 226
1021 389 1472 446 KAISERURKUNDEN.

526 574 615 631 deren
637 572 866 646 Spraclrformeo
889 572 1066 632 beibehaltea
1087 591 1127 630 aa
1150 574 1259 631 huben:
1292 576 1380 630 anter
1401 572 1498 630 dieser
1517 569 1752 644 Vercassetraao
1777 571 1847 629 sind
1875 573 1932 629 wir
1959 573 1997 628 in
2029 571 2091 628 der

525 677 733 750 Emotdiraaq
755 678 806 735 des
829 675 1035 747 itbcrlieferten
1061 677 1163 733 Teates
1185 675 1335 748 moplicisst
1359 676 1535 734 eotiurltsom
1554 693 1693 747 percaeca.

525 897 583 977 (C.)
605 898 644 961 In
666 900 796 962 nomine
820 905 931 980 sancte
954 907 986 960 et
1007 895 1173 980 individue
1196 897 1359 960 trinitatis.
1405 894 1482 961 Otto
1507 895 1618 960 divina
1649 893 1841 979 [ordinante]
1856 905 1869 932 ⁸
1897 895 2088 959 clementia

423 1022 491 1063 rex.
597 999 752 1065 Omnium
784 1000 929 1064 fidelium
962 1009 1074 1082 sancte
1109 997 1161 1062 dei
1196 998 1333 1082 ecclesie
1367 1007 1616 1084 nostrorumque
1649 999 1847 1082 presentium
1881 996 2014 1061 scilicet
2050 1005 2088 1059 et

425 1101 630 1186 [futu]rorum
656 1102 791 1185 [noverit
813 1103 1001 1186 indulstria,
1037 1102 1175 1188 qualiter
1203 1103 1386 1166 interventu
1414 1110 1446 1165 et
1472 1101 1628 1185 petitione
1651 1099 1767 1184 dilecte
1790 1101 1939 1184 coniugis
1963 1109 2125 1182 nostres

422 1206 601 1292 Adelegide
625 1217 724 1293 atque
745 1208 910 1272 Brunonis
936 1206 1101 1269 karissimi
1133 1205 1241 1269 fratris
1271 1207 1375 1268 nostri
1401 1226 1460 1289 per
1480 1205 1543 1269 hoc
1565 1215 1711 1269 nostrum
1734 1215 1937 1290 preceptum,
1977 1213 2087 1288 prout

339 1381 341 1386 ,
421 1311 503 1373 iuste
532 1320 565 1374 et
592 1310 742 1396 legaliter
770 1333 959 1396 possumus,
994 1307 1204 1373 concedimus
1233 1308 1393 1372 donamus
1422 1317 1520 1394 atque
1548 1307 1704 1392 largimur
1731 1306 1955 1390 m[onasterio]
1986 1306 2085 1370 beati

422 1411 541 1477 Christi
565 1415 763 1478 confessoris
778 1413 955 1496 Ambrosii,
979 1412 1035 1477 ubi
1059 1413 1127 1476 eius
1151 1411 1336 1477 venerabile
1359 1434 1478 1497 corpus
1498 1413 1640 1498 quiescit
1660 1411 1838 1493 humatum,
1861 1432 1957 1474 areas
1983 1412 2084 1496 quin-

420 1537 482 1600 que
512 1525 596 1600 terre
624 1517 703 1580 iuris
732 1518 823 1600 regni
846 1517 949 1580 nostri
972 1515 1056 1579 infra
1079 1516 1356 1581 Mediolanensem
1380 1519 1546 1582 civitatem
1567 1518 1602 1581 in
1623 1515 1697 1580 loco
1720 1517 1775 1580 ubi
1799 1514 1968 1600 publicum
1993 1537 2083 1578 mer-

420 1629 529 1683 catum
553 1607 644 1683 extat
667 1622 893 1684 coniacentes:
925 1621 980 1683 uni
1004 1642 1078 1703 aree
1094 1618 1117 1701 l,
1148 1619 1204 1684 ubi
1228 1622 1385 1685 stationes
1409 1620 1548 1706 desuper
1570 1628 1685 1683 extant
1707 1641 1787 1705 quas
1810 1629 1919 1682 tenere
1941 1618 2084 1682 videtin
2105 1633 2138 1679 10

419 1722 583 1787 Iohannes
612 1724 699 1789 filius
729 1724 894 1810 quondam
923 1723 1088 1789 Ambrosii
1124 1726 1265 1810 itemque
1293 1725 1456 1790 Iohannes
1486 1726 1540 1811 qui
1568 1733 1600 1788 et
1629 1721 1772 1788 Graecus
1800 1730 1939 1787 vocatur
1973 1730 2081 1806 atque

420 1826 569 1890 Prandus
590 1826 679 1892 filius
700 1827 892 1912 Magnonis,
927 1837 1036 1911 coeret
1059 1828 1099 1891 de
1123 1826 1250 1912 duabus
1273 1828 1421 1913 partibus
1444 1830 1496 1912 vie
1509 1837 1529 1911 ⁰,
1563 1849 1583 1891 a
1611 1828 1707 1892 tertia
1736 1835 1828 1912 parte
1857 1827 1964 1890 sancti
1997 1824 2081 1890 Am-

419 1930 520 1995 brosii
539 1939 571 1994 et
586 1930 710 1995 Azonis
732 1932 832 1996 frater
846 1931 1028 1996 Uualzonis
1051 1933 1275 2014 negotiatoris,
1298 1954 1318 1995 a
1342 1941 1458 2018 quarta
1480 1942 1573 2017 parte
1597 1930 1744 1996 similiter
1766 1931 1869 1994 sancti
1886 1928 2080 2008 Ambrosii3

420 2033 486 2097 alia
515 2057 608 2117 area,
642 2035 698 2101 ubi
728 2038 884 2100 stationes
914 2035 1060 2100 similiter
1089 2046 1218 2118 extant,
1253 2046 1363 2120 coeret
1385 2036 1427 2102 ab
1450 2059 1516 2101 una
1542 2046 1636 2120 parte
1660 2036 1789 2118 cloaca,
1824 2033 1865 2098 ab
1889 2033 1956 2097 alia
1980 2043 2080 2118 parte

419 2137 574 2221 heredum
597 2137 764 2224 quondam
783 2137 937 2221 Adoaldi,
961 2161 981 2202 a
1004 2141 1099 2202 tertia
1121 2147 1214 2223 parte
1236 2140 1306 2220 via3
1329 2141 1424 2204 tertia
1447 2161 1574 2225 quoque
1597 2161 1674 2203 area
1697 2149 1806 2222 coqret
1828 2160 1848 2202 a
1869 2136 1976 2201 tribus
2000 2151 2131 2221 par-15

417 2240 505 2305 tibus
529 2245 632 2307 sancti
655 2242 837 2322 Ambrosii,
866 2265 886 2306 a
909 2251 1027 2327 quarta
1048 2263 1126 2306 vero
1149 2243 1220 2323 νίας
1251 2252 1365 2327 quarte
1388 2264 1517 2328 quoque
1540 2265 1615 2326 aree
1627 2239 1641 2280 l
1663 2242 1708 2307 ibi
1732 2264 1848 2327 prope,
1871 2240 1927 2305 ubi
1952 2251 2078 2325 puteus

319 2339 320 2344 ’
417 2346 503 2429 regis
533 2354 641 2429 extat,
674 2357 784 2411 coeret
813 2345 855 2411 ab
878 2367 944 2410 una
966 2355 1059 2431 parte
1082 2347 1187 2409 sancti
1210 2343 1393 2428 Ambrosii,
1428 2345 1469 2410 ab
1500 2345 1566 2409 alia
1594 2354 1687 2430 parte
1717 2344 1871 2409 heredum
1902 2344 2076 2429 quondam

418 2446 633 2534 Giseprandi,
668 2472 688 2513 a
710 2451 807 2514 tertia
828 2451 898 2533 via,
934 2472 954 2513 a
977 2458 1093 2535 quarta
1116 2458 1209 2535 parte
1235 2451 1402 2530 accessi03
1436 2451 1547 2535 quinte
1575 2472 1652 2513 vero
1684 2447 1783 2532 areeb
1805 2457 1914 2532 coeret
1937 2447 1981 2512 ab
2006 2470 2076 2512 una

331 2547 335 2556 ’
416 2561 509 2636 parte
531 2555 601 2636 via,
637 2553 678 2618 ab
702 2554 768 2618 alia
790 2554 936 2619 accessio
960 2552 1004 2617 ad
1027 2553 1160 2617 domum
1182 2551 1335 2636 Arduini,
1374 2575 1394 2616 a
1420 2554 1514 2617 tertia
1544 2561 1636 2637 parte
1665 2562 1752 2616 terra
1781 2561 1813 2615 et
1842 2573 1920 2615 casa
1951 2552 2075 2635 prefati

416 2653 564 2740 Arduini,
589 2680 610 2720 a
625 2667 742 2743 quarta
757 2666 849 2743 parte
864 2657 1031 2721 Dominici
1047 2658 1102 2743 qui
1124 2664 1156 2720 et
1170 2655 1330 2736 Karolus3
1354 2657 1487 2740 insuper
1509 2655 1725 2740 concedimus¹
1742 2654 1846 2721 eidem
1868 2657 2073 2719 monasterio
2093 2665 2126 2712 20

416 2757 521 2824 salam
542 2782 642 2826 unam
665 2782 740 2826 cum
762 2781 840 2824 area
862 2761 896 2823 in
920 2781 985 2845 qua
1007 2767 1113 2841 extat,
1138 2758 1286 2823 similiter
1307 2760 1386 2822 iuris
1408 2759 1510 2824 nostri
1532 2761 1640 2843 regni,
1665 2759 1750 2823 infra
1771 2757 1969 2844 prelibatum
1992 2759 2075 2821 civi-

414 2873 515 2927 tatem
538 2866 572 2928 in
596 2874 768 2949 pretaxato
792 2874 936 2928 mercato
961 2865 1073 2946 situm,
1104 2885 1179 2928 cum
1202 2863 1396 2928 stationibus
1419 2863 1499 2926 inibi
1521 2861 1682 2927 banculas
1706 2871 1781 2926 ante
1803 2883 1837 2924 se
1859 2859 2073 2944 habentibus,

415 2965 470 3029 ubi
500 2965 635 3032 coeretl
664 2967 707 3033 ab
731 2991 796 3032 uno
819 2969 927 3052 capite
951 2969 1173 3053 suprascripta
1196 2966 1327 3050 cloaca,
1362 2966 1403 3031 ab
1428 2964 1767 3052 aliapartenlostra]
1792 2963 2020 3049 respublica,
2052 2985 2073 3027 a

415 3067 547 3155 reliquis
572 3070 700 3136 duabus
723 3070 872 3156 partibus
894 3072 947 3155 vie
969 3108 1012 3116 —
1034 3093 1096 3155 que
1119 3069 1279 3156 prelibata
1303 3073 1445 3158 quinque
1476 3093 1551 3155 aree
1581 3093 1655 3135 cum
1686 3069 1873 3156 supradicta
1903 3070 1937 3131 in
1968 3091 2073 3132 unum

415 3173 550 3259 collecte
570 3185 646 3239 sunt
668 3197 726 3259 per
748 3196 934 3240 mensuram
956 3177 1076 3239 iustam
1099 3174 1229 3240 tabulas
1251 3176 1366 3258 viginti
1384 3184 1537 3260 quattuor
1559 3212 1601 3222 —
1623 3197 1684 3240 nec
1700 3197 1766 3239 non
1780 3181 1845 3237 ene
1868 3181 1982 3236 nostro
2000 3174 2072 3237 iure
2091 3185 2122 3232 as

416 3275 625 3364 dominioque
648 3300 707 3363 pro
731 3277 879 3343 mercede
902 3287 934 3341 et
955 3278 1098 3343 remedio
1123 3279 1230 3361 anime
1253 3288 1363 3362 nostre
1385 3288 1419 3342 et
1444 3279 1547 3362 ipsius
1576 3287 1686 3362 nostre
1716 3277 1862 3360 coniugis
1885 3274 2072 3360 Adelegide

415 3400 472 3443 seu
501 3383 600 3445 etiam
630 3403 690 3466 pro
720 3380 862 3445 remedio
894 3383 1001 3465 anime
1025 3380 1191 3467 quondam
1213 3383 1455 3467 predecessoris
1478 3383 1581 3447 nostri
1604 3383 1689 3466 regis
1712 3380 1859 3445 Lotharii
1882 3381 1916 3443 in
1939 3380 2072 3464 prefato

414 3484 612 3548 monasterio
635 3484 686 3548 ius
710 3493 742 3549 et
765 3483 945 3548 dominium
968 3507 1063 3549 omne
1084 3467 1343 3551 transiundimus
1366 3497 1398 3550 et
1420 3483 1646 3568 delegalmus],
1668 3495 1704 3549 ut
1725 3487 1759 3549 in
1782 3482 1909 3569 capella
1931 3505 1997 3568 quq
2020 3490 2074 3546 est

413 3585 447 3647 in
474 3585 598 3650 honore
625 3585 721 3670 beate
750 3586 853 3670 Maris
884 3596 917 3650 et
939 3589 1044 3651 sancti
1067 3587 1182 3652 Iacobi
1205 3589 1347 3673 apostoli
1371 3597 1468 3675 atquc
1491 3590 1596 3652 sancti
1620 3587 1754 3673 Georgii
1777 3587 1930 3671 martyris
1954 3607 2073 3650 conse-

414 3696 506 3751 crata
533 3688 620 3752 infra
648 3686 794 3772 dic[tam]
823 3689 911 3753 beati
934 3688 1100 3756 Ambrosii
1124 3691 1315 3776 ecclesiam,
1348 3695 1382 3757 in
1406 3714 1471 3779 qua
1494 3693 1559 3756 iam
1582 3689 1688 3762 dictus
1711 3690 1889 3755 Lotharius
1911 3688 2072 3754 humatus
2091 3708 2124 3754 so

414 3791 566 3873 quiescit,
599 3813 620 3854 a
641 3792 779 3876 predicti
801 3794 990 3856 monasterii
1012 3793 1209 3879 monlachis]
1235 3797 1417 3861 cottidiana
1444 3794 1616 3859 luminaria
1645 3803 1835 3880 reparentur
1857 3801 1889 3857 et
1912 3792 2073 3857 ecclesia-

414 3893 496 3955 stica
520 3893 630 3957 officia
653 3894 770 3977 iugiter
792 3894 1010 3978 celebrentur,
1033 3907 1069 3962 ut
1091 3920 1168 3983 pars
1192 3900 1257 3962 iam
1281 3899 1358 3964 dicti
1382 3901 1572 3965 monasterii
1593 3900 1714 3965 habeat
1735 3906 1845 3963 teneat
1866 3897 2074 3983 firmiterque

412 3997 595 4081 possideat,
626 4007 695 4063 tam
716 3998 889 4084 Aupaldus
912 4002 968 4085 qui
991 4023 1076 4065 nuno
1100 4001 1187 4067 abba
1209 4004 1242 4066 in
1266 4005 1338 4089 ipso
1363 4005 1560 4068 monasterio
1584 4024 1714 4088 preesse
1736 4000 1878 4082 videtur,
1904 4023 2074 4088 quamque

413 4109 445 4161 et
475 4122 681 4165 successores
711 4103 765 4188 qui
795 4125 855 4189 pro
885 4114 1032 4189 tempore
1062 4105 1196 4188 fuerint,
1230 4105 1416 4194 habeatque
1446 4115 1642 4191 potestatem
1672 4104 1802 4170 tenendi
1833 4103 2012 4169 laborandi
2040 4114 2075 4168 et

414 4203 569 4288 quicquid
592 4205 770 4271 secundum
793 4205 890 4272 deum
913 4231 1025 4273 eorum
1048 4208 1227 4274 decreverit
1249 4214 1377 4276 animus
1401 4211 1552 4294 faciendi,
1580 4212 1723 4274 omnium
1744 4208 1914 4274 hominum
1938 4209 2074 4274 contra-
2093 4225 2126 4272 35

412 4304 555 4372 dictione
576 4319 712 4374 remota.
758 4307 793 4374 Si
817 4311 890 4395 quis
912 4311 1010 4394 igitur
1032 4311 1127 4376 huius
1153 4315 1255 4378 nostri
1284 4315 1428 4401 precepti
1458 4314 1614 4397 paginam
1644 4311 1817 4394 infringere
1847 4315 2074 4395 temptaverit,

412 4411 494 4476 sciat
524 4435 558 4477 se
588 4415 847 4498 compositurum
877 4416 947 4478 auri
978 4417 1090 4499 optimi
1121 4415 1223 4481 libras
1258 4418 1448 4500 sexaginta,
1483 4414 1689 4480 medietatem
1721 4413 1854 4496 kamere
1888 4423 2007 4499 nostre
2043 4427 2077 4480 et

411 4515 618 4582 medietatem
640 4517 802 4603 prelibato
825 4519 1024 4583 monasterio
1049 4522 1154 4586 sancti
1177 4519 1355 4587 Ambrosii.
1391 4519 1488 4600 Quod
1511 4529 1546 4584 ut
1564 4523 1671 4584 verius
1690 4517 1841 4583 credatur
1864 4517 2077 4605 diligentius·

410 4641 472 4704 que
494 4621 537 4686 ab
561 4619 712 4687 omnibus
741 4621 946 4705 observetur,
981 4644 1081 4688 manu
1110 4626 1245 4709 propria
1274 4624 1468 4690 roborantes
1499 4623 1598 4688 anulo
1628 4631 1737 4688 nostro
1768 4620 1882 4686 subter
1912 4625 2079 4692 iussimus

410 4722 568 4808 insigniri.
2098 4744 2133 4792 40

512 4880 651 4966 Signum
674 4881 784 4947 domni
809 4881 940 4948 Ottonis
964 4883 1162 4949 serenissimi
1185 4884 1249 4966 (M.)
1271 4885 1368 4971 regis.

511 5003 622 5067 Bruno
644 5003 857 5068 cancellarius
876 5002 1026 5068 advicem
1044 5004 1235 5070 Mannassei
1259 5007 1497 5092 archiepiscopi
1521 5015 1553 5070 et
1575 5000 1856 5073 archicancellarii
1879 5011 2082 5095 recognovi.

512 5165 602 5229 Data
625 5181 683 5228 xv.
706 5165 773 5232 kal.
797 5188 877 5231 mar.
901 5189 987 5232 anno
1012 5167 1175 5253 dominice
1198 5171 1433 5235 incarnationis
1460 5170 1665 5254 Dcccc[1.11],
1699 5168 1880 5235 indictione
1904 5190 1949 5257 x,
1987 5199 2081 5244 anno

408 5270 500 5352 regni
524 5268 636 5334 domni
660 5269 791 5334 Ottonis
813 5273 900 5356 regis
922 5271 975 5337 hic
997 5273 1031 5336 in
1053 5272 1151 5338 Italia
1173 5275 1295 5358 prim03
1318 5285 1429 5340 actum
1452 5277 1585 5340 civitate
1608 5275 1771 5355 Cumana3
1796 5277 1832 5339 in
1857 5276 1915 5342 dei
1939 5286 2083 5350 nomine

408 5368 554 5436 feliciter.
2103 5407 2139 5456 45

497 5586 553 5641 14⁵.
581 5585 821 5674 [Riegcbdaksch]
925 5589 952 5662 a)
972 5589 1065 5661 tiata
1082 5591 1178 5662 jodoci·
1197 5593 1214 5649 d
1231 5593 1297 5651 noch
1314 5595 1398 5651 aicha·
1414 5611 1445 5651 aa
1463 5595 1590 5652 oelaenaen
1693 5595 1720 5666 b)
1738 5603 1800 5649 etati
1819 5613 1876 5650 una
1896 5602 1970 5668 (aad
1988 5611 2087 5673 ‚pam

580 5665 682 5724 quma,
701 5663 804 5726 (lllffllssl
824 5678 886 5713 ⁸10³
989 5669 1014 5730 c)
1033 5669 1091 5733 vice
1109 5667 1136 5717 B
1238 5670 1266 5732 d)
1285 5677 1372 5722 corret
1388 5671 1416 5720 B
1519 5673 1544 5734 e)
1564 5676 1590 5720 et
1606 5668 1640 5719 B.
