4560 6420
871 406 997 464 ΟΤΤΟ
1020 408 1043 462 Ι.
1067 404 1139 463 948.

976 590 1035 663 96.

188 745 268 821 Otto
288 744 364 842 piot
390 743 469 816 dem
496 743 641 816 Klostcr
666 741 837 841 Hersfeld
858 744 1095 843 Besitzaopeo
1119 747 1159 818 ia
1184 745 1358 818 Froelceo
1379 744 1459 819 aad
1486 745 1527 818 in
1553 745 1764 845 lbdriopeo
1785 773 1830 820 za

182 865 217 937 T
212 865 329 938 amet.
1325 905 1511 980 naseam
1533 909 1597 967 oss
1619 906 1711 965 mors
1731 910 1784 968 27.

285 1091 532 1165 Originaldiplom
554 1093 596 1149 tm
619 1092 646 1149 k.
672 1090 874 1152 Stootsorclrio
896 1111 937 1151 aa
958 1093 1105 1167 Maroae
1128 1092 1188 1171 (A).

143 1241 159 1289 5
285 1231 393 1292 Wenclr
410 1231 495 1288 Hcss.
513 1229 725 1302 Loadespesch.
750 1225 794 1300 2⁶,
817 1235 861 1290 28
882 1237 916 1288 a⁰
937 1235 982 1292 22
1003 1249 1059 1289 aas
1081 1230 1235 1302 Aeschrift
1253 1233 1311 1290 -mit
1334 1236 1406 1303 948,
1431 1233 1495 1292 aad
1517 1228 1560 1304 3⁶,
1583 1236 1626 1292 28
1648 1240 1682 1290 a⁰
1705 1237 1747 1293 30
1769 1251 1827 1293 aas

280 1335 308 1392 A
329 1353 371 1393 aa
392 1337 464 1394 947.
491 1366 529 1376 —
554 1334 682 1394 Bttmcr
704 1335 776 1408 Rep.
801 1338 874 1394 154.
898 1369 939 1378 —
963 1334 1091 1408 &stupf
1109 1335 1181 1408 Req.
1206 1337 1277 1394 157.

281 1473 343 1532 Vos
365 1471 432 1532 BA.
457 1471 584 1542 versosst
607 1472 670 1531 mad
689 1474 882 1546 pescariebea.
922 1472 983 1547 Vyl.
1009 1472 1058 1530 die
1079 1471 1252 1546 Scheatmrp
1275 1472 1342 1533 DO.
1363 1477 1413 1534 97.

279 1679 336 1758 (0.)
358 1679 372 1762 ξ
393 1676 432 1740 In
453 1678 591 1741 ‘nomine
619 1685 753 1741 sanctae
784 1687 816 1741 et
844 1676 1011 1761 individue
1040 1678 1238 1741 trinitatatis.
1251 1686 1265 1714 ⁸
1308 1675 1386 1741 Otto
1418 1676 1528 1741 divina
1556 1676 1735 1742 auxiliante
1765 1676 1828 1740 cle-

80 1795 83 1800 “
177 1782 298 1844 mentia
320 1802 389 1844 rex.
486 1779 659 1844 Noveriit⁸
682 1782 825 1845 omnium
848 1780 992 1845 fidelium
1014 1790 1202 1845 nostrorum
1225 1781 1423 1864 presentium
1447 1779 1571 1842 scilicet
1593 1789 1624 1842 et
1646 1779 1828 1843 turonorum

127 1893 159 1940 10
176 1883 350 1966 industria,
385 1884 524 1968 qualiter
544 1906 605 1946 nos
628 1881 643 1962 ξ
665 1883 824 1970 quasdam
846 1905 897 1947 res
920 1886 1129 1968 proprietatis
1151 1892 1283 1946 nostrae
1307 1882 1350 1946 ad
1377 1882 1572 1946 coenobium
1601 1881 1688 1966 quod
1717 1893 1767 1946 est
1794 1885 1829 1946 in

175 1985 250 2049 loco
274 1985 503 2050 Heroluesfeld
524 1995 643 2050 vocato
676 1987 708 2050 in
738 1984 861 2051 honore
883 1985 970 2050 beati
994 1985 1207 2070 Uuigberchti
1230 1986 1427 2080 confessoris
1452 1984 1571 2050 Christi
1595 1995 1827 2070 constructum,

176 2088 231 2154 ubi
246 2089 441 2153 venerabilis
458 2088 545 2153 abba
561 2090 701 2174 Hagano
725 2089 876 2153 videlicet
898 2092 1029 2154 nomine
1052 2112 1182 2175 preesse
1205 2088 1395 2170 dinoscitur,
1418 2092 1452 2153 in
1474 2090 1654 2175 legitimum
1677 2112 1828 2155 concam·

176 2192 266 2257 bium
288 2195 519 2274 concessimus,
542 2193 577 2257 id
599 2192 673 2257 estb
696 2197 728 2258 in
753 2193 900 2258 orientali
923 2195 1066 2258 Francia
1089 2193 1129 2258 de
1153 2193 1266 2278 predio
1291 2190 1484 2257 cuiusdam⁰
1506 2193 1656 2258 Fridirici
1674 2192 1829 2280 quicquid

176 2299 210 2361 in
233 2295 477 2382 septentrionali
500 2305 593 2380 parte
616 2295 705 2360 fluvii
728 2297 867 2381 Moynes
892 2296 1077 2380 possedisse
1099 2295 1273 2361 videbatur
1300 2299 1333 2359 in
1356 2295 1438 2360 locis
1461 2318 1523 2381 que
1547 2293 1698 2362 dicuntur
1719 2297 1828 2362 Buoh-

126 2399 517 2481 15uue1ide,Rizzestat,
542 2395 835 2482 Caragoltesbah‘1,
861 2397 1018 2482 Suarzaa,
1042 2397 1190 2481 Stillaha,
1214 2401 1247 2463 in
1271 2399 1465 2464 occidentali
1489 2422 1566 2464 vero
1589 2401 1732 2464 Francia
1754 2423 1828 2487 pro·

176 2505 346 2588 prietatem
370 2501 536 2587 quondam
559 2501 735 2566 Eburharti
759 2503 886 2565 comitis
908 2505 942 2566 in
964 2502 1138 2586 Herlibah‚
1161 2503 1455 2586 Bommaresheim,
1478 2502 1640 2586 Fiurbah,
1664 2501 1827 2586 Suliburc,

174 2607 334 2672 Buochon
358 2615 390 2668 et
412 2605 573 2688 Hurnafa,
597 2615 744 2690 preterea
766 2607 799 2669 in
822 2604 970 2689 partibus
994 2605 1171 2690 Thuringie
1194 2609 1227 2669 in
1249 2606 1335 2671 villis
1359 2630 1442 2693 quae
1465 2609 1674 2673 nominantur
1695 2606 1828 2670 Huoch-

175 2708 364 2790 tricheshus,
388 2707 589 2792 Anglenhus,
612 2705 813 2792 Anglenrod,
837 2707 1027 2793 Dorehoug,
1042 2707 1351 2795 Amalungesdorpf,
1367 2710 1658 2795 Berchtlougarod,
1676 2709 1827 2775 Stuches-

175 2823 258 2896 uurt,
282 2812 438 2898 quicquid
460 2810 582 2876 ibidem
605 2811 771 2897 quondam
795 2835 814 2876 a
837 2812 1046 2876 Brunichone
1067 2814 1136 2876 iure
1160 2815 1292 2898 proprio
1316 2813 1555 2900 possidebatur,
1579 2836 1654 2879 cum
1678 2813 1827 2880 omnibus

123 2933 157 2980 20
175 2915 377 3002 appendiciis
400 2925 432 2981 et
455 2915 646 2981 adiacentiis
670 2917 736 2980 suis
758 2915 902 2999 legitimo
926 2917 995 2980 inre
1018 2914 1095 2979 illuc
1118 2915 1365 3000 pertinentibus
1403 2917 1549 2982 Ecoutra
1571 2925 1681 2982 autem
1696 2939 1716 2980 a
1734 2939 1826 3002 prae·

174 3022 242 3085 fato
271 3019 450 3084 venerabili
480 3019 599 3084 abbate
628 3022 699 3105 pari
730 3019 828 3085 modo
859 3022 893 3083 in
922 3019 1101 3102 legitimum
1130 3019 1360 3084 concambium
1389 3023 1571 3106 recepimus
1599 3019 1713 3085 villam
1744 3043 1826 3106 quae

174 3135 311 3189 vocatur
338 3123 589 3189 Uurmereslcba
617 3147 692 3188 cum
720 3123 860 3209 ecelesia
888 3121 1033 3187 eiusdem
1061 3122 1137 3207 ville
1171 3132 1203 3186 et
1237 3124 1324 3187 omni
1359 3123 1574 3189 decimatione
1609 3146 1708 3209 quam
1739 3124 1827 3189 idem

174 3226 378 3293 venerandus
402 3227 489 3292 abba
511 3238 544 3292 et
564 3226 611 3292 illi
636 3226 773 3293 subiecti
797 3226 947 3291 monachi
971 3229 1005 3291 in
1027 3236 1136 3313 pago⁰
1166 3225 1381 3312 Hossegauue
1404 3231 1437 3292 in
1461 3227 1704 3315 septentrionali
1728 3227 1827 3314 plaga

173 3331 268 3398 rivuli
292 3334 346 3417 qui
371 3330 489 3395 dicitur
509 3330 715 3396 Uuildarbah
738 3341 835 3395 antea
857 3330 1010 3395 habuisse
1034 3330 1332 3414 cognoscebantur,
1367 3341 1508 3417 excepta
1535 3331 1593 3396 illa
1621 3341 1714 3417 parte
1743 3355 1826 3418 quae

123 3457 195 3504 aaa
218 3438 322 3500 sancti
345 3434 558 3519 Uuigberchti
581 3445 614 3499 et
637 3457 713 3520 sepe
735 3435 794 3498 fati
818 3434 948 3499 abbatis
971 3435 1094 3499 familia
1118 3433 1263 3500 solvitur.
1310 3433 1489 3500 Statuimus
1519 3436 1616 3499 etiam
1646 3444 1683 3499 ut
1717 3434 1826 3501 coloni

174 3549 255 3624 terre
278 3561 377 3624 quam
401 3537 565 3621 dedimus,
590 3537 670 3603 nulli
701 3537 744 3602 ad
771 3537 928 3622 placitum
958 3540 1019 3602 nisi
1050 3536 1163 3602 abbati
1192 3536 1427 3605 subiciantur.t
1469 3539 1513 3603 Et
1534 3548 1570 3604 ut
1591 3537 1672 3602 haec
1695 3547 1826 3604 nostrae

173 3644 437 3708 commutationis
467 3643 645 3706 auctoritas
674 3664 732 3727 per
760 3641 1002 3707 succedentium
1032 3651 1214 3725 temporum
1241 3640 1403 3705 cunicula
1424 3641 1519 3706 firma
1542 3641 1733 3728 stabilisque
1755 3664 1826 3727 per-

173 3746 276 3829 duret,
299 3768 398 3811 manu
421 3746 554 3830 propria
576 3753 690 3808 nostra
714 3745 828 3812 subtus
852 3769 924 3810 eam
946 3745 1147 3810 firmavimus
1169 3756 1202 3810 et
1225 3745 1313 3810 anuli
1336 3748 1438 3810 nostri
1456 3747 1670 3833 impressione
1689 3745 1825 3832 sigillari

175 3853 411 3937 praecepimus.

123 4007 157 4057 ao
276 3991 291 4074 d
313 3987 448 4074 Signum
472 3988 583 4054 domni
606 3987 737 4054 Ottonis
760 3989 825 4070 (Μ.)
848 3990 1051 4054 invictissimi
1074 3987 1169 4074 regis.
1192 3985 1207 4068 ξ

276 4091 401 4176 {Brun
424 4091 640 4156 cancellarius
664 4091 813 4157 advicem
836 4091 997 4157 Fridurici
1022 4091 1326 4180 archicappellani⁸
1347 4095 1534 4180 recognovi.
1556 4098 1571 4181 ξ
1595 4094 1652 4174 (SI.
1671 4093 1722 4176 D.)
1744 4097 1827 4177 (SR)

276 4229 366 4293 Data
389 4247 435 4294 v1.
459 4231 526 4296 kal.
550 4252 619 4316 apr.
642 4251 729 4295 anno
759 4230 942 4295 dominicae
970 4233 1205 4297 incarnationis
1234 4247 1459 4315 nccccxnvn,
1493 4229 1676 4296 inditione·
1698 4248 1749 4314 vr,
1778 4254 1828 4296 re-

173 4342 293 4416 gnante
316 4335 522 4400 serenissimo
545 4357 621 4419 rege
638 4333 760 4399 Ottone
782 4355 868 4398 anno
885 4351 967 4418 xm,
990 4345 1101 4402 actum
1116 4335 1348 4422 Magidaburo3
1370 4338 1404 4401 in
1420 4335 1552 4402 domino
1568 4336 1706 4401 feliciter
1720 4357 1825 4402 amen.

970 4523 991 4560 ἱ

969 4578 1029 4650 97.

123 4758 156 4807 ss
183 4727 263 4806 Otto
295 4732 436 4806 seltealct
465 4731 536 4804 deo
567 4731 744 4806 Monesen
772 4731 838 4805 der
866 4731 1104 4807 Morizlrirclte
1133 4759 1178 4806 za
1204 4730 1431 4830 Mopdebarp
1457 4725 1569 4800 derret
1600 4724 1738 4799 Tarsa
1763 4726 1829 4798 mit

174 4851 254 4925 dem
268 4853 342 4925 Abt
360 4879 432 4926 ooo
451 4852 621 4951 Hersfcld
638 4853 840 4926 emoorbeoe
858 4852 1097 4953 Besitzaopeo
1118 4853 1159 4925 io
1181 4851 1420 4927 Woranslebeo
1440 4848 1520 4924 aod
1541 4845 1826 4924 Odor-Wieder-

173 4971 263 5046 stedt
282 4973 348 5045 mit
368 4972 438 5045 deo
460 4972 556 5047 daza
575 4972 769 5072 pebdripeo
793 4972 963 5048 Zebateo.
1323 5009 1509 5086 Mem„
1532 5012 1596 5071 948
1616 5009 1709 5068 Ma„
1729 5011 1782 5070 30,

279 5200 526 5275 Oriyinaldiplom
553 5203 596 5259 im
623 5201 651 5260 t.
675 5202 795 5274 Haupt·
822 5201 886 5258 rand
910 5200 1112 5261 Staatsorclttv
1140 5219 1181 5259 aa
1202 5199 1339 5260 Drasdea
1360 5197 1412 5277 (A)
1442 5199 1506 5258 aad
1534 5201 1649 5258 swedea
1674 5197 1825 5272 &abinal-

274 5305 386 5378 diplom
409 5307 450 5363 im
472 5306 499 5364 lr.
524 5304 727 5366 Stoatsarchiv
747 5324 789 5364 aa
810 5304 918 5364 Berlin
942 5303 1005 5384 (B).

122 5500 157 5547 40
276 5489 319 5547 Μ.
347 5490 442 5560 [Folta]
546 5491 614 5552 a)A
717 5494 746 5556 b)
765 5493 792 5544 id
811 5499 851 5544 est
868 5491 1034 5556 mefBasra,
1061 5508 1138 5544 maor
1155 5493 1281 5543 videlicet
1383 5495 1408 5554 c)
1426 5492 1578 5544 damea
1600 5509 1618 5543 u
1639 5490 1828 5558 aalydem

345 5562 593 5629 dusmensi
697 5565 943 5625 e)0corr.arua
1053 5561 1826 5628 uoumal.snaramn.wos2snsqmmaan,

345 5647 388 5680 um
405 5631 449 5683 aa
468 5627 666 5681 Οοποὸοναιὶοπ
688 5632 742 5695 aas
757 5634 813 5683 etue
834 5647 898 5683 serra
919 5631 990 5683 atla
1011 5648 1043 5681 aa
1066 5632 1185 5698 trisqerr,
1211 5632 1255 5682 die
1277 5629 1483 5696 malianda
1507 5630 1580 5682 ntem
1604 5647 1671 5698 parra
1696 5629 1827 5694 eufimia

344 5699 437 5750 kmmte
449 5714 477 5750 es·
487 5698 544 5749 tter
560 5702 702 5751 statuimus
714 5729 749 5740 -
760 5703 925 5753 subiciantur
941 5701 1122 5768 warmuse
1140 5701 1298 5754 manitas
1393 5699 1421 5768 g)
1440 5699 1570 5751 Fridurici
1590 5700 1652 5751 arch
1671 5699 1723 5763 aas
1728 5698 1824 5751 amr.

1561 5803 1623 5866 23·
