4500 6428
405 405 469 470 316
1002 409 1457 469 KAISERURKUNDEN.

509 596 681 670 &lemborc
703 599 776 655 aceli
796 599 869 656 awa
886 597 954 654 Mat
976 595 1167 655 icartmsdea
1189 597 1267 665 iteca,
1291 593 1414 654 wardon
1435 594 1542 654 sowott
1563 591 1632 653 DO.
1647 596 1708 654 281
1733 593 1779 652 als
1801 592 1872 652 DO.
1890 592 1963 652 386
1989 591 2086 647 eaor

508 699 680 772 massadam
701 700 817 760 Dctsan
839 699 1015 774 amnestcllt.

623 885 661 950 In
698 887 830 952 nomine
868 895 981 950 sancte
1018 895 1050 950 et
1087 882 1254 950 individue
1290 885 1455 950 trinitatis.
1514 881 1592 948 Otto
1632 881 1743 948 divina
1777 881 1916 947 favente
1960 881 2084 965 gracia

404 1015 474 1057 rex.
578 991 738 1055 Noverit·
766 992 911 1056 omnium
939 987 1083 1054 fidelium
1112 999 1298 1054 nostrorum
1327 989 1532 1073 presencium
1561 985 1685 1052 scilicet
1708 995 1739 1050 et
1760 986 1958 1052 futrnorum
1983 983 2083 1049 indu-

406 1097 494 1176 stria,
518 1094 657 1180 qualiter
678 1116 738 1160 nos
761 1093 859 1159 modo
882 1094 957 1158 ituri
980 1095 1014 1157 in
1031 1093 1163 1157 Italiam
1185 1090 1271 1177 prob
1294 1100 1380 1156 statu
1403 1100 1436 1156 et
1458 1090 1679 1156 incolomitate
1700 1091 1792 1174 regni
1814 1091 1926 1154 nostri
1952 1089 2115 1153 nostri-c

407 1209 493 1284 que⁰
523 1198 704 1284 dilectoque
732 1198 879 1282 coniugis
908 1206 1018 1262 nostre
1047 1195 1238 1260 Adelheidis
1266 1197 1378 1281 regine
1409 1195 1576 1280 nostrique
1605 1192 1804 1258 dilectissimi
1833 1193 1897 1258 filii
1924 1190 2080 1276 Ottonis,

370 1309 371 1312 ’
407 1307 563 1370 instinctu
586 1325 715 1389 quoque
738 1312 770 1366 et
792 1299 941 1367 monitu‘l
964 1300 1132 1366 Wilhelmi
1156 1310 1267 1365 sancte
1289 1299 1550 1383 Moguntinensis
1573 1296 1710 1362 ecclesie
1732 1296 1937 1362 venerabilis
1968 1295 2081 1361 archi·

406 1409 553 1492 episcopi
582 1405 696 1470 urbem
725 1403 984 1491 Sputinesburch
1014 1405 1135 1468 sitam⁰
1162 1404 1196 1466 in
1224 1423 1310 1487 pago
1333 1401 1474 1466 Nudicai
1503 1424 1600 1488 quam
1623 1401 1773 1466 Wichart
1801 1403 1836 1467 in
1864 1400 2081 1467 beneficium

405 1508 514 1592 habet,
538 1532 581 1574 ex
603 1510 728 1592 integro
753 1531 827 1574 cum
851 1507 1001 1573 omnibus
1025 1507 1228 1593 appendiciis
1252 1506 1456 1572 sicaniam
1478 1505 1593 1572 urbem
1614 1505 1863 1592 pertinentibus,
1888 1507 2080 1592 mancipiis

404 1613 573 1698 utriusque
603 1635 701 1676 sexus
732 1612 868 1676 edificiis
899 1614 1025 1696 campis
1056 1613 1159 1696 pratis
1190 1612 1321 1696 pascuis
1356 1609 1450 1700 silvis
1481 1613 1575 1696 aquis
1608 1632 1832 1696 aquarumque
1868 1609 2080 1676 decursibus
2101 1627 2131 1674 10

405 1715 548 1780 exitibus
572 1725 604 1779 et
625 1715 783 1780 reditibus
807 1717 941 1802 quesitis
966 1727 998 1780 et
1019 1714 1231 1800 inquirendis,
1255 1723 1287 1777 et
1310 1713 1460 1799 quitquid
1480 1712 1630 1778 beneficii
1651 1716 1749 1778 ceteri
1767 1712 1884 1780 fideles
1904 1717 2021 1779 nostri
2045 1717 2082 1780 in

406 1817 522 1884 eodem
544 1819 740 1903 burgwardo
764 1819 884 1884 babere
906 1820 969 1882 visi
993 1828 1083 1901 sunt,
1118 1817 1160 1881 ad
1189 1821 1425 1882 monasterium
1448 1817 1537 1903 quod
1559 1839 1619 1882 nos
1641 1828 1828 1884 construere
1852 1817 2020 1884 volumus
2045 1820 2082 1884 in

406 1923 538 1986 civitate
565 1943 628 2007 que
655 1931 792 1987 vocatur
820 1921 1025 2006 Magdeburg
1057 1923 1092 1985 in
1124 1921 1281 1986 honorem
1311 1923 1416 1986 sancti
1445 1920 1532 1986 Petri
1560 1920 1784 2006 apostolorum
1811 1923 1983 2007 principis
2014 1944 2080 1988 nec

405 2047 472 2092 non
495 2036 682 2090 sanctorum
705 2017 883 2110 martyrum
906 2025 1072 2108 Mauricii,
1102 2025 1304 2107 Innocencii,
1333 2027 1403 2090 iure
1432 2025 1565 2111 perenni
1593 2027 1627 2089 in
1655 2026 1823 2110 proprium
1853 2025 2080 2092 donavimus.

405 2130 449 2194 Et
476 2138 513 2194 ut
539 2130 600 2194 hec
627 2139 738 2194 nostre
765 2129 955 2194 tradicionis
984 2131 1163 2194 auctoritas
1193 2129 1291 2214 plena
1318 2131 1429 2214 vigeat
1456 2128 1623 2211 firmitate,
1656 2129 1810 2194 iussimus
1838 2129 1907 2194 hoc
1933 2151 2080 2216 precep-
2100 2144 2130 2191 15

405 2241 475 2296 tum
504 2231 666 2296 conscribi
695 2241 727 2296 et
755 2231 865 2298 annrili
894 2234 997 2297 nostri
1025 2233 1228 2317 inpressione
1250 2230 1429 2316 roboraris,
1464 2256 1564 2319 quam
1592 2243 1624 2299 et
1651 2255 1750 2300 manu
1780 2236 1922 2320 propria
1953 2235 2080 2302 subtus

404 2336 616 2401 firmavimus.

507 2473 644 2558 Signum
666 2474 778 2539 domni
802 2472 933 2540 Ottonis
956 2475 1067 2559 magni
1090 2482 1122 2537 et
1143 2475 1349 2538 invictissimi
1370 2476 1467 2559 regis.

382 2585 384 2592 ’
507 2577 740 2664 Liudolphus⁸
761 2577 975 2644 cancellarius
999 2578 1149 2644 advicem
1170 2577 1335 2643 Brunonis
1359 2577 1613 2663 archicapellani
1634 2579 1769 2644 notavit.

505 2714 597 2779 Data
624 2733 699 2779 vm.
728 2715 796 2780 kal.
825 2719 955 2801 augusti
984 2739 1069 2782 anno
1104 2717 1268 2782 dominice
1301 2719 1536 2784 incarnationis
1569 2734 1756 2802 nccccnxl,
1790 2717 1981 2786 indictione
2007 2738 2077 2804 1111,
2096 2740 2128 2788 ao

406 2840 491 2884 anno
513 2821 610 2917 regni
629 2819 740 2885 domni
764 2820 895 2887 Ottonis
919 2823 1116 2887 serenissimi
1138 2825 1223 2907 regis
1246 2839 1350 2905 xxv13
1374 2833 1485 2890 actum
1507 2821 1654 2906 Ordorff;
1676 2821 1822 2887 feliciter.

1187 3028 1273 3102 231.

412 3183 493 3261 Otto
516 3183 657 3258 solenti
678 3183 757 3257 dem
778 3183 923 3258 Klostcr
946 3183 1006 3256 des
1031 3183 1064 3256 t.
1091 3182 1209 3256 Moris
1230 3209 1275 3256 zu
1297 3183 1524 3283 Maqdebcrq
1547 3183 1615 3257 olle
1635 3208 1708 3257 oon
1730 3185 1799 3257 dea
1825 3181 2003 3258 Cbristen
2025 3212 2073 3259 za

404 3303 669 3378 ariarectes
693 3303 854 3376 Zetnten
876 3305 916 3376 in
938 3303 1101 3395 Nclctt‘ci²
1135 3301 1279 3398 Qaazici
1304 3304 1385 3378 aad
1405 3305 1549 3378 andern
1575 3303 1715 3398 Genea,
1743 3304 1968 3403 despiciebat
1997 3307 2071 3381 den

404 3424 566 3498 Zebntea
591 3451 664 3498 ooo
690 3425 785 3499 olleo
812 3423 980 3524 Gestillea
1006 3427 1049 3498 io
1075 3427 1208 3518 Daiei,
1236 3423 1382 3526 Selpoli,
1414 3425 1583 3504 Ctoztmi
2086 3455 2118 3504 ss

1623 3566 1763 3639 Otrdrcs
1781 3569 1843 3628 961
1868 3567 1943 3628 aas
1965 3573 2021 3632 29.

490 3753 596 3822 =Ia'ter
612 3756 692 3828 prio.
716 3772 740 3813 s.
764 3754 911 3814 Mauricii
933 3771 990 3814 aas
1013 3753 1079 3813 dcm
1100 3754 1188 3814 Eadc
1209 3754 1259 3814 des
1282 3760 1333 3814 11.
1350 3755 1403 3815 Ji.
1428 3754 1452 3827 f.
1473 3757 1514 3816 50
1536 3758 1580 3814 im
1600 3755 1849 3820 restaurantis
1870 3776 1912 3818 ca
1934 3759 2065 3834 Moyse

505 3860 580 3932 baro
605 3857 667 3938 (Ο).
691 3891 734 3902 -
756 3858 976 3933 Moqdeburpcr
999 3857 1177 3932 Coptolbuct
1199 3859 1250 3919 des
1272 3863 1324 3920 15.
1341 3859 1394 3920 dt.
1418 3858 1442 3931 s.
1460 3864 1479 3920 9
1503 3858 1647 3939 amaa(
1677 3859 1699 3940 ).

504 3995 623 4055 Lector
636 3995 772 4070 Disqcis.
795 3996 933 4069 stapulas
949 3995 1059 4057 Socors.
1075 4003 1109 4054 n⁰
1124 3999 1208 4057 1599
1231 4014 1288 4056 ons
1310 3996 1377 4072 dem
1394 3994 1531 4072 0νὶρίηαί
1555 3995 1607 4077 (D)
1633 4023 1672 4050 =
1695 3999 1799 4072 Dinis
1812 3997 1882 4057 Rs.
1905 3994 1974 4071 10⁵,
1998 4003 2063 4060 344

503 4103 538 4156 a⁰
553 4102 604 4158 13.
628 4131 670 4141 -—
694 4097 878 4172 naitanus
893 4097 964 4158 Ant.
982 4099 1177 4173 Maqdetury.
1202 4100 1245 4158 cd.
1266 4107 1290 4170 1,
1315 4103 1356 4160 40
1379 4100 1599 4175 cnvottstttadip
1621 4117 1678 4160 aas
1693 4101 1723 4160 1>
1739 4101 1804 4160 aad
1818 4101 1888 4162 MS.
1906 4101 1958 4162 des
1976 4101 2063 4163 Olca-
2081 4119 2112 4167 sc

506 4203 571 4260 rias
596 4224 636 4254 =
660 4201 703 4261 cd.
724 4211 765 4273 ΙΙ,
789 4207 831 4262 30
855 4225 895 4255 =
919 4203 1103 4277 Sopittan'cs
1126 4205 1160 4262 in
1181 4203 1299 4278 chscn
1321 4203 1399 4278 Ata.
1416 4204 1563 4279 Macaria
1577 4210 1608 4275 1,
1624 4207 1675 4266 96.
1698 4239 1741 4249 -
1764 4205 1904 4264 Lcrboita
1925 4205 2009 4266 Aac.
2030 4211 2061 4278 3,

506 4309 545 4364 71
570 4304 787 4379 anvctlstttadiq
810 4323 866 4366 aas
891 4304 1063 4366 dicacior.
1087 4339 1129 4350 —
1152 4307 1282 4366 Bttmcr
1303 4308 1374 4382 Rcc.
1398 4309 1471 4370 250.
1495 4339 1537 4350 -
1561 4306 1692 4381 Stamps
1709 4308 1781 4382 Ra.
1804 4311 1879 4368 293.

505 4443 569 4502 Der
586 4445 768 4503 Lcnbersclre
785 4445 856 4503 Text
876 4445 944 4518 cett
967 4443 1099 4515 offertor
1120 4443 1183 4514 aas
1202 4444 1256 4502 dos
1274 4442 1410 4518 Oriciuat
1431 4445 1554 4515 cartole,
1578 4445 1618 4504 ist
1639 4446 1710 4503 ater
1731 4444 1810 4503 aictt
1832 4449 1943 4503 conred
1963 4463 2063 4519 canuc

504 4565 557 4605 cm
581 4548 694 4607 tterott
716 4548 773 4607 dea
797 4549 907 4608 Tectcn
930 4548 982 4606 der
998 4545 1176 4607 Gtcrtciare
1197 4564 1372 4621 vorpcroycn
1394 4548 1510 4606 coerceri
1531 4565 1572 4606 aa
1593 4547 1717 4626 kttmea
1754 4547 1849 4608 sant
1871 4549 1906 4606 ia
1928 4548 1985 4607 der
2005 4549 2062 4610 Ur·

504 4650 610 4721 schrift
634 4652 800 4725 recognovit
821 4654 851 4710 st
873 4653 1060 4726 subscripsit,
1084 4670 1116 4712 so
1139 4651 1241 4711 warde
1261 4652 1339 4711 caet
1359 4653 1425 4711 tier
1446 4655 1500 4712 rote
1522 4654 1567 4712 tet
1589 4651 1658 4713 DO.
1677 4656 1742 4713 230
1765 4669 1806 4712 aa
1828 4657 1919 4713 awos
1941 4659 2063 4728 epotare
2080 4669 2111 4718 ss

504 4752 724 4829 Acsferticaaq
745 4773 786 4814 su
808 4754 922 4814 censen
943 4758 1015 4815 seia

606 4939 646 5002 In
673 4943 804 5006 nomine
836 4949 948 5026 sancte
983 4950 1015 5005 et
1045 4939 1212 5025 individue
1249 4941 1412 5006 trinitatis.
1457 4939 1537 5008 Otto
1572 4942 1684 5008 divina
1718 4943 1847 5008 favente
1883 4944 2063 5011 clementia

401 5065 471 5107 rex.
571 5043 694 5109 Notum
717 5045 760 5109 sit
783 5043 933 5109 omnibns
955 5043 1107 5111 fidelibus
1129 5048 1249 5110 nostris
1273 5044 1478 5131 presentibus
1497 5045 1623 5111 scilicet
1637 5055 1669 5110 et
1690 5046 1815 5129 tuturis,
1839 5045 1983 5132 qualiter
1998 5071 2062 5114 nos

401 5169 461 5232 pro
490 5149 597 5233 anime
626 5159 736 5233 nostre
764 5148 933 5216 remedio⁸
960 5149 1013 5213 vel
1042 5151 1187 5235 peccatis
1210 5151 1329 5214 nostris
1352 5149 1551 5232 minuendis,
1585 5172 1645 5235 pro
1669 5149 1773 5215 salute
1796 5149 1922 5215 scilicet
1943 5163 2062 5218 nostra

402 5253 615 5337 coniugisque
644 5273 683 5318 ac
711 5254 813 5339 prolis
842 5274 903 5317 nec
930 5275 997 5318 non
1028 5263 1060 5318 et
1088 5276 1148 5340 pro
1180 5253 1357 5319 stabilitate
1381 5257 1484 5320 nostri
1505 5256 1597 5339 regni
1620 5254 1665 5319 ad
1687 5264 1836 5319 sanctum
1859 5255 2062 5324 Maur-icium
2079 5275 2112 5324 40

402 5364 435 5418 et
455 5355 683 5423 Innocentium
711 5359 746 5423 in
772 5357 846 5422 loco
876 5359 930 5443 qui
960 5357 1079 5424 dicitru
1100 5356 1364 5442 magedeburgh,
1393 5357 1449 5424 ubi
1474 5360 1578 5422 sancti
1602 5361 1748 5424 martires
1772 5359 1989 5443 corporaliter
2012 5385 2063 5426 re·

489 5524 549 5580 230.
578 5527 713 5597 [Paukert]
810 5533 836 5593 a)
855 5531 984 5582 Noverint
1001 5527 1031 5578 D
1125 5529 1154 5589 b)
1172 5545 1250 5580 mcor
1267 5529 1520 5596 emunctioris
1538 5534 1684 5598 cogitantes
1780 5533 1804 5594 c)
1823 5534 1908 5582 nostri
1928 5537 2016 5586 nostri
2036 5536 2066 5586 D

574 5597 600 5664 d)
619 5599 711 5648 moniti
728 5596 758 5647 D
861 5599 886 5662 e)
905 5600 983 5648 situm
1002 5597 1030 5646 D
1133 5599 1155 5660 i)
1173 5614 1223 5648 con
1249 5603 1366 5663 aues·
1391 5599 1474 5650 Hand
1495 5599 1683 5666 aocbyetroqca
1785 5599 1812 5667 g)
1832 5599 2006 5669 Lludolphus
2025 5605 2062 5656 D.

487 5694 547 5751 tii.
574 5697 668 5767 [Foltz]
772 5701 799 5762 a)
817 5699 883 5764 DL,
910 5716 957 5767 pro
976 5700 1092 5752 remedio
1110 5704 1197 5769 anime
1215 5709 1304 5770 nostre
1325 5701 1349 5755 0
1447 5703 1476 5769 b)
1498 5702 1529 5769 0,
1556 5705 1751 5773 Magcthaburg
1769 5703 1807 5768 L,
1830 5706 2004 5778 Magdebnrg
2024 5711 2062 5762 D.
