4560 6436
421 411 485 478 588
1018 419 1473 477 KAISEBURKUNDEN.

423 612 485 668 tur.
522 601 663 668 Proinde
686 600 749 667 hcc
772 609 904 667 nostrae
926 602 1110 666 autoritatis
1133 611 1347 686 praeceptum
1369 600 1558 688 praedictae
1580 600 1770 667 abbatissae
1793 600 1962 666 conscribi
1986 601 2094 665 iussi-

423 728 495 770 mus
517 727 576 790 per
598 702 688 791 quod
710 703 914 770 decernimus
937 713 1034 789 atque
1057 701 1216 785 iubemus,
1239 714 1275 767 ut
1296 703 1404 768 nullus
1428 726 1470 768 ex
1491 704 1663 770 iudiciaria
1682 714 1843 789 potestate
1860 705 1894 770 in
1913 703 2093 770 ecclesias

423 817 480 874 aut
507 807 582 873 looa
609 816 666 872 aut
694 827 792 891 agros
822 829 879 872 seu
907 804 1049 892 reliquas
1078 807 1303 891 possessiones
1333 827 1415 892 quas
1442 829 1530 873 nuno
1559 807 1706 892 possidet
1727 807 1781 872 vel
1804 830 1887 895 quae
1916 808 2093 892 deinceps

423 914 521 978 etiam
542 913 614 976 iura
636 913 705 975 eius
729 910 842 975 diviua
863 912 968 995 pietas
992 911 1103 994 augeri
1126 908 1275 992 voluerit,
1299 909 1343 974 ad
1364 931 1485 976 causas
1508 910 1679 977 iudiciario
1702 933 1793 976 more
1815 911 2004 978 audiendas
2031 910 2090 975 vel

422 1013 521 1081 feuda
543 1014 706 1099 exigenda
728 1013 781 1078 vel
803 1013 951 1079 homines
975 1011 1133 1077 ecclesiae
1160 1011 1401 1097 distringendos
1424 1015 1476 1080 vel
1505 1013 1587 1080 alias
1615 1014 1789 1081 inusitatas
1819 1038 1939 1081 causas
1970 1017 2128 1102 requi-5

423 1117 542 1182 rendae
565 1115 631 1181 ullo
655 1135 802 1202 unquam
823 1124 971 1202 tempore
993 1114 1119 1199 ingredi
1142 1114 1263 1180 audeat
1278 1115 1330 1179 vel
1354 1138 1496 1203 eaquae
1520 1136 1619 1200 supra
1640 1125 1821 1181 memorata
1844 1126 1919 1182 suut
1943 1119 2092 1200 exigere

422 1230 619 1306 praesumat
663 1219 708 1284 Et
730 1228 766 1284 ut
786 1218 870 1284 baec
892 1227 1023 1284 nostrae
1046 1221 1272 1284 consensionis
1295 1221 1474 1284 auctoritas
1497 1219 1677 1306 pleniorem
1705 1221 1738 1284 in
1762 1219 1813 1285 dei
1836 1222 1971 1285 nomine
1996 1220 2091 1285 obti-

422 1333 499 1390 neat
520 1324 717 1406 firmitatem,
740 1344 840 1387 manu
862 1323 996 1408 propria
1019 1321 1130 1386 subter
1152 1344 1224 1386 eam
1246 1322 1448 1388 firmavimus
1467 1333 1500 1388 et
1518 1321 1629 1387 annuli
1645 1324 1750 1388 nostri
1764 1324 1980 1409 impressione
1997 1324 2089 1388 assi-

423 1449 517 1512 gnarr
539 1447 705 1491 iussimus.

526 1563 677 1648 Sigillum
702 1560 833 1627 Ottonis
857 1563 942 1646 regis
965 1563 1029 1644 (bl.)
2109 1574 2144 1624 ιο

525 1668 637 1732 Bruno
661 1663 876 1730 cancellarius
900 1665 1048 1731 advieem
1070 1665 1229 1731 Friderici
1252 1664 1507 1753 archicapellani
1529 1669 1717 1752 recognovi.

526 1803 617 1868 Data
639 1821 711 1868 xva
735 1802 797 1868 cal.
821 1802 902 1868 febr.
926 1825 1012 1868 anno
1037 1803 1221 1868 dominicae
1249 1805 1483 1870 incamationia
1513 1820 1638 1889 Dcccc,
1669 1805 1848 1872 indictione
1871 1822 1957 1888 xm,
1988 1827 2086 1870 anno

422 1909 514 1991 regni
538 1905 670 1972 Ottonis
689 1925 729 1990 v3
753 1917 863 1972 actum
885 1907 1087 1993 Mogoucae3
1109 1910 1143 1973 in
1167 1906 1286 1974 Christi
1310 1910 1441 1975 nomine
1464 1908 1602 1974 feliciter
1624 1920 1755 1975 amen.⁰

1203 2148 1291 2222 tao.

1160 2305 1336 2386 (Unecbt.)
2108 2331 2139 2379 1⁵

433 2439 514 2518 Otto
542 2442 703 2540 bestdtipt
728 2441 808 2516 dem
828 2443 972 2517 Kloster
996 2444 1119 2517 Fnlda
1142 2443 1213 2516 den
1231 2442 1349 2516 Besitz
1367 2441 1432 2515 der
1448 2469 1521 2516 von
1538 2444 1670 2517 reinero
1692 2443 1902 2543 Vorpttnper
1920 2445 2088 2546 Lndwig

425 2563 496 2636 den
513 2559 777 2638 tantundem
799 2562 859 2636 des
877 2561 1001 2663 Steftes
1022 2565 1284 2663 zupewiesenen
1303 2563 1512 2638 Fisoulinen
1538 2563 1618 2636 and
1641 2565 1788 2638 verdedt
1812 2566 1970 2664 eupleicle
2000 2567 2087 2641 dem

426 2682 573 2758 Kloster
598 2683 813 2756 Immunitdt
837 2684 917 2757 und
943 2684 1078 2757 undere
1105 2683 1242 2758 Reclrte.
1538 2703 1713 2777 Frenbfurt
1736 2708 1799 2765 940
1821 2704 1984 2764 December
2006 2712 2037 2766 1.

530 2910 671 2970 Urlennde
692 2928 749 2970 aas
772 2910 825 2970 der
839 2911 930 2970 Mitte
944 2912 993 2970 des
1009 2915 1060 2972 13.
1078 2911 1130 2972 Jb.
1147 2913 1180 2971 in
1195 2911 1398 2986 Deplomform
1413 2913 1455 2970 im
1470 2911 1497 2970 le.
1516 2911 1718 2972 Stnotsurolriv
1731 2929 1772 2970 en
1786 2911 1935 2986 Marbnrp
1950 2911 2014 2992 (A).
2039 2947 2087 2958 -

530 3014 734 3089 Gleiclreeite’pe
758 3013 846 3088 dente
869 3015 977 3075 abendo
999 3013 1060 3094 (B).
2106 3034 2140 3082 20

528 3170 678 3232 Sebamtct
701 3170 780 3230 Hiat.
804 3170 896 3229 Fnld.
919 3174 950 3241 2,
974 3173 1037 3231 145
1059 3175 1094 3228 n⁰
1117 3172 1156 3230 31
1182 3187 1239 3231 ates
1261 3171 1300 3230 A.
1324 3205 1365 3214 -
1388 3170 1509 3229 Dronlte
1533 3168 1595 3231 01).
1618 3170 1709 3230 Fnld.
1734 3174 1799 3232 317
1819 3173 1940 3230 ,0534
1970 3189 2031 3231 aas
2056 3173 2085 3230 A

528 3273 594 3354 (von
609 3274 729 3333 Dronke
744 3273 789 3333 ala
807 3273 896 3347 Cupie
911 3274 961 3333 des
981 3279 1033 3334 11.
1050 3274 1104 3334 Jb.
1129 3275 1310 3353 beeeiobnet).
1333 3308 1375 3317 -
1397 3274 1528 3333 Bb'bmer
1541 3276 1615 3349 Rep.
1632 3277 1702 3335 105.
1728 3307 1770 3318 -
1793 3273 1922 3348 Stamps
1932 3275 2007 3349 Ray.
2030 3281 2084 3336 93.

535 3431 599 3492 Wie
627 3431 654 3488 A
683 3429 747 3488 und
774 3429 829 3488 das
857 3430 959 3488 ulteste
987 3430 1151 3503 Exemplar
1180 3430 1229 3490 das
1256 3430 1296 3489 D.
1321 3445 1405 3504 spur.
1429 3430 1574 3488 Heinrich
1591 3438 1632 3488 11.
1663 3428 1792 3502 &omps
1810 3428 1883 3502 Περ.
1907 3431 1995 3490 1569
2026 3448 2086 3490 oon

525 3536 652 3611 pleioher
673 3534 767 3594 Hand
790 3535 976 3608 aeschrieben
1002 3534 1087 3604 sind,
1116 3551 1149 3594 so
1171 3536 1278 3594 wesen
1299 3535 1376 3593 anob
1397 3534 1498 3594 letbalt
1519 3533 1584 3592 med
1605 3534 1747 3608 Fuasmtp
1773 3531 1837 3605 uns
1858 3535 2086 3607 nemausenses

531 3642 688 3713 Urspmnq
709 3640 770 3697 bin.
809 3638 904 3697 Beide
924 3655 981 3697 von
1003 3638 1163 3698 Eberhard
1183 3638 1257 3698 noct
1278 3638 1360 3697 nicht
1378 3638 1532 3712 petronate,
1561 3637 1690 3711 dupeqen
1711 3639 1754 3696 im
1776 3637 1910 3698 J.1289
1933 3653 1992 3695 von
2015 3640 2085 3698 Ru·
2104 3654 2139 3703 25

527 3741 597 3816 dolf
611 3752 635 3803 l.
659 3741 800 3819 (Bdbrner
820 3742 891 3814 Περ.
916 3740 992 3819 987)
1014 3743 1165 3816 beatdtipte
1186 3741 1396 3815 Fdlsolnmpen
1416 3740 1486 3800 sind
1505 3741 1563 3800 den
1577 3747 1719 3801 dusseren
1733 3740 1921 3799 Merkrnnlen
1934 3742 2014 3800 nach
2030 3759 2086 3800 ura

528 3846 576 3905 die
589 3846 680 3905 Mitte
695 3844 745 3903 des
766 3849 817 3906 13.
835 3845 861 3904 J
861 3846 888 3906 b.
911 3846 1092 3906 entstnnden.
1126 3845 1191 3905 Der
1205 3845 1347 3905 Fdlseber
1367 3847 1447 3906 batte
1461 3846 1626 3905 Kenntniss
1641 3862 1697 3904 oon
1711 3845 1778 3904 dem
1792 3844 1832 3904 D.
1848 3861 1932 3918 spur.
1949 3845 2086 3920 Lsedwe'p

528 3950 579 4010 des
600 3949 768 4009 Dentsclsen
789 3947 921 4026 (Dronlee
939 3953 1004 4010 249
1022 3955 1056 4008 n⁰
1074 3949 1149 4028 556)
1172 3951 1237 4010 und
1259 3952 1393 4010 benum
1418 3949 1583 4010 Odonnelre
1604 3948 1765 4009 Urbunden
1787 3947 2004 4028 (insbesondere
2027 3949 2086 4020 frte·

530 4054 584 4114 das
600 4055 748 4114 Protoleelt
764 4055 906 4114 vielletobt
927 4054 997 4114 DO.
1013 4053 1100 4132 160),
1123 4055 1263 4114 ceratand
1284 4057 1356 4115 aber
1376 4056 1457 4115 nieht
1479 4053 1568 4113 deren
1584 4052 1642 4114 Stil
1662 4054 1885 4116 mebenchmen
1906 4052 1971 4111 cred
1993 4053 2084 4124 flecht

411 4221 414 4228 ,
530 4157 663 4216 bberdies
679 4161 738 4216 erst
756 4157 812 4215 den
826 4161 965 4230 spdteren
979 4157 1225 4216 Jabrnenderten
1239 4159 1414 4232 mspebdrnbe
1429 4157 1605 4218 Ansdntclee
1621 4157 1685 4216 need
1699 4157 1944 4229 Bestimmnnpen
1959 4157 2019 4215 ein.
2039 4189 2084 4200 --
2103 4173 2138 4222 30

532 4261 594 4320 Von
616 4261 669 4320 der
690 4278 740 4319 cen
764 4261 1062 4336 &aurearoma
1082 4259 1238 4335 Abselrrift
1259 4262 1290 4322 B
1310 4264 1350 4322 ist
1371 4262 1445 4332 tier,
1469 4261 1509 4321 dc
1530 4263 1573 4321 sie
1591 4261 1726 4336 lediple'ct
1743 4261 1843 4320 uasat
1863 4261 2009 4334 pettossen
2031 4262 2082 4333 ist,

527 4382 606 4438 nune
627 4365 786 4438 abpeaelten
808 4364 935 4424 worden.

529 4565 604 4650 {In
625 4567 758 4632 nomine
781 4575 914 4631 sanctae
938 4575 970 4630 et
991 4565 1180 4632 individuae
1208 4567 1372 4634 trinitatis.
1418 4566 1519 4634 Ottho
1550 4567 1662 4632 divina
1691 4567 1870 4633 auxiliante
1899 4565 2085 4635 clemencia

427 4673 651 4737 Romanorum
673 4693 743 4737 rex.
766 4671 780 4754 ξ
866 4672 1002 4737 Noverit
1025 4670 1169 4736 omnium
1191 4669 1337 4738 fidelium
1359 4682 1547 4738 nostrorum
1569 4673 1768 4758 presentium
1789 4693 1931 4737 necnon
1948 4672 2084 4738 etfutu·

426 4796 539 4839 rorum
567 4773 727 4857 sollertia,
762 4774 901 4860 qualiter
922 4773 1132 4840 Hadamarus
1155 4774 1352 4841 venerabilis
1379 4776 1483 4842 abbas
1507 4775 1547 4841 de
1569 4777 1767 4843 monasterio
1792 4777 1897 4842 sancti
1919 4776 2084 4842 Bonifatii
2101 4794 2136 4843 ab

427 4881 569 4944 martiris
592 4877 691 4945 Oristi
714 4879 803 4966 quod
825 4877 946 4944 Fultha
967 4887 1121 4962 vocatur,
1151 4878 1240 4966 quod
1269 4881 1366 4945 situm
1394 4889 1445 4945 est
1471 4881 1505 4945 in
1534 4902 1621 4966 pago
1657 4878 1838 4965 Graphuelt
1865 4887 1946 4966 aput
1972 4881 2084 4965 ripam

427 4983 570 5049 fluminis
593 4984 748 5066 Fulthae,
780 4982 973 5071 deprecatus
996 4992 1046 5047 est
1068 4981 1293 5047 celsitudinem
1315 4994 1462 5049 nostram
1482 4994 1520 5048 ut
1541 4983 1689 5049 homines
1712 4982 1873 5070 quosdam
1896 5005 1995 5069 super
2018 4993 2083 5049 ter·

427 5109 482 5153 ras
503 5089 606 5174 ipsius
630 5088 819 5153 monasterii
842 5096 1075 5152 conmanentes
1100 5087 1156 5172 qui
1178 5086 1222 5151 ad
1245 5095 1355 5173 partes
1378 5089 1469 5174 regni
1491 5087 1713 5175 pertinebant,
1749 5109 1831 5174 quos
1857 5087 1955 5152 etiam
1978 5109 2083 5174 quon-

429 5190 506 5256 dam
534 5191 630 5257 divae
663 5192 839 5256 memoriae
867 5189 1079 5256 Hlodewicus
1108 5211 1168 5254 rex
1197 5198 1387 5256 antecessor
1419 5201 1531 5256 noster
1564 5191 1747 5257 contulerat
1780 5190 1964 5256 scolasticis
1999 5190 2084 5257 dicti

429 5295 627 5378 monasterii,
652 5295 723 5378 sibi,
746 5295 947 5360 monasterio
970 5295 1035 5358 iam
1058 5293 1185 5378 prefato
1210 5293 1457 5382 scolasticisque
1480 5317 1630 5361 necnon
1652 5293 1877 5361 etmonachis
1899 5293 2135 5362 tradereetro

429 5399 621 5464 confirmare
648 5398 750 5484 regali
779 5399 973 5464 auctoritate
1003 5397 1220 5484 dignaremur.
1263 5397 1333 5464 Nor
1356 5400 1455 5485 igitur
1477 5402 1555 5486 quia
1577 5402 1766 5486 petitionem
1789 5420 1882 5465 suam
1904 5399 2027 5464 iustam
2051 5409 2086 5466 et

429 5501 657 5568 rationabilem
686 5501 919 5586 iudicavimus,
949 5525 1119 5568 assensum
1148 5503 1178 5567 ei
1204 5502 1393 5587 prebuimus
1417 5514 1449 5568 et
1471 5525 1531 5590 pro
1553 5501 1698 5568 remedio
1720 5504 1849 5568 animae
1870 5509 2006 5566 nostrae
2028 5502 2085 5568 vel

516 5687 575 5741 4³5.
605 5687 715 5757 [Uhlira]
820 5691 847 5753 a)
865 5691 908 5742 die
926 5689 1056 5742 melnae
1076 5690 1164 5742 Tnetle
1180 5691 1226 5743 dar
1244 5691 1425 5744 Erebotolcollr
1442 5692 1503 5744 sind
1521 5695 1549 5743 in
1566 5693 1590 5744 A
1608 5692 1727 5744 matellt.
