4560 6420
274 403 337 468 200
585 457 591 464 .
869 408 1318 466 KAISERURKUNDEN.

273 603 404 658 maneat
426 602 458 657 et
478 614 500 656 a
522 592 574 657 dei
597 593 781 676 nostrisque
803 589 954 654 fidelibus
976 591 1084 653 verius
1107 589 1275 670 credatur,
1297 609 1397 652 manu
1419 588 1553 674 proprie
1575 597 1688 652 nostre
1709 587 1830 653 subtus
1853 608 1934 651 cem

272 696 471 762 firmavimus
494 696 657 781 anuloque
679 705 791 760 nostro
815 693 949 777 sigillari
972 694 1136 757 iussimus.

373 831 387 915 ξ
409 834 545 919 Signum
568 834 678 899 domui
702 831 833 898 Ottonis
856 832 921 912 (M.)
941 830 1148 895 invictissimi
1172 831 1268 912 regis.
1291 830 1305 911 ξ

373 936 387 1017 ξ
408 937 499 1001 Brun
514 936 729 1001 cancellarius
745 935 894 1000 advicem
909 933 1066 999 Rodberti
1082 932 1337 1019 archicapellani
1353 931 1568 1016 recoglnovli.
1586 933 1601 1016 ᾗ
1621 938 1678 1008 (SI.
1690 936 1743 1009 D.)
1758 936 1832 1013 (SR
1849 939 1933 1006 NN.)

374 1074 462 1138 Data
477 1084 556 1139 ιιι.ο
570 1074 637 1139 kal.
652 1072 717 1138 feb.
733 1071 847 1156 anlu]0
864 1070 985 1136 domini
1002 1085 1144 1154 Βοῦσαι,
1163 1067 1362 1135 indictiones
1381 1088 1442 1152 vn,
1465 1080 1621 1155 regnante
1635 1073 1690 1155 pio
1706 1093 1784 1154 rege
1802 1069 1931 1134 Ottoue
1951 1083 1968 1130 s

274 1177 384 1262 [anulo
408 1196 455 1241 vx
468 1187 496 1260 ⁰3
519 1188 628 1242 actum
650 1177 890 1259 Basenvillare3
913 1179 947 1241 in
969 1177 1101 1242 domiuo
1124 1175 1261 1241 feliciter
1284 1197 1390 1238 emen.

1056 1362 1141 1435 118.

279 1519 361 1602 0tt0.
386 1522 547 1619 betudpt
572 1521 652 1594 dem
673 1521 820 1594 Klostcr
841 1517 1181 1615 Stablo-Mulmedy
1202 1517 1296 1592 acolt
1319 1517 1399 1590 dem
1424 1515 1602 1589 Wortluut
1627 1515 1691 1588 der
1722 1515 1931 1588 Urkuoden

268 1644 385 1715 seiuer
407 1642 617 1739 Vorpc'tuper
639 1641 762 1715 deseca
784 1639 1019 1713 Besitzstoud.
1404 1671 1583 1744 gusmp
1600 1675 1662 1734 950
1684 1673 1827 1732 Mna„
1849 1677 1881 1732 1.

372 1863 533 1926 Glanum
554 1883 610 1924 ocu
633 1863 734 1925 Stablo
756 1881 813 1923 aus
836 1864 903 1921 dem
916 1861 1044 1938 Auferte
1065 1864 1115 1922 des
1138 1868 1189 1925 13.
1207 1863 1259 1922 Jlt.
1284 1862 1308 1934 f.
1326 1860 1377 1922 30¹
1400 1864 1443 1920 im
1464 1863 1492 1921 t.
1510 1862 1711 1922 stacearcmv
1731 1880 1773 1920 eu
1796 1861 1927 1921 Dissel-
1949 1870 1983 1915 10

371 1962 445 2040 dors
463 1966 526 2048 (0).
549 2002 592 2011 -
616 1965 779 2028 ciuntur
800 1984 856 2025 von
879 1967 979 2026 Stablo
1001 1985 1058 2026 aas
1081 1968 1146 2026 dem
1167 1967 1254 2026 Dnde
1275 1966 1326 2024 des
1349 1969 1399 2025 15.
1416 1966 1471 2025 Jt.
1495 1963 1587 2036 ΜΝ
1610 1967 1652 2023 im
1673 1965 1700 2023 lt.
1719 1965 1931 2024 Stoutsorcbie

369 2092 409 2131 au
432 2072 558 2131 Brstssel
581 2069 646 2149 (D).
675 2104 717 2113 -
746 2068 910 2129 ΟΙιαήιιῑιιν
931 2089 996 2129 vom
1024 2069 1057 2136 J.
1082 2074 1168 2130 1487
1196 2068 1220 2141 s.
1246 2073 1288 2131 52
1310 2069 1420 2128 cbosdn
1443 2067 1508 2147 (E).
1537 2102 1580 2112 -
1607 2069 1781 2141 Rupistrum
1810 2067 1930 2125 arctici

369 2175 554 2235 &abutente
577 2191 634 2233 aus
656 2173 722 2233 deu
745 2170 831 2232 Dede
854 2174 905 2234 des
927 2177 977 2234 18.
996 2174 1049 2233 Jit.
1068 2192 1102 2248 p.
1125 2177 1191 2234 248
1213 2175 1256 2230 im
1277 2172 1526 2232 emansorem
1546 2191 1587 2231 eu
1608 2169 1795 2242 Ddsseldors
1813 2169 1881 2248 (G).

370 2316 510 2373 Murteae
534 2313 604 2372 Coll.
626 2317 657 2383 2,
683 2317 725 2372 43
746 2331 803 2372 aus
819 2315 895 2386 jetet
916 2315 997 2372 nicht
1019 2315 1102 2373 mehr
1123 2312 1346 2384 ausfiudbnrcm
1367 2311 1435 2373 MS.
1458 2329 1514 2370 nott
1535 2310 1693 2384 Mnlrsedp.
1718 2343 1761 2352 —-
1792 2309 1929 2368 Bdlemer

368 2418 441 2490 Rq.
465 2419 537 2477 169.
561 2449 604 2460 -
627 2414 757 2489 Daraps
773 2417 846 2490 Res.
870 2420 943 2477 183.
1522 2449 1524 2454 ,
1948 2428 1981 2474 15

371 2555 494 2613 Getone
515 2555 580 2612 und
601 2554 663 2613 siclt
685 2556 730 2613 bis
752 2553 813 2625 aas
831 2555 885 2614 dos
908 2554 1208 2628 Dinpnnpsprotolcoll
1230 2554 1429 2614 erstrcclrcnde
1443 2553 1651 2626 Nachbildmsq
1665 2552 1716 2612 des
1731 2552 1771 2611 D.
1789 2552 1925 2626 Dsdreiy

369 2658 419 2716 des
442 2659 604 2717 Frommeu
626 2659 663 2717 D.
686 2663 737 2721 24.
778 2660 844 2717 Zur
866 2660 1041 2734 Drieldrsmq
1064 2660 1116 2718 der
1141 2658 1319 2719 Ottnsomcu
1340 2657 1395 2732 syl.
1420 2657 1658 2731 &andennense
1679 2658 1713 2714 in
1734 2654 1828 2714 Mens.
1854 2673 1927 2715 cou-

371 2760 477 2820 rormds
495 2761 615 2835 poblite
633 2780 695 2836 por
717 2762 896 2822 fdmdtmie
917 2764 1017 2838 royole
1039 2764 1075 2822 de
1096 2763 1240 2836 Bclqique
1260 2765 1313 2833 26,
1337 2766 1378 2821 14
1400 2761 1432 2833 ff.

471 2945 511 3010 In
537 2948 668 3011 nomine
695 2947 843 3013 domini·
871 2948 923 3013 dei
946 2957 979 3012 et
1002 2947 1175 3012 salvatoris
1197 2949 1300 3012 nostri
1323 2947 1397 3011 Iesu
1421 2945 1551 3010 Christi.
1597 2944 1675 3010 Otto
1699 2944 1813 3009 diviua
1836 2945 1926 3009 ordi-

264 3057 365 3112 nante
393 3049 601 3134 providentla
629 3072 697 3114 reX.
799 3066 966 3130 Imperinlem
995 3066 1179 3117 celsitudinem
1208 3067 1283 3116 decet
1312 3066 1528 3130 predecessorum
1558 3079 1665 3114 suorum
1693 3064 1738 3128 pie
1766 3063 1840 3113 facts
1868 3079 1926 3113 non
1943 3065 1980 3112 20

264 3167 352 3218 solum
374 3170 564 3219 inviolabiliter
587 3183 758 3230 conseruere,
792 3169 839 3219 sed
861 3171 940 3219 etism
963 3186 1074 3220 censure
1097 3185 1144 3220 sue
1167 3169 1290 3218 alacriter
1312 3170 1470 3218 auctoritate
1492 3167 1655 3219 confirmare.
1692 3168 1797 3219 Idcirco
1825 3175 1925 3218 notum

264 3274 301 3322 sit
323 3275 439 3323 omnium
462 3273 580 3324 fidelium
602 3279 753 3324 nostrorum
775 3273 919 3335 industrie,
942 3275 1006 3338 quia
1029 3257 1127 3322 Odilo
1152 3273 1222 3322 ebba
1245 3288 1278 3322 ex
1300 3274 1459 3322 monasterio
1482 3255 1650 3322 Stabulsusl'
1673 3277 1699 3322 et
1720 3271 1925 3322 Malmundsrie

264 3393 314 3426 uec
337 3393 390 3426 nou
413 3383 439 3427 et
461 3378 584 3427 monachi
607 3378 634 3426 in
657 3377 756 3427 eisdem
779 3378 898 3426 cenobiis
921 3378 1096 3426 consistentes
1120 3375 1273 3426 detulerunt
1295 3377 1373 3426 nobis
1395 3381 1548 3440 preceptum
1571 3359 1756 3426 Lodoulcl“
1779 3362 1924 3445 impera·

265 3467 345 3530 toris
368 3474 401 3530 el
423 3481 552 3531 Hilderici
575 3483 645 3546 regis
671 3482 699 3530 iu
721 3497 774 3545 quo
797 3480 998 3542 continebatur,
1028 3479 1143 3544 qualiter
1165 3482 1206 3529 vir
1229 3480 1337 3530 sanctus
1359 3480 1500 3530 Remsclns
1523 3478 1625 3530 scilieet
1647 3479 1753 3529 nomine
1776 3481 1824 3544 qui
1848 3495 1943 3528 nunc-

264 3585 291 3632 in
315 3583 406 3633 eodem
429 3585 589 3634 monasterio
611 3585 769 3648 requiescit,
804 3583 943 3633 detulisset
972 3566 1101 3651 prefato
1125 3565 1309 3632 Chllderlco
1332 3568 1400 3652 regi
1430 3584 1613 3647 preceptiones
1640 3581 1766 3648 sigiberti
1792 3584 1867 3648 regis
1893 3584 1922 3632 iu
1941 3587 1977 3634 25

264 3685 364 3751 quibus
390 3693 447 3736 erat
476 3689 618 3748 insertum,
652 3686 767 3752 qualiter
796 3687 902 3736 eusdem
932 3686 1043 3737 cellulas
1070 3702 1140 3736 novo
1165 3703 1244 3751 opere
1268 3687 1459 3737 construxisset
1482 3688 1563 3737 etde
1585 3701 1635 3736 sue
1657 3685 1753 3736 foreste
1777 3685 1923 3736 duodecim

264 3790 357 3855 leugas
378 3789 497 3855 undique
519 3793 686 3840 mensuratas
708 3805 755 3839 seu
778 3772 855 3854 que‘¹
880 3789 951 3840 infra
973 3793 1062 3851 erent,
1093 3805 1141 3853 pro
1165 3790 1256 3840 divino
1279 3805 1368 3840 umore
1391 3792 1573 3842 concessisset
1617 3776 1661 3840 Et
1682 3789 1820 3855 predictus
1843 3797 1923 3855 peter

264 3894 347 3958 magis
369 3893 483 3959 diligens
504 3894 594 3958 quiete
616 3892 723 3942 donuno
747 3894 845 3942 servire
868 3907 947 3958 quum
970 3892 1135 3943 tumultuosa
1157 3894 1240 3944 seculi
1266 3895 1440 3944 fluctuatione
1468 3896 1571 3959 perpeti
1599 3895 1754 3958 deprecatus
1782 3899 1824 3944 est
1855 3910 1921 3944 eun-

263 3996 322 4046 dem
345 3995 525 4046 childericum
548 4011 650 4062 regem,
685 4001 715 4045 ut
737 3999 774 4045 Vl
796 3997 889 4062 leugas
912 4000 950 4048 eis
973 3997 1142 4048 subtraheret
1163 4003 1271 4063 propter
1292 3999 1475 4064 quietudinem
1497 4000 1685 4049 monachorum
1708 3997 1807 4048 ibidem
1831 4001 1921 4050 conm-

263 4101 389 4149 steutium
411 4105 438 4150 et
460 4103 496 4149 VI
519 4101 557 4150 eis
580 4116 627 4166 per
648 4105 803 4165 preceptum
826 4117 904 4150 suum
926 4100 1094 4153 confirmaret
1116 4107 1196 4168 atque
1219 4102 1338 4168 undique
1360 4104 1493 4170 designari
1515 4105 1633 4167 iuberet,
1666 4105 1736 4153 sicut
1766 4109 1793 4153 et
1823 4099 1921 4155 idem*
1939 4100 1975 4149 30

263 4220 309 4254 rex
338 4204 452 4254 libenter
481 4205 569 4254 facere
598 4206 766 4269 procuravit,
801 4204 828 4254 id
851 4211 891 4255 est
913 4205 946 4255 de
968 4207 1130 4257 monasterio
1152 4207 1349 4258 Malmundario
1371 4224 1456 4273 usque
1479 4207 1584 4258 Siccam
1607 4221 1742 4271 eampum,
1776 4206 1809 4255 de
1839 4206 1920 4258 Sicco

262 4323 355 4373 campo
384 4324 431 4372 per
458 4310 529 4358 viam
558 4309 787 4359 Mansuuariscam
820 4325 904 4374 usque
933 4311 980 4360 ubi
1003 4293 1172 4360 warchinss
1201 4311 1331 4374 decurrit,
1365 4315 1392 4361 et
1419 4311 1451 4361 de
1480 4312 1540 4376 ipsa
1561 4291 1728 4360 Wurchins‘
1755 4325 1843 4375 usque
1872 4312 1920 4361 ubi

262 4406 430 4462 Stembech⁸
451 4413 601 4478 consurgit,
624 4417 651 4462 et
673 4413 705 4462 de
729 4394 897 4462 Stembaclrl¹
919 4429 1003 4480 usque
1026 4413 1061 4463 nd
1075 4415 1252 4477 Ambleviam,
1275 4414 1371 4464 deinde
1393 4429 1499 4463 sursum
1521 4429 1568 4479 per
1582 4411 1748 4464 Amblsvism
1770 4428 1819 4476 per
1843 4413 1920 4464 illum

261 4516 385 4567 forestem
407 4515 440 4566 de
462 4498 613 4582 Vvlfbergi
635 4517 682 4566 ubi
706 4515 842 4566 Saurbsch
866 4518 964 4582 surgit,
998 4518 1095 4567 deinde
1116 4518 1164 4567 ubi
1186 4518 1335 4568 Didolones
1356 4517 1460 4568 rivulus
1482 4518 1632 4583 consurgit,
1665 4515 1727 4567 inde
1748 4531 1798 4580 per
1826 4517 1918 4582 ipsum

263 4621 378 4670 rivulum
400 4635 485 4686 usque
507 4621 535 4668 in
558 4620 670 4669 Retham
693 4625 719 4670 et
741 4619 774 4670 de
796 4621 883 4670 Retha
904 4637 952 4686 per
974 4621 1047 4671 illsm
1070 4621 1195 4672 forestem
1217 4638 1270 4687 que
1292 4627 1398 4687 separat
1419 4622 1571 4684 Chelminu,
1599 4621 1727 4671 Roborito
1750 4625 1777 4670 et
1798 4620 1918 4671 Audent-
1938 4622 1974 4670 35

260 4707 387 4787 villarel,
421 4740 469 4789 per
490 4725 575 4788 ipsein
597 4724 711 4775 mediam
733 4723 857 4775 forestem
878 4740 964 4790 usque
986 4725 1075 4776 locum
1097 4727 1144 4791 qui
1167 4727 1265 4776 dicitnr
1291 4725 1498 4788 Iocundefauie,
1532 4731 1558 4775 et
1580 4723 1675 4775 deinde
1696 4739 1744 4788 per
1766 4709 1918 4776 Alseunm¹

260 4844 312 4893 que
334 4830 484 4894 propinqua
506 4833 546 4877 est
572 4827 657 4877 eidem
679 4799 854 4890 monasterio,
889 4834 916 4878 et
938 4829 999 4879 inde
1021 4845 1069 4894 per
1091 4831 1176 4894 ipsam
1198 4813 1342 4880 Alssnsm¹
1369 4845 1453 4894 usque
1476 4830 1523 4878 ubi
1546 4830 1574 4878 in
1596 4827 1711 4878 Glanum
1733 4827 1855 4878 rivulum
1877 4831 1918 4880 in-
2019 4847 2025 4852 ·

261 4932 392 4997 greditur,
426 4937 453 4982 et
482 4931 577 4982 deinde
607 4931 678 4981 ultra
708 4931 823 4982 Glanum
853 4948 937 4998 usque
964 4933 998 4982 ad
1022 4933 1116 4983 Album
1146 4934 1244 4984 fontem
1257 4928 1277 4956 ῃ
1300 4937 1327 4982 st
1349 4932 1382 4982 de
1404 4932 1474 4982 Albe
1496 4931 1568 4984 fonte
1591 4947 1674 4996 usque
1697 4929 1731 4980 sd
1753 4931 1918 4983 Amblavsun

261 5037 336 5084 iuxta
357 5035 445 5086 locum
464 5030 671 5101 Sicginiauiao1¹
694 5036 741 5084 ubi
759 5028 939 5086 Gerelaicus⁰
957 5051 1071 5086 vennam
1093 5037 1196 5100 habuit,
1219 5041 1246 5087 et
1268 5035 1330 5085 inde
1353 5050 1399 5099 per
1421 5036 1505 5099 ipsam
1528 5033 1683 5084 Amblavam
1706 5032 1753 5082 ubi
1773 5033 1919 5085 Dulnosus

259 5141 288 5188 in
310 5134 419 5205 ipsaml‘
441 5139 596 5206 ingreditur,
619 5139 681 5190 inde
696 5155 743 5204 per
758 5139 909 5190 Dulnosum
931 5156 1016 5205 usque
1038 5142 1067 5190 in
1089 5141 1188 5190 Fanias
1211 5145 1238 5190 et
1259 5141 1321 5191 iude
1344 5156 1391 5206 per
1413 5140 1526 5191 mediam
1548 5139 1671 5189 forestem
1687 5137 1721 5187 de
1736 5138 1803 5202 ipsis
1818 5139 1918 5190 Faniis
1935 5147 1973 5196 40

347 5293 403 5348 117.
430 5295 456 5362 e)
474 5295 499 5347 A
601 5297 669 5359 f)in
686 5295 752 5346 eltae
769 5295 1047 5363 Attumnqeetctet

348 5399 403 5454 118.
431 5400 526 5469 [Foltz]
614 5399 750 5466 {assedit
739 5415 768 5448 m
784 5398 838 5451 EG
924 5401 952 5462 b)
972 5400 1101 5450 Stabulnu
1120 5399 1148 5450 D
1231 5402 1256 5462 c)
1276 5401 1408 5451 Ludouici
1426 5397 1479 5450 EG
1564 5400 1592 5466 d)
1609 5398 1726 5463 nudique
1744 5408 1919 5454 mensuratus

430 5488 478 5522 sue
496 5471 613 5536 undique
631 5469 700 5520 infra
718 5475 792 5519 erent
809 5468 867 5529 nde,
885 5469 1009 5520 meridiei
1020 5468 1089 5518 neele
1103 5467 1157 5520 VU.
1240 5472 1265 5531 e)
1240 5470 1365 5519 eeidem
1377 5468 1432 5519 DE
1510 5469 1532 5530 f)
1544 5469 1670 5519 Warcma
1682 5466 1711 5516 D
1792 5471 1919 5534 g-lssten

427 5539 496 5591 bech
514 5540 543 5589 D
644 5537 671 5600 h)
692 5537 837 5588 Steinbsch
854 5507 883 5586 D
980 5541 999 5600 i)
1017 5538 1150 5605 Vvlsberg
1167 5537 1195 5588 E
1290 5539 1318 5598 k)
1337 5537 1533 5588 Andsstvillsre
1553 5535 1578 5586 G
1672 5533 1766 5599 1)fo
1785 5538 1919 5591 Alfenam

432 5608 481 5660 C'D
577 5607 613 5669 m)
635 5607 735 5658 fontem
755 5607 851 5656 Albam
871 5604 925 5657 EG
1023 5605 1051 5672 u)
1073 5606 1253 5674 Suginoauiao
1274 5606 1314 5669 lt,
1339 5608 1522 5714 Sitginoapiao
1545 5603 1570 5656 G
1666 5606 1692 5666 ο)
1716 5603 1870 5658 Gerelacus
1892 5609 1975 5662 1245

382 5681 456 5746 p)
475 5679 637 5728 Dulnosns'
629 5691 715 5742 ipsam
733 5675 772 5736 D,
790 5674 952 5726 Dulnosus·
945 5691 973 5726 m
990 5676 1049 5742 ipsa
1062 5673 1146 5727 ODG.
