4560 6436
927 410 1051 468 ΟΤΤΟ
1075 411 1099 466 Ι.
1123 407 1195 464 972.

1016 591 1103 663 1117.

251 745 332 822 Otto
359 745 500 820 6611611111
525 745 590 818 der
616 745 902 844 Manenkapetn
928 772 973 819 zu
999 745 1147 818 Aeolion
1174 743 1232 815 die
1258 744 1363 815 Atrei
1389 741 1632 818 0116616616111.

1471 864 1566 926 Porio
1589 868 1653 926 972
1675 865 1791 937 Amasi
1815 869 1844 924 1.

344 1058 413 1116 Irib.
433 1058 535 1130 privil.
561 1055 590 1116 S.
615 1057 737 1115 Mariae
760 1056 908 1130 Aquensis
930 1073 987 1114 uus
1010 1056 1075 1113 dcru
1097 1055 1185 1114 made
1208 1054 1258 1114 des
1280 1054 1404 1115 16111,
1430 1053 1453 1124 f.
1478 1058 1521 1113 12
1543 1057 1575 1111 iu
1598 1054 1650 1111 der
1671 1054 1698 1112 11,
1722 1054 1889 1112 3161161161

343 1181 383 1220 ru
405 1159 539 1238 Berlin(
568 1159 588 1238 ).
612 1194 654 1204 -
678 1159 856 1232 Copiolbuch
877 1177 934 1218 aus
957 1159 1009 1218 der
1031 1163 1126 1218 ersten
1148 1157 1255 1229 Hc'ilfte
1277 1159 1326 1216 des
1350 1162 1400 1218 13.
1419 1157 1471 1217 Jo.
1497 1155 1521 1228 f.
1539 1161 1558 1216 6
1581 1160 1623 1215 im
1640 1157 1827 1218 stantarum·
1848 1176 1889 1214 ru

345 1265 464 1323 Aaohcn
489 1263 553 1342 (B).

345 1403 428 1462 Juro
450 1405 529 1462 socri
557 1404 675 1462 romani
703 1404 821 1474 imperii
849 1403 882 1459 in
913 1401 1044 1458 domimo
1073 1399 1109 1457 dc
1137 1399 1249 1458 Fleron
1279 1397 1532 1474 (1111661116θὸ)
1561 1395 1590 1458 1’
1620 1399 1693 1454 nort
1722 1398 1891 1456 notoriellcr

344 1505 496 1576 Absolrrist
519 1525 575 1564 uus
598 1505 627 1564 A
651 1529 691 1558 =
715 1506 853 1564 Irourree
875 1504 997 1564 Recueil
1026 1503 1076 1562 des
1099 1503 1173 1562 edits
1202 1503 1246 1562 cd.
1267 1514 1285 1563 1
1307 1503 1440 1588 (Mitticlr
1463 1500 1701 1578 wls-4735)
1728 1521 1766 1553 z
1791 1503 1834 1559 ed.
1860 1509 1892 1559 11

346 1607 608 1686 (troo-1752),
638 1613 667 1676 4,
697 1613 759 1668 164
789 1616 823 1666 n⁰
852 1615 881 1669 1.
915 1643 957 1652 —-
989 1608 1128 1666 Illi-rocus
1157 1608 1235 1667 Dora.
1266 1608 1348 1680 Belq.
1372 1611 1435 1665 379
1465 1606 1684 1678 unrollstr'iurlio
1714 1623 1770 1664 aus
1798 1605 1827 1663 A
1852 1630 1889 1656 ς

345 1713 651 1785 Miratus-Ferreum
677 1711 730 1784 op.
754 1718 784 1782 1,
809 1715 871 1772 506
896 1736 935 1764 =
959 1712 1086 1770 1111116111
1113 1714 1146 1768 iu
1169 1711 1250 1770 Bull.
1277 1712 1311 1768 do
1334 1710 1423 1770 l'iust.
1447 1709 1570 1768 61611161.
1594 1709 1728 1782 [niueos
1752 1711 1781 1780 5,
1805 1714 1823 1768 1
1852 1727 1892 1766 an

347 1819 419 1876 969.
444 1851 487 1858 —-
508 1818 646 1875 dirruens
667 1817 737 1875 Not.
761 1817 826 1876 cccl.
850 1816 1015 1889 11616126
1039 1815 1258 1888 nntrollstliudiq
1280 1831 1336 1873 uus
1359 1813 1397 1872 A.
1421 1847 1465 1855 -
1487 1815 1581 1872 Fisen
1596 1817 1675 1873 Hist.
1693 1814 1783 1874 Laod.
1802 1813 1845 1872 ed.
1867 1822 1890 1883 1,

347 1923 413 1979 267
440 1920 660 1992 urzrrollstdndiq
688 1937 744 1976 6116
773 1919 802 1977 A
825 1943 865 1970 =
888 1919 992 1988 61111,
1018 1924 1047 1988 1,
1071 1921 1143 1976 167.
1173 1951 1216 1960 „„
1243 1919 1323 1994 Quin
1347 1915 1409 1976 OD.
1434 1916 1566 1990 Apulus,
1591 1923 1621 1988 1,
1645 1922 1684 1976 11
1709 1923 1742 1974 n⁰
1768 1918 1806 1975 15
1835 1932 1892 1972 ons

347 2023 384 2081 B.
401 2057 445 2064 -
459 2023 626 2081 Lucontblct
643 2023 848 2081 Nioderrlreiu.
871 2022 934 2082 UB.
952 2027 982 2092 1,
1001 2025 1042 2082 66
1057 2027 1091 2079 n⁰
1107 2025 1170 2080 113
1185 2039 1242 2078 uus
1259 2022 1295 2080 B.
1312 2054 1354 2062 -
1374 2020 1503 2078 1161111111
1517 2022 1590 2094 neq.
1607 2025 1679 2080 390.
1704 2053 1746 2062 -
1769 2017 1898 2090 Struups

346 2127 516 2199 1166513.

195 2277 227 2322 ts
351 2262 484 2335 Verfasst
507 2263 571 2322 oud
589 2265 775 2338 9666166666
797 2281 860 2323 oon,
876 2264 951 2324 WB.
1041 2288 1045 2296 ¹

453 2467 492 2531 In
514 2469 644 2532 nomine
669 2477 781 2532 sancte
804 2477 837 2533 et
858 2465 1025 2532 individue
1048 2450 1221 2533 trinitatis..
1258 2468 1335 2533 Otto
1360 2467 1460 2533 divini
1483 2478 1581 2533 nutus
1604 2467 1810 2555 providentia
1838 2468 1895 2531 im·

248 2579 378 2656 perator
394 2578 562 2654 augustus.
650 2569 733 2634 Cum
748 2579 859 2635 nostre
875 2572 987 2654 exigat
1006 2570 1215 2637 sublimitatis
1239 2571 1383 2636 officium
1407 2575 1581 2657 omnigena
1603 2596 1663 2637 nos
1687 2571 1896 2638 consiliorum

248 2674 392 2739 sollertia
409 2673 450 2738 ob
466 2697 640 2758 regnorum
660 2683 764 2739 status
784 2697 918 2738 securos
936 2675 1144 2758 gentiumque
1167 2674 1256 2757 leges
1279 2675 1472 2740 moderatim
1497 2677 1710 2742 stabiliendas
1733 2674 1896 2761 pervigili-

248 2799 309 2862 que
333 2779 522 2862 sagacitatis
547 2777 699 2842 consultu
722 2780 866 2843 maxime
888 2777 1131 2842 ecclesiasticas
1156 2776 1266 2841 divino
1290 2778 1380 2843 cultu
1401 2801 1460 2864 pcr
1482 2780 1593 2845 orbern
1610 2779 1777 2845 dilatando
1795 2789 1896 2843 struc-

189 2887 231 2934 ·20
248 2889 338 2945 turas
362 2882 414 2966 pie
437 2880 675 2968 salubriterque
697 2881 918 2966 providendas
943 2881 1108 2966 evigilare,
1131 2880 1275 2946 fidelium
1297 2893 1484 2948 nostrorum
1502 2895 1569 2949 tam
1585 2886 1784 2969 presentium
1801 2905 1899 2969 quam

248 2985 429 3049 futurorum
444 2984 591 3069 patefieri
607 2985 758 3050 volumus
777 2986 956 3050 industriae
967 2992 989 3068 ⁸,
1035 2985 1152 3050 ualitcr
1174 2987 1327 3050 memorie
1349 2986 1538 3052 beatissime
1554 2987 1697 3053 Karolus
1721 2990 1900 3072 imperator

249 3097 408 3172 augustus
438 3097 546 3153 eterne
574 3088 889 3174 recompensationis
919 3087 1088 3172 proposito
1117 3086 1228 3151 locum
1256 3089 1420 3172 quendam
1443 3089 1658 3176 Aquisgrani,
1690 3090 1749 3156 sed
1770 3089 1898 3172 vulgari

249 3191 410 3256 vocabulo
435 3190 531 3256 Abba
554 3202 786 3276 nuncupatum,
815 3192 908 3275 quasi
932 3189 974 3254 ab
998 3189 1133 3255 exordio
1158 3192 1281 3274 erigere
1304 3191 1435 3280 lataque
1459 3194 1615 3260 facultate
1638 3194 1720 3259 adeo
1745 3216 1897 3279 agressus

250 3305 298 3360 est
322 3294 512 3374 sublimare,
546 3304 583 3359 ut
605 3293 766 3381 capellam
789 3292 910 3357 ibidem
931 3294 1005 3356 miri
1028 3292 1146 3358 decore
1170 3295 1298 3358 artificii
1322 3297 1501 3362 inhonore
1525 3298 1762 3363 sanoteMarie
1785 3297 1899 3361 matris

200 3412 232 3458 ns
251 3398 373 3464 domini
396 3400 499 3463 nostri
522 3398 597 3464 Iesu
621 3397 742 3462 Christi
765 3398 910 3462 construi
932 3397 1065 3460 fecisset
1087 3397 1299 3486 plurimisque
1321 3399 1469 3466 locorum
1492 3401 1649 3484 regalium
1672 3401 1793 3486 prediis
1817 3402 1900 3464 eius·

251 3501 325 3566 dem
346 3501 487 3566 honores
510 3523 570 3566 nec
592 3524 660 3565 non
685 3501 879 3565 clericorum
902 3501 986 3565 banc
1011 3501 1254 3567 observantium
1270 3504 1422 3570 catherve
1438 3529 1516 3570 usus
1532 3505 1723 3571 commodos
1740 3507 1899 3592 perpetim

251 3605 544 3670 subministraturis
574 3604 744 3668 honestate
774 3604 892 3669 ditaret
923 3603 1118 3688 sedibusque
1147 3607 1363 3691 imperatoriis
1394 3608 1502 3673 locum
1526 3608 1666 3672 eundem
1688 3608 1822 3692 dignum
1845 3629 1899 3671 ex-

249 3709 386 3792 tulisset,
416 3707 461 3773 ibi
484 3711 554 3793 ipse
578 3707 733 3794 quoqueb
756 3711 789 3773 in
811 3709 936 3773 tumulo
959 3719 1077 3793 pausat
1100 3745 1142 3752 —-
1165 3711 1263 3795 quam
1285 3712 1383 3775 etiam
1405 3734 1466 3775 nos
1490 3734 1556 3776 non
1579 3714 1685 3777 minus
1710 3711 1762 3776 dei
1785 3713 1900 3776 timore

251 3823 422 3898 perspecto
437 3821 458 3894 ⁰,
492 3836 532 3878 nc
556 3822 782 3899 paupertatem
803 3812 908 3877 isdem
933 3812 1030 3877 rebus
1054 3812 1286 3879 ecclesiasticis
1311 3839 1374 3902 quo
1398 3816 1465 3880 labi
1489 3818 1669 3902 inciperent
1691 3815 1901 3881 accedentem

201 3933 234 3981 30
252 3927 437 3982 nostrorum
462 3919 651 3982 serenitates
675 3925 857 4003 temporum
880 3939 1085 3982 cerneremus
1107 3940 1213 4003 neque
1236 3921 1389 4003 egestatis
1416 3919 1553 3985 utilitate
1577 3943 1597 3983 a
1619 3922 1751 4005 proprie
1781 3919 1903 3985 consti·

251 4023 390 4086 tucionis
414 4023 538 4105 origine
561 4031 746 4107 permutata
769 4022 803 4085 in
824 4020 1033 4086 beneficiales
1057 4023 1228 4086 servitutes
1244 4045 1264 4085 a
1280 4045 1444 4108 quoquam
1467 4045 1693 4088 successorum
1716 4033 1902 4088 nostrorum

254 4127 368 4191 donari
397 4125 535 4208 valeret,
569 4124 764 4210 locupletari
793 4134 905 4189 nostro
936 4147 1064 4212 quoque
1093 4126 1259 4190 fulcimine
1289 4131 1456 4212 cupientes
1485 4125 1676 4191 abbatiamd
1708 4128 1904 4192 Kiuermunt

253 4230 478 4295 universaliter
492 4239 645 4295 vocatam
667 4240 780 4294 nostra
804 4228 964 4314 imperiali
987 4230 1141 4314 potencia
1163 4229 1207 4294 ad
1230 4229 1375 4295 eiusdem
1399 4230 1536 4294 66616616
1559 4231 1759 4317 fratrumque
1781 4229 1903 4295 ibidem

255 4333 316 4398 deo
339 4333 589 4398 161111116111111111Ε
619 4355 698 4398 usus
721 4331 947 4398 accumulatos
970 4353 1043 4395 cum
1068 4332 1217 4397 omnibus
1241 4335 1493 4419 appertinenciis
1516 4333 1677 4420 legalibus
1700 4336 1824 4419 riteque
1848 4333 1904 4397 ad·

203 4457 235 4504 36
253 4435 441 4502 herentibus
469 4436 656 4502 condonare
687 4439 900 4522 inperpetuo
923 4457 1111 4501 mansuram
1141 4441 1375 4524 proprietatem
1404 4438 1606 4502 decrevimus
1619 4435 1645 4520 ¹,
1682 4436 1807 4501 scilicet
1830 4457 1904 4499 cum

254 4542 422 4626 utriusque
451 4563 550 4606 sexus
580 4542 750 4626 mancipiis
780 4539 917 4604 edificiis
946 4543 1040 4604 terris
1070 4539 1165 4603 cultis
1188 4549 1220 4603 et
1250 4539 1381 4604 incultis
1405 4541 1508 4625 pratis
1532 4541 1664 4624 pascuis
1687 4538 1777 4602 silvis
1799 4540 1904 4602 vineis

255 4645 349 4729 aquis
372 4667 572 4729 aquarumve
596 4643 788 4709 decursibus
811 4642 1006 4708 molendinis
1029 4642 1205 4708 mobilibus
1229 4653 1261 4706 et
1284 4640 1496 4707 inmobilibus
1512 4643 1574 4704 viis
1591 4652 1623 4706 et
1641 4643 1739 4704 inviis
1762 4639 1905 4706 exitibus

255 4758 288 4811 et
309 4747 467 4814 reditibus
491 4749 627 4834 quesitis
650 4757 683 4812 et
705 4747 912 4834 acquirendis
936 4769 975 4810 ac
999 4770 1073 4811 cum
1102 4745 1253 4811 omnibus
1283 4748 1368 4810 iuste
1396 4744 1608 4831 legaliterque
1636 4742 1691 4808 illo
1722 4745 1906 4830 pertinenti-

255 4849 327 4914 bus.
372 4851 510 4937 Insuper
532 4853 631 4916 etiam
654 4853 733 4916 iuris
755 4851 858 4914 nostri
884 4849 1011 4934 legibus
1034 4861 1103 4915 tam
1126 4849 1221 4914 nobis
1246 4871 1343 4934 quam
1368 4850 1493 4912 cunctis
1524 4869 1751 4911 successorum
1779 4858 1907 4911 nostro·

206 4973 240 5021 to
257 4975 338 5034 rum,
361 4975 473 5038 regum
496 4953 575 5018 velt
596 4955 838 5039 imperatorum,
862 4952 1108 5037 posteritatibus
1132 4950 1349 5018 auctoritateh
1373 4951 1577 5016 decernimus
1602 4951 1832 5036 decretumque
1855 4950 1907 5013 fir-

259 5079 396 5140 mamus,
420 5066 456 5121 ut
478 5057 633 5142 deinceps
657 5057 697 5121 de
719 5078 833 5140 regum
856 5055 908 5120 vel
931 5058 1165 5141 imperatorum
1187 5054 1315 5141 capella
1338 5053 1442 5119 abbas
1465 5054 1571 5118 eidem
1593 5053 1667 5118 loco
1691 5053 1907 5139 preficiendus

257 5159 396 5244 eligatur
419 5160 570 5246 idemque
593 5162 789 5246 quicumque
811 5161 872 5224 erit
894 5156 1021 5224 nullasi
1044 5158 1181 5223 ecclesie
1204 5182 1255 5222 res
1279 5157 1340 5222 sibi
1359 5157 1579 5244 providendas
1597 5159 1778 5222 forinsecus
1797 5156 1906 5244 aliquo

257 5285 318 5327 usu
335 5262 496 5328 deducere
512 5273 686 5348 presumat,
710 5263 769 5328 sed
788 5261 900 5330 intrak
923 5265 1139 5329 communiter
1154 5263 1198 5328 ad
1214 5263 1351 5327 fratrum
1366 5271 1611 5349 ceterorumque
1631 5261 1752 5326 ibidem
1768 5263 1909 5326 servien-

257 5367 338 5430 tium
368 5365 543 5433 commoda
573 5369 761 5432 necessaria
791 5373 938 5432 retentet.
983 5367 1199 5452 Propouimns
1223 5375 1332 5431 autem
1354 5365 1398 5430 ad
1420 5365 1481 5430 bec
1505 5376 1541 5431 ut
1562 5365 1670 5431 nullus
1693 5387 1752 5450 per
1779 5375 1909 5430 eternas

207 5557 241 5606 46
344 5554 404 5608 417.
432 5554 540 5624 [sichel]
629 5558 656 5622 a)
673 5557 805 5608 industria
822 5558 872 5609 AB
958 5559 986 5624 b)
1000 5557 1070 5622 fehlt
1088 5558 1155 5608 tae
1241 5563 1265 5618 6)
1285 5563 1425 5624 prospecto
1439 5555 1465 5606 B
1552 5557 1579 5624 d)
1596 5557 1743 5608 abbatiaB
1830 5560 1855 5621 6)
1874 5557 1909 5618 Β,

431 5625 647 5676 16111111661611111
741 5629 937 5691 Odonavimus
956 5627 1007 5679 AB
1100 5629 1129 5694 g)
1146 5627 1246 5693 regulis
1263 5627 1314 5677 AB
1406 5628 1432 5688 11)
1453 5643 1521 5676 com
1539 5643 1587 5676 our
1604 5631 1775 5678 auctoritates
1793 5625 1824 5689 A,
1848 5643 1909 5678 auc·

431 5697 551 5746 toritates
569 5693 596 5744 Β
682 5697 702 5760 1)
721 5711 788 5746 corr.
806 5712 853 5747 11111
870 5697 945 5748 nulla
962 5696 994 5760 Δ,
1012 5697 1087 5748 nulla
1105 5698 1132 5748 B
1218 5695 1247 5762 k)
1265 5697 1335 5748 intra
1352 5695 1411 5748 ΑΒ.

311 5805 502 5850 mammam
517 5803 536 5847 1.
1648 5805 1688 5864 ῃ
