4530 6434
847 432 849 436 ¹
880 437 1051 498 O'I'TO‘I.
1076 436 1148 497 968.

1775 429 1838 495 2193

293 643 358 684 oon
381 626 433 684 der
447 626 619 686 Petitdroclr
634 629 667 686 to
687 621 849 687 110359ὓ
872 627 927 684 dos
947 627 1127 685 Verlro'tltniss
1149 645 1189 685 eu
1211 627 1424 698 terrassiam
1446 624 1475 683 A
1497 624 1783 695 oerortsobouliobeo,
1807 643 1838 684 so

294 731 348 788 soll
370 748 402 787 cr
425 734 456 788 io
478 730 544 790 110.
561 735 639 792 359⁰
662 733 853 790 leeroorbeben
877 749 936 790 roos
959 731 1014 801 1111
1031 731 1132 790 descen
1149 731 1249 790 Dictat
1273 730 1328 787 deu
1351 729 1452 840 beidep
1474 727 1690 787 Vororlconden
1712 729 1838 787 eotlebnt

298 834 413 891 worden
435 835 482 892 ist.

545 1025 633 1083 359².

159 1175 175 1220 5
391 1157 571 1222 innomine
585 1167 697 1222 sancte
710 1166 742 1221 ct
753 1157 920 1223 individue
938 1161 991 1222 tri-

193 1263 314 1325 nitatis.
351 1259 428 1325 Otto
454 1259 564 1324 divina
587 1261 717 1324 fovente
741 1260 912 1325 clementia
934 1263 991 1324 im·

195 1375 507 1450 p01·at0raugusius.
581 1380 704 1430 Omnium
720 1385 809 1430 sancte
823 1380 864 1430 dei
880 1379 991 1430 ecclesie

194 1497 225 1533 nc
255 1491 405 1534 nostrorum
433 1486 594 1548 present-ium
625 1468 749 1534 Scilicet
777 1499 808 1534 ac
841 1484 991 1534 futurorum

195 1589 297 1637 noverit
320 1587 493 1650 universitas,
522 1589 637 1653 qualiter
665 1589 771 1653 quidem
794 1572 991 1637 venerabilis

146 1691 176 1736 10
195 1691 279 1740 abbas
302 1691 406 1740 cenobii
423 1691 520 1740 Christi
543 1693 666 1755 martyris
681 1682 816 1741 Uinceritii
833 1693 875 1742 siti
892 1693 919 1740 in
936 1689 991 1740 fini-

196 1795 245 1843 bus
265 1795 461 1844 Beneuentanis
484 1797 589 1844 nomine
612 1795 713 1845 Paulus
736 1801 852 1845 nostrum
876 1787 992 1844 adiensa

195 1897 378 1948 celsitudinem
413 1897 507 1948 detulit
541 1899 618 1950 nohis
652 1907 777 1964 precepta
811 1915 993 1964 processurum

195 2007 345 2050 nostrorum
379 2003 566 2066 imperatorum
601 2009 627 2052 et
657 2019 747 2069 regum
778 2003 827 2052 hac
855 2009 993 2068 parentum

196 2109 353 2166 nostrorum,
377 2107 500 2156 videlicet
518 2107 658 2170 Desiderii,
683 2107 779 2170 Caroli,
803 2108 932 2158 Lodouici
955 2113 993 2156 et-

147 2209 178 2255 15
197 2223 248 2272 que
271 2209 399 2272 Letharii,
423 2225 469 2274 per
491 2193 568 2274 qneb
591 2211 758 2260 contulerant
781 2227 812 2261 ex
836 2213 892 2260 suis
914 2211 994 2260 rebus

197 2311 224 2359 in
247 2312 377 2377 prelatum
401 2315 589 2364 monasterium
613 2315 662 2364 hac
685 2307 927 2364 confirmaverant⁰
953 2330 994 2364 res

198 2419 224 2464 et
246 2417 426 2480 possessiones
449 2418 487 2466 ibi
510 2433 526 2466 a
547 2417 712 2482 principibus
735 2419 848 2468 ducibus
874 2419 994 2485 reliquis-

198 2533 249 2584 que
272 2517 395 2570 fidelibus
418 2519 536 2583 collatas,
560 2521 630 2572 unde
646 2521 764 2586 prefatus
778 2523 862 2572 abbas
878 2528 994 2573 nostram

199 2625 319 2671 exoravit
342 2621 507 2674 clementiam
532 2633 561 2673 ut
583 2625 673 2675 eadem
697 2631 822 2690 precepta
849 2627 899 2676 hac
923 2627 994 2692 lega-

147 2725 237 2778 201es
261 2727 417 2791 scriptiones
440 2743 560 2778 necnon
581 2729 673 2792 predia
695 2745 741 2794 per
764 2711 906 2779 diuersasd
929 2730 995 2780 fines

199 2831 274 2894 regni
290 2829 376 2880 ltelici
393 2831 558 2881 coniacentia
574 2827 682 2882 01110111ε
706 2834 817 2883 cenobio
837 2833 934 2885 collata
949 2849 995 2899 per

199 2937 288 2983 nostre
311 2933 517 2984 continuationis
540 2943 693 3000 preceptum
716 2939 743 2986 in
766 2939 896 3002 prefatum
918 2957 995 2991 vene-

200 3037 310 3088 rabilem
338 3037 426 3088 locum
455 3040 677 3091 confirmaremus.
716 3042 799 3092 Cuius
822 3041 996 3108 petitionibus

199 3141 318 3192 faventes
347 3157 395 3207 pro
425 3143 466 3192 dei
493 3145 582 3194 amore
615 3145 814 3210 animarumque
846 3153 996 3197 nostrarum

147 3247 315 3300 reremedio
338 3262 385 3311 per
407 3247 458 3297 hoc
480 3253 569 3298 nostre
599 3248 806 3300 confirmationis
834 3256 996 3316 preceptum,

198 3355 278 3414 prout
300 3351 369 3400 iuste
392 3355 418 3399 et
440 3350 562 3416 legaliter
585 3367 733 3416 possumus,
757 3351 942 3404 confirmemus
965 3369 996 3404 nc

198 3453 304 3518 penitus
333 3454 533 3504 corroboramus
563 3457 590 3504 in
618 3456 737 3520 predicto
761 3457 872 3507 cenobio
898 3457 996 3508 Christi

199 3558 321 3620 martyris
336 3556 470 3608 Uincentii
490 3559 577 3608 omnia
599 3565 724 3624 precepta
746 3575 927 3625 precessorum
950 3579 996 3613 no-

199 3667 312 3711 strorum
327 3663 514 3727 imperatorum
531 3670 557 3714 et
572 3679 662 3730 regum
679 3681 725 3715 sen
741 3672 879 3730 parentum
895 3671 996 3717 nostro-

147 3768 181 3816 30
200 3780 273 3826 rum,
300 3764 425 3816 videlicet
455 3765 600 3828 Desiderii,
629 3766 730 3829 Caroli,
761 3767 891 3819 Lodouici
916 3775 996 3836 atque

199 3867 334 3930 Lothnrii,
361 3883 453 3918 verum
482 3870 561 3918 etiem
590 3885 680 3920 omnes
702 3885 744 3920 ree
768 3875 793 3921 et
815 3875 996 3936 possessiones

198 3986 245 4035 per
268 3971 386 4022 diversos
408 3971 474 4023 fines
496 3975 571 4040 regni
592 3974 680 4024 Italici
702 3977 802 4040 positas
828 3993 876 4041 per
904 3977 996 4028 eudem

199 4081 324 4139 precepta
351 4075 394 4125 vel
423 4077 542 4141 quolibet
570 4077 664 4144 legalis
692 4079 771 4130 titulo
801 4081 954 4145 scriptionis
980 4097 997 4130 e

199 4180 365 4244 principibus
385 4179 498 4230 ducibus
513 4182 675 4247 reliquisque
690 4181 814 4234 fidelibus
829 4185 927 4235 ibidem
944 4186 996 4235 col-

148 4283 181 4330 35
200 4282 268 4332 letas
291 4298 340 4332 nee
363 4299 416 4332 non
439 4283 599 4334 monasteria
622 4290 648 4336 et
670 4285 751 4336 celles
780 4287 891 4338 inferius
914 4289 996 4338 nomi-

200 4389 291 4435 natas:
314 4387 502 4436 monasterium
525 4387 654 4453 siquidem
677 4391 705 4438 in
722 4389 822 4440 honore
836 4392 908 4442 beati
925 4391 996 4441 Petri

201 4488 314 4553 apostoli
344 4495 524 4541 constructum
549 4493 664 4556 positum
686 4491 745 4542 loco
759 4475 841 4544 *Trite
865 4497 997 4545 territorio

200 4592 332 4643 Belbense
356 4599 381 4644 et
404 4594 431 4643 in
453 4593 544 4644 Penne
567 4593 661 4644 cellam
684 4609 764 4645 unam
786 4612 838 4662 que
861 4612 997 4662 nuncupe-

200 4701 243 4746 tur
272 4703 364 4747 saneta
385 4699 472 4748 Meris
494 4699 522 4747 in
545 4695 671 4761 Museno,
703 4699 730 4748 in
759 4699 871 4750 Abrntio
904 4700 997 4750 cellam

149 4806 280 4854 rounam
303 4807 365 4872 que
387 4795 595 4870 nuncupatur
619 4796 733 4851 sancte
756 4785 861 4850 Meris
887 4803 915 4851 in
938 4803 996 4854 loco

201 4903 247 4966 qui
265 4908 375 4952 vocetur
389 4903 478 4968 Arole,
500 4905 563 4955 item
578 4909 671 4954 sancta
686 4901 771 4954 Maria
788 4907 816 4954 in
832 4906 907 4956 Duas
923 4907 997 4956 Basi-

202 5004 267 5053 licas
301 5011 375 5054 eum
406 4992 555 5057 omnibus
584 4991 732 5057 ecclesiis
761 5003 793 5058 et
820 4993 910 5058 cellis
935 4995 995 5060 sibi

203 5092 356 5158 subiectis
385 5105 417 5159 et
445 5117 518 5160 cnm
543 5097 693 5162 omnibus
721 5099 922 5182 pertinentiis
945 5097 997 5162 vel

202 5195 394 5260 adiacentiis
425 5217 552 5280 eorum,
582 5197 735 5263 videlicet
763 5202 996 5266 monasterium

151 5314 183 5360 to
203 5305 314 5361 sancte
333 5297 436 5362 Meris
459 5296 546 5383 quod
569 5309 792 5366 constructum
815 5313 864 5368 est
887 5305 920 5368 in
939 5305 997 5368 Pe·

230 5503 304 5559 3500.
323 5503 431 5574 [Sielrel]
485 5504 510 5571 s)
519 5507 553 5557 ob
564 5512 678 5558 1101111011
688 5509 831 5561 audiensA
883 5513 996 5578 b)qnem

321 5573 344 5624 A
413 5577 437 5638 c)
455 5574 694 5627 confirmaverstrt
764 5579 836 5642 d)cs.
862 5579 922 5632 Do.
940 5585 997 5632 360

323 5643 418 5699 11496
436 5643 513 5694 Ζ.24
577 5642 602 5712 e)
620 5645 690 5695 idem
708 5646 738 5700 Δ.

1396 1016 1483 1082 359⁶.

1241 1158 1280 1222 In
1292 1159 1421 1254 nomine
1434 1165 1546 1220 sancte
1559 1165 1591 1221 et
1602 1157 1768 1223 individue
1785 1159 1838 1221 tri·

1044 1262 1164 1325 nitetis.
1201 1261 1278 1326 Otto
1301 1260 1412 1324 divine
1434 1261 1564 1324 fovente
1587 1259 1759 1326 clementia
1781 1269 1839 1326 im·
1872 1317 1873 1322 ,

1044 1373 1176 1450 perator
1188 1373 1355 1449 augustus.
1433 1379 1557 1428 Omnium
1569 1385 1659 1429 sancte
1672 1380 1712 1428 dei
1729 1379 1840 1430 ecclesie

1044 1499 1075 1534 ac
1098 1489 1247 1534 nostrorum
1269 1485 1431 1548 presentium
1454 1483 1556 1532 scilicet
1578 1497 1608 1532 ac
1627 1483 1776 1532 futurorum
1794 1499 1840 1533 uo-

1044 1589 1113 1637 verit
1134 1589 1301 1646 universitas,
1324 1586 1438 1652 qualiter
1458 1586 1566 1651 quidam
1582 1585 1741 1637 venerabilis
1757 1587 1840 1636 abbas

1045 1691 1148 1742 cenobii
1173 1691 1270 1740 Christi
1294 1691 1416 1754 martyris
1437 1689 1574 1740 Uincentii
1598 1685 1666 1738 siti⁵
1688 1692 1717 1739 in
1742 1689 1840 1741 tinibus

1045 1793 1241 1846 Beneuentanis
1264 1795 1370 1844 nomine
1388 1793 1488 1844 Paulus
1512 1799 1627 1844 nostram
1650 1778 1767 1844 adiensl’
1790 1795 1841 1845 cel-

1046 1899 1186 1950 situdinem
1203 1897 1298 1948 detulit
1312 1899 1389 1948 nobis
1405 1903 1530 1962 precepta
1545 1913 1725 1962 precessornm
1740 1904 1842 1948 nostro-

1046 2021 1103 2054 rum
1132 2005 1320 2067 imperatorum
1349 2019 1378 2063 e,
1411 2001 1535 2051 videlicet
1563 2001 1709 2064 Desiderii,
1744 2001 1841 2064 Caroli,

1046 2108 1176 2158 Lodouici
1200 2113 1279 2171 etque
1302 2107 1430 2167 Letharii,
1453 2121 1500 2169 per
1522 2121 1573 2170 que
1596 2100 1786 2156 contulerantc
1809 2121 1841 2156 ex

1047 2214 1101 2264 suis
1130 2211 1209 2262 rebus
1235 2211 1262 2260 in
1286 2209 1418 2275 prefatum
1441 2210 1629 2258 monesterium
1652 2225 1683 2259 ac
1706 2209 1841 2259 confirme-

1046 2297 1163 2366 ueruntd
1186 2331 1227 2365 res
1250 2321 1276 2364 et
1298 2314 1478 2378 possessiones
1500 2313 1536 2362 ibi
1556 2313 1751 2378 aprinoipibus
1770 2313 1842 2363 duci-

1046 2424 1097 2472 bus
1128 2421 1289 2486 reliquisque
1318 2419 1441 2470 lidelibus
1469 2417 1593 2481 collate-s,
1627 2417 1697 2468 unde
1725 2417 1843 2482 prefatus

1047 2527 1131 2575 abbas
1154 2529 1269 2575 nostram
1293 2525 1413 2574 exoravit
1435 2523 1601 2574 clementiam
1624 2527 1654 2572 ut
1676 2522 1842 2586 0011010010-

1047 2634 1125 2694 cepta
1147 2643 1178 2678 ac
1200 2628 1300 2693 legales
1327 2628 1483 2692 scriptiones
1507 2643 1555 2677 nec
1578 2622 1654 2676 110118
1682 2625 1774 2690 predia
1797 2641 1843 2690 per

1048 2734 1165 2783 diversos
1183 2729 1248 2781 fines
1264 2731 1339 2796 regni
1353 2730 1440 2780 italici
1457 2731 1623 2780 contacentia
1638 2711 1745 2780 eidemf
1766 2745 1843 2779 ceno-

1047 2837 1091 2886 bio
1115 2835 1213 2886 collata
1236 2850 1282 2900 per
1305 2839 1393 2884 nostre
1416 2833 1622 2883 confirmationis
1644 2837 1798 2897 preceptum
1815 2833 1843 2882 in

1047 2939 1179 3005 prefatum
1195 2937 1373 2988 venerabilem
1395 2936 1483 2987 locum
1507 2936 1729 2987 confirmaremus.
1760 2935 1843 2986 Cuius

1048 3043 1221 3109 petitionibus
1248 3042 1368 3092 faventes
1394 3057 1442 3106 pro
1466 3039 1508 3090 dei
1531 3047 1619 3090 nmo're
1643 3042 1842 3105 animarumque

1048 3154 1196 3198 nostrarum
1226 3145 1340 3197 remedio
1372 3159 1419 3209 per
1447 3144 1498 3194 hoc
1526 3147 1615 3193 nostre
1638 3141 1844 3193 confirmationis

1048 3257 1209 3318 preceptum,
1233 3255 1311 3315 prout
1333 3251 1401 3298 iuste
1425 3255 1452 3300 et
1472 3247 1594 3314 legaliter
1611 3261 1760 3312 possumus,
1784 3262 1844 3296 con-

1047 3355 1182 3406 firmemus
1198 3371 1229 3405 ao
1244 3355 1350 3419 penitus
1367 3353 1568 3402 corroboremus
1583 3353 1611 3401 in
1628 3351 1746 3417 predicto
1768 3365 1844 3400 ceno-

1048 3461 1092 3510 bio
1111 3459 1209 3509 Christi
1232 3457 1355 3521 martyris
1371 3455 1505 3506 Uincentii
1530 3455 1619 3506 omnin
1640 3461 1765 3521 precepta
1786 3469 1844 3519 pre·

1048 3579 1182 3614 sessorum
1216 3567 1365 3612 nostrorum
1397 3561 1585 3625 imperatorum
1616 3565 1642 3610 et
1672 3575 1763 3624 regum
1798 3575 1845 3608 seu

1048 3673 1186 3732 parentum
1215 3671 1378 3726 nostrorum,
1414 3664 1538 3714 videlicet
1566 3661 1713 3726 Desiderii,
1748 3661 1844 3724 Caroli,

1048 3769 1178 3821 Lodouici
1202 3775 1280 3835 atque
1304 3769 1438 3830 Lothurii,
1468 3785 1559 3819 verum
1588 3770 1667 3819 etiam
1690 3783 1780 3818 omnes
1803 3783 1845 3817 res

1049 3881 1075 3924 et
1096 3875 1276 3939 possessiones
1299 3888 1346 3937 per
1369 3871 1488 3922 diversos
1510 3871 1575 3922 fines
1598 3872 1672 3936 regni
1688 3871 1777 3920 Italici
1799 3886 1844 3935 po-

1048 3980 1113 4029 sitas
1129 3993 1175 4042 per
1192 3977 1283 4027 eedem
1302 3982 1428 4042 precepta
1444 3976 1487 4026 vel
1510 3975 1630 4042 quolibet
1651 3975 1744 4040 legalis
1767 3974 1845 4024 titulo

1048 4082 1200 4146 scriptionis
1223 4095 1239 4129 a
1261 4081 1426 4145 principibus
1450 4079 1562 4129 ducibus
1583 4078 1745 4144 reliquisque
1763 4077 1845 4128 fideli-

1048 4186 1099 4235 bus
1127 4183 1224 4234 ibidem
1252 4183 1362 4234 collatas
1385 4201 1434 4234 nec
1456 4199 1510 4234 non
1533 4184 1692 4234 monasteria
1716 4187 1743 4232 et
1765 4181 1846 4232 celles

1048 4287 1159 4338 inferius
1188 4289 1350 4338 nominatas:
1379 4287 1567 4336 monasterium
1595 4286 1723 4351 siquidem
1750 4287 1778 4334 111
1800 4285 1845 4334 ho-

1049 4408 1112 4442 nore
1134 4409 1150 4440 11
1173 4397 1263 4442 sancte
1292 4375 1343 4439 dei
1372 4375 1537 4458 genitricis
1567 4389 1651 4438 Maris
1680 4375 1788 4457 posita
1818 4389 1845 4436 in

1048 4496 1138 4545 Penne
1161 4478 1234 4543 1000
1254 4493 1368 4543 Musam
1385 4487 1416 4542 et
1431 4476 1548 4542 cellam
1565 4485 1712 4540 sanctem
1728 4473 1845 4539 Ansui-

1049 4605 1142 4665 num,
1169 4581 1322 4646 videlicet
1344 4582 1576 4645 monesterium
1601 4579 1704 4643 sancti
1728 4576 1845 4660 Angeli

1048 4687 1081 4750 in
1106 4684 1237 4764 Canale,
1266 4699 1293 4748 in
1316 4697 1428 4748 Abrntio
1452 4698 1545 4748 cellam
1568 4713 1648 4746 unam
1671 4711 1722 4761 que
1744 4711 1845 4744 nuncu-

1049 4811 1128 4868 petur
1143 4809 1235 4854 sancte
1249 4803 1336 4852 Maria
1351 4805 1378 4852 in
1394 4802 1452 4852 loco
1468 4802 1513 4867 qui
1529 4807 1640 4850 vocatur
1655 4799 1734 4850 Arole
1752 4815 1768 4847 11
1787 4815 1845 4848 cum

1049 4906 1172 4957 omnibus
1201 4905 1319 4955 ecclesiis
1349 4913 1375 4954 et
1403 4903 1476 4954 cellis
1504 4904 1556 4953 sihi
1584 4904 1710 4953 subiectis
1737 4907 1763 4952 et
1786 4918 1845 4952 cum

1049 5009 1172 5059 omnibus
1191 5009 1357 5073 pertinentiis
1383 5006 1426 5056 vel
1454 5006 1609 5056 adiacentiis
1632 5021 1722 5057 eorum
1746 5024 1769 5069 11,
1793 5021 1846 5055 rma

1049 5128 1109 5162 cum
1132 5113 1224 5160 castris
1248 5110 1375 5176 cappellis
1399 5109 1483 5159 titulis
1502 5111 1570 5159 casis
1586 5111 1662 5160 terris
1677 5111 1762 5160 vineis
1778 5125 1845 5159 cern-

1048 5217 1089 5281 pis
1112 5216 1195 5280 pratis
1217 5217 1324 5280 pascuis
1347 5215 1420 5264 silvis
1446 5215 1567 5279 piscariis
1590 5215 1748 5265 molendinis
1770 5215 1846 5279 aquis

1049 5313 1254 5385 equarumque⁸
1278 5318 1433 5369 decursibus
1456 5320 1539 5368 servis
1562 5323 1590 5369 et
1611 5319 1715 5369 ancillis
1737 5317 1770 5368 ad
1788 5333 1845 5383 pre-

1079 5507 1151 5562 3511.
1172 5507 1279 5576 [Sichel]
1355 5510 1381 5573 e)
1398 5511 1448 5559 1110
1467 5506 1498 5558 Α’
1568 5509 1596 5574 1))
1613 5510 1647 5560 ob
1667 5515 1782 5560 nostram
1800 5525 1846 5559 au·

1169 5579 1244 5628 diens
1267 5576 1298 5628 A‘
1381 5579 1405 5642 0)
1423 5577 1571 5629 contulerat
1592 5576 1624 5628 A‘
1707 5579 1733 5646 d)
1754 5577 1846 5630 confir-

1168 5653 1288 5698 maverat
1299 5644 1330 5697 A*
1400 5647 1426 5708 e)
1445 5663 1498 5698 non
1509 5646 1579 5709 sebit
1594 5648 1623 5697 in
1634 5645 1665 5696 A‘
1735 5648 1757 5710 s)
1776 5648 1846 5700 idern

1167 5714 1199 5766 A'
1277 5713 1305 5783 g)
1322 5717 1397 5783 equis
1419 5731 1546 5788 equorum
1567 5713 1606 5770 A'.
