4560 6436
848 437 973 496 OT'I'O
996 441 1019 495 1.
1041 435 1234 495 936-973.
1795 433 1859 498 633

216 619 351 704 gloriosi
374 620 528 702 martyris
552 620 657 684 sancti
678 619 823 683 Mauritii
845 621 976 704 patroni
999 621 1112 701 nostri,
1135 628 1172 684 ut
1193 627 1350 704 perpetuo
1374 619 1463 684 cultu
1485 619 1531 683 ibi
1552 629 1755 704 venerentur,
1783 644 1860 687 eun·

217 722 291 786 dem
319 723 552 786 monesterium
581 721 624 786 ob
654 721 733 786 dieti
762 723 870 786 sancti
897 723 1113 788 reverentiam
1141 724 1240 788 etiam
1268 722 1523 788 munificentiam
1554 733 1702 788 nostram
1727 726 1860 810 esperiri

216 826 364 892 volentes
388 847 446 911 per
467 824 551 890 banc
575 827 732 914 paginam
755 824 986 890 declaramus⁶
1009 827 1118 896 omnia
1140 824 1228 890 bona
1250 834 1318 894 tam
1341 826 1566 892 ecclesiastica
1581 848 1679 912 quam
1703 828 1862 892 secularia

216 927 421 994 adeundam
449 949 654 1014 quocumque
684 927 782 993 modo
815 929 1019 1012 spectancia,
1048 926 1245 1014 ubicumque
1274 929 1337 992 sita
1367 929 1448 1010 sint,
1480 929 1578 993 etiam
1607 951 1680 994 eum
1711 930 1861 995 omnibus

183 1045 329 1094 osorum
350 1030 474 1095 iuribus
498 1033 532 1096 in
554 1031 716 1120 integrum
740 1028 800 1093 sub
825 1027 973 1092 tutellam
995 1029 1174 1114 imperialis
1197 1029 1416 1095 mundiburdii
1440 1032 1612 1116 recipimus
1639 1041 1673 1097 et
1694 1035 1860 1120 perpetuis

215 1135 416 1220 temporibus
444 1133 689 1200 essevolumus
717 1142 749 1196 et
779 1133 827 1195 sic
855 1133 1010 1195 immunia
1040 1141 1073 1196 et
1094 1141 1248 1216 exempta
1270 1155 1291 1200 a
1314 1132 1571 1222 quibuscumque
1593 1133 1689 1200 taleis
1711 1134 1859 1202 arbusta·

215 1239 296 1301 ritiis
326 1240 470 1322 angariis
497 1237 599 1302 fodris
627 1235 760 1320 regaliis
790 1235 889 1299 etiam
918 1255 1012 1298 sacro
1041 1236 1177 1319 imperio
1207 1233 1324 1304 debitis
1358 1235 1428 1302 fore
1463 1237 1668 1303 decernimus
1696 1237 1859 1324 licereque

216 1338 457 1405 venerabilibus
487 1339 687 1404 abbatistis⁸
714 1339 760 1402 ibi
789 1359 848 1423 per
874 1346 1024 1420 tempora
1052 1336 1291 1420 presidentibus
1321 1339 1409 1408 bona
1440 1338 1578 1432 predicti
1607 1343 1797 1406 monasterii
1825 1344 1858 1405 in

215 1443 377 1526 integrum
399 1463 474 1506 cum
490 1440 640 1506 omnibus
663 1440 761 1505 rebus
784 1449 817 1503 et
837 1439 1024 1504 hominibus
1047 1442 1094 1504 eis
1117 1439 1283 1504 subieictis
1306 1440 1366 1506 sub
1390 1443 1603 1510 immunitatis
1625 1453 1735 1509 nostre
1752 1443 1860 1508 defen-

168 1563 200 1610 10
218 1545 356 1628 sionem,
380 1554 506 1609 remota
528 1547 627 1612 totius
651 1543 820 1609 iudiciaria
842 1544 1015 1628 potestatis
1037 1541 1202 1626 molestia,
1227 1544 1336 1628 quieto
1362 1542 1474 1607 ordine
1497 1543 1675 1630 possidere,
1698 1555 1735 1609 ut
1752 1567 1860 1610 como-

216 1647 289 1713 dius
319 1669 378 1734 pro
407 1647 631 1712 incolumitate
659 1667 834 1730 regnorum
866 1656 1053 1711 nostrorum
1086 1655 1119 1710 et
1149 1647 1235 1709 sacri
1264 1648 1392 1732 imperii
1421 1646 1517 1712 nobie
1545 1647 1656 1713 collati
1686 1671 1752 1714 una
1785 1670 1859 1713 cum

217 1751 368 1815 omnibus
402 1750 600 1816 monialibus
634 1751 704 1816 eius
740 1750 845 1834 possit
877 1747 1065 1813 inefabilem
1092 1747 1351 1814 misericordiam
1379 1751 1497 1836 iugiter
1530 1773 1678 1815 exorare.
1722 1751 1861 1836 Insuper

216 1853 424 1938 precipiendo
448 1852 643 1918 mandamus
665 1863 702 1917 ut
723 1851 814 1916 nulla
835 1853 969 1916 maioris
985 1851 1037 1915 vel
1059 1852 1193 1918 minoris
1210 1851 1332 1917 ordinis
1356 1875 1498 1939 persona
1513 1854 1745 1942 cuiuscumque
1762 1876 1860 1918 sexus

216 1955 340 2040 absque
359 1978 523 2020 consensu
537 1955 780 2021 abbatissarum
796 1952 840 2018 ad
856 1953 1052 2018 manendum
1068 1953 1121 2017 vel
1144 1976 1320 2040 parumper
1341 1957 1426 2020 inter
1441 1967 1534 2042 septa
1556 1959 1659 2043 ipsius
1673 1959 1861 2023 monasterii

169 2076 198 2121 ¹5
217 2081 256 2122 ac
271 2057 431 2122 bonorum
455 2060 525 2122 eius
548 2060 682 2122 introire
705 2067 889 2142 pressumat
908 2055 967 2120 sub
985 2057 1076 2140 gravi
1092 2055 1326 2140 indignationis
1341 2070 1453 2124 nostre
1469 2047 1563 2144 pena.
1598 2059 1746 2126 Scientes
1762 2063 1860 2126 etiam

217 2161 339 2225 dictum
361 2171 509 2226 nostrum
533 2162 767 2225 monasterium
782 2159 892 2223 multis
907 2159 1084 2244 privilegiis
1102 2163 1260 2226 munitum
1276 2184 1348 2225 esse
1363 2172 1396 2227 et
1411 2166 1565 2249 precipue
1584 2165 1861 2232 serenissimorum
1974 2241 1976 2247 k

216 2285 329 2348 regum
358 2274 389 2328 et
412 2265 647 2350 imperatorum
668 2260 861 2344 Hludouici‚
892 2261 1074 2344 Hlotharii,
1104 2260 1235 2345 Karoli,
1264 2265 1470 2350 Berengarii,
1494 2266 1646 2336 Widonis
1669 2277 1701 2331 et
1723 2267 1861 2333 aliorum

218 2369 484 2454 predecessorum
506 2378 707 2449 nostrorum,
738 2390 778 2431 ea
800 2368 909 2432 omnia
933 2368 1166 2452 cuiuscumque
1189 2369 1311 2432 tenoris
1335 2369 1507 2454 privilegia
1530 2371 1594 2434 sint
1609 2369 1653 2435 ad
1670 2381 1862 2458 perpetuam

216 2471 387 2536 utilitatem
410 2471 547 2557 predicti
571 2473 673 2536 nostri
697 2468 875 2555 imperialis
898 2471 1088 2535 monasterii
1103 2469 1334 2535 confirmamus
1358 2471 1529 2558 denuoque
1548 2473 1770 2556 concedimus,
1793 2474 1861 2539 vol-

166 2588 200 2634 20
218 2575 319 2640 lentes
343 2597 382 2639 ea
406 2577 515 2640 omnia
545 2597 603 2660 pro
627 2573 681 2638 hic
712 2575 835 2638 inserta
857 2571 970 2637 haberi
994 2595 1032 2636 ao
1057 2575 1083 2636 si
1107 2572 1147 2637 de
1169 2574 1271 2639 verbo
1295 2573 1496 2639 adverbum
1519 2577 1553 2640 in
1576 2579 1718 2661 presenti
1741 2579 1863 2663 pagina

217 2677 381 2762 descripta
395 2677 512 2742 forent.
542 2677 577 2744 Si
599 2679 670 2763 quis
693 2685 812 2758 autem,
837 2674 949 2761 quod'
968 2675 1065 2757 absit,
1089 2698 1131 2740 ex
1149 2675 1334 2763 presulibus
1351 2677 1489 2742 ducibus
1504 2678 1748 2744 marchionibus
1764 2682 1863 2744 comi·

218 2781 305 2846 tibus
327 2781 381 2846 vel
402 2781 651 2848 vicecomitibus
682 2779 855 2844 sculdasiis
884 2801 923 2844 ac
951 2779 1152 2845 rictoribus⁵
1180 2801 1238 2844 seu
1265 2779 1463 2866 quibuslibet
1487 2803 1530 2846 ex
1552 2781 1749 2848 officialibus
1778 2784 1863 2847 sacri

217 2885 342 2971 imperii
370 2886 526 2949 ministris
555 2885 686 2949 vicariis
716 2905 755 2947 ac
784 2884 892 2947 missis
919 2881 983 2946 hoc
1013 2881 1191 2968 imperialis
1214 2880 1415 2946 celsitudinis
1437 2892 1548 2948 nostre
1571 2883 1718 2971 diploma
1738 2885 1863 2951 violare

218 2989 440 3072 temptaverit,
471 2987 535 3052 duo
564 2985 666 3052 millia
694 3007 884 3052 mancossos
913 2987 984 3049 auri
1015 2983 1117 3049 obrici
1140 2987 1176 3048 in
1198 3007 1277 3050 auro
1301 3007 1498 3073 componere
1522 2998 1673 3072 cogatur,
1705 2988 1862 3054 medietas

168 3109 200 3155 25
219 3091 263 3155 ad
285 3091 407 3156 cultum
429 3091 515 3156 dicte
538 3091 676 3155 ecclesie
705 3100 738 3155 et
760 3090 825 3154 alia
847 3089 1007 3156 medietas
1036 3090 1079 3154 ad
1100 3111 1196 3154 usum
1217 3088 1292 3154 loco
1316 3112 1445 3156 camere
1474 3101 1585 3157 nostre
1613 3113 1780 3157 sacrarum
1801 3095 1864 3156 vir·

219 3198 330 3279 ginum
352 3197 385 3259 in
401 3194 489 3260 dicto
512 3193 673 3280 imperiali
695 3205 808 3260 nostro
832 3196 1030 3259 monasterio
1055 3193 1115 3260 deo
1131 3194 1387 3278 inservientium,
1411 3204 1443 3257 et
1458 3193 1599 3279 desuper
1620 3194 1863 3280 implacabilem

217 3306 363 3362 nostram
384 3297 641 3382 indignationem
665 3299 777 3362 siant*
803 3319 875 3364 esse
898 3298 1095 3361 incursuros.
1140 3294 1238 3377 Quod
1267 3304 1303 3358 ut
1329 3295 1452 3361 firmius
1475 3297 1629 3363 credatur
1650 3307 1683 3360 et
1705 3305 1864 3383 perpetua

219 3398 397 3464 stabilitate
420 3398 461 3464 ab
487 3398 637 3464 omnibus
662 3398 867 3480 observetur,
898 3400 990 3481 signo
1020 3407 1132 3462 nostro
1161 3399 1364 3462 firmavimus
1396 3397 1583 3486 annullique
1603 3401 1706 3463 nostri
1730 3401 1864 3484 impres·

219 3504 310 3566 sione
332 3500 481 3566 roborari
504 3502 668 3566 iussimus.
711 3501 819 3565 Huius
840 3502 888 3566 rei
909 3511 1010 3566 testes
1026 3502 1132 3566 fuere:
1154 3500 1351 3585 Adaldigius
1366 3501 1640 3588 Hamburgensis,
1664 3501 1864 3567 Antobertus

167 3621 201 3668 so
220 3603 400 3686 Curiensis,
431 3603 523 3668 Geso
551 3605 782 3686 Dertonensis,
815 3603 983 3669 Hubertus
1006 3604 1208 3687 Parmensis,
1237 3605 1338 3670 Wido
1369 3605 1562 3670 Mutinensis
1591 3607 1738 3691 episcopi
1767 3616 1865 3690 atque

219 3706 406 3772 Euerardus
428 3729 554 3790 comes,
578 3706 687 3773 Vuido
711 3727 838 3790 comes,
868 3706 1036 3772 Guntarus
1065 3729 1192 3792 comes,
1221 3707 1319 3773 Addo
1348 3731 1458 3774 comes
1488 3718 1521 3774 et
1549 3731 1646 3808 quam
1674 3708 1782 3796 plures
1809 3709 1864 3772 alii

220 3810 383 3896 principes
406 3819 438 3874 et
460 3831 624 3895 proceres.

323 3947 460 4032 Signum
483 3946 606 4013 domini
629 3947 760 4012 Ottonis
783 3949 894 4032 magni
917 3957 950 4020 et
972 3948 1179 4024 invictissimi
1203 3949 1268 4032 (M.)
1293 3951 1499 4036 imperatoris
1529 3973 1657 4037 semper
1682 3952 1867 4034 auugusti.⁵

323 4052 509 4136 Liutgerius
538 4051 753 4118 cancellarius
781 4051 930 4122 advicem
953 4049 1106 4120 Widonis
1136 4053 1283 4139 episcopi
1306 4051 1588 4128 archicancellarii
1616 4052 1795 4140 imperialis
1817 4075 1865 4119 re-

170 4170 203 4216 ae
221 4156 377 4240 cognovit
399 4165 431 4220 et
453 4155 648 4240 subscripsit
670 4153 890 4220 demandato
913 4155 1035 4230 domini
1058 4157 1161 4224 nostri
1184 4159 1408 4242 imperatoris,
1432 4179 1537 4224 amen.

323 4291 409 4356 Acta
437 4302 513 4358 sunt
539 4291 601 4356 bec
623 4293 727 4356 Rome
755 4315 841 4357 anno
871 4293 997 4376 imperii
1026 4291 1151 4356 domini
1175 4291 1307 4357 Ottonis
1331 4296 1527 4358 serenissimi
1554 4295 1733 4377 auugnsti⁸
1759 4296 1866 4374 tertio,

221 4396 254 4458 in
276 4394 396 4478 vigiliis
418 4393 538 4460 natalis
561 4395 694 4476 domini,
718 4395 896 4460 indictione
919 4396 1074 4480 septima,
1096 4393 1243 4466 solicita.
1715 4397 1868 4476 (81.1›.)¹

998 4581 1086 4656 463.

952 4729 1135 4808 (enecat.)

172 4881 206 4928 ro
233 4855 313 4931 Otto
345 4857 491 4930 verledrt
524 4857 603 4930 dom
641 4857 843 4932 Thebaides
875 4883 947 4930 voa
980 4857 1212 4956 Martiaenpo
1247 4857 1325 4930 eine
1357 4854 1502 4930 anzahl
1532 4881 1604 4928 voa
1631 4855 1869 4954 Baritzunpon

223 4979 287 5050 mit
314 4977 417 5050 dicor
445 4977 622 5068 Zobebdr,
650 4977 716 5050 dor
741 4975 1039 5054 Gericbteborkeit
1064 4976 1144 5050 und
1170 4975 1394 5075 'offendidma
1420 4973 1567 5051 Genera

1425 5099 1539 5162 veroa
1560 5101 1624 5160 968
1649 5097 1774 5166 oleober
1796 5100 1825 5159 6.

324 5287 418 5360 ,rare
442 5289 669 5362 marsyam
697 5306 754 5350 aas
778 5289 844 5358 aaa
865 5287 1009 5366 rafam
1030 5288 1080 5354 aa
1102 5290 1153 5350 re.
1171 5287 1225 5350 «τι.
1249 5286 1274 5358 f.
1297 5275 1370 5348 100'
1394 5289 1436 5345 rm
1458 5285 1569 5350 Areua
1591 5286 1643 5352 rer
1664 5286 1870 5360 uaeramus

326 5409 367 5450 ru
389 5390 512 5450 Braecia
533 5389 593 5469 (A).

173 5560 207 5607 46
311 5557 369 5612 412.
397 5559 711 5625 οωηὸωωιιιιοὰ
823 5558 898 5625 1)ᾳᾶ
924 5558 989 5612 abne
1013 5557 1282 5623 dimensium
1392 5555 1872 5624 glymmmtoenssmdoaia

509 5627 930 5692 manumissore-arrone,-
956 5627 1023 5678 docb
1046 5627 1117 5677 kann
1139 5625 1695 5693 memmarqaqstafiaetotea
1731 5627 1872 5692 amima

396 5695 454 5746 bier
469 5695 536 5746 noct
551 5695 652 5762 getam
668 5695 765 5748 babos.-
782 5697 937 5748 Wemerius
953 5712 971 5748 a
988 5697 1085 5764 sigillis
1103 5699 1203 5754 munivi
1222 5697 1256 5746 de
1274 5694 1407 5748 mandate.

277 5805 500 5850 munerun
1565 5805 1608 5862 80
