4560 6420
803 413 929 472 ΟΤΤΟ
951 409 1190 472 1:948-949.
1755 402 1815 468 191

172 595 288 661 beatae
316 597 493 660 memoriae
520 593 650 680 Etgidis
683 593 843 680 quasdam
872 616 924 658 res
952 593 1161 680 proprietatis
1190 601 1322 660 nostrae
1351 592 1470 658 iudicio
1501 591 1728 658 scabineorum
1758 615 1817 678 pro

173 700 343 764 cuiusdam
364 701 425 763 viri
449 699 627 764 commissu
648 698 781 762 nomine
803 695 929 780 Adam,
958 696 1057 761 modo
1079 719 1157 761 vero
1181 695 1233 760 dei
1256 695 1386 779 famuli,
1409 706 1542 761 nostrae
1563 696 1726 781 regalitati
1749 699 1818 761 iure

173 803 307 868 fiscatas
329 803 435 867 denuo
451 802 557 867 eidem
571 804 606 866 in
620 802 789 888 proprium
804 801 1037 882 concessimus,
1059 798 1165 885 legem
1184 801 1282 865 etiam
1297 803 1462 887 vitamque
1479 823 1572 866 suam
1590 823 1650 885 pro
1667 811 1818 866 aeternae

174 906 443 970 remunerationis
476 905 622 990 praemio
656 902 920 989 perdonavimus.
971 903 1100 990 Resque
1129 905 1339 990 proprietatis
1368 927 1450 991 quas
1479 904 1629 989 praefato
1657 901 1752 968 Adae
1785 906 1819 968 in

144 1011 346 1095 eproprium
368 1008 573 1090 tradidimus,
596 1011 631 1072 in
652 1007 702 1072 his
725 1006 808 1072 locis
830 1009 1007 1072 nominatis
1030 1010 1111 1073 sitae
1134 1017 1222 1074 sunt:
1247 1008 1399 1088 Senouio,
1423 1010 1456 1073 in
1476 1008 1574 1082 Sline‚
1597 1011 1630 1074 in
1652 1008 1763 1091 Meilo,
1787 1010 1820 1072 in

172 1112 337 1196 Nezudra,
359 1115 393 1177 in
416 1111 492 1178 Gise
515 1115 548 1177 in
570 1111 657 1176 valle
680 1112 878 1194 Trusiauae3
901 1111 983 1177 illud
1005 1133 1081 1176 vero
1097 1111 1267 1196 praedium
1283 1114 1372 1198 quod
1386 1113 1467 1177 inibi
1481 1115 1548 1177 iam
1563 1112 1688 1198 pridem
1704 1112 1818 1177 habuit

173 1227 271 1303 atque
301 1216 462 1303 possedit,
496 1216 560 1281 hoc
588 1225 720 1280 nostrae
748 1216 953 1279 auctoritatis
976 1224 1152 1300 praecepto
1176 1237 1250 1279 cum
1274 1215 1424 1281 omnibus
1447 1214 1652 1301 appendiciis
1675 1225 1707 1279 ct
1729 1215 1819 1279 adia·

173 1323 288 1387 centiis
316 1323 383 1387 suis
411 1323 495 1386 iuste
524 1319 732 1406 legitimeque
760 1317 836 1382 illuc
865 1317 908 1381 ad
937 1318 1129 1403 praescripti
1158 1315 1253 1381 Adae
1281 1316 1450 1401 praedium
1480 1317 1716 1403 pertinentibus
1749 1318 1819 1382 iure

172 1426 306 1512 perenni
328 1426 362 1488 in
385 1425 617 1510 proprietatem
639 1422 871 1505 relaxavimus,
894 1444 993 1488 manu
1015 1430 1129 1486 nostra
1151 1421 1278 1487 firmato
1296 1421 1471 1508 annulique
1487 1425 1589 1488 nostri
1605 1425 1819 1509 impressione

123 1543 155 1590 10
173 1530 339 1612 insignito.
610 1515 612 1520 ⁵

277 1666 413 1751 Signum
437 1664 559 1730 domini
583 1663 714 1730 Ottonis
736 1664 942 1728 invictissimi
964 1664 1060 1747 regis.

276 1770 367 1834 Bnm
390 1768 606 1834 cancellarius
630 1769 780 1833 advicem
802 1768 961 1833 Friderici
985 1768 1237 1855 archicapellani
1260 1771 1460 1853 recognovit.

276 1907 365 1970 Data
386 1905 454 1972 kal.
477 1909 542 1972 ian.
554 1885 652 1972 ’anno
677 1907 797 1972 domini
815 1921 1062 1989 Dccccxuwm,
1086 1906 1325 1990 indictionem,
1348 1919 1505 1992 regnante
1521 1909 1727 1973 serenissimo
1742 1930 1818 1993 rege

173 2009 295 2074 Ottone
317 2032 404 2075 anno
428 2028 524 2094 mm,
547 2020 680 2075 actum³
701 2007 981 2092 Franconefurtl3
1003 2011 1037 2074 in
1060 2009 1192 2075 domino
1215 2011 1353 2076 feliciter
1374 2033 1480 2076 amen.

124 2278 157 2325 1s
953 2251 1038 2325 108.

182 2405 262 2484 Otto
285 2405 425 2481 schenkl
446 2405 526 2479 dem
547 2405 693 2480 Kloster
714 2407 928 2481 Eircsicdelo
949 2407 1072 2480 selaeu
1094 2407 1212 2480 Besitz
1232 2433 1277 2480 zu
1301 2406 1429 2482 Grobs.

1297 2547 1470 2618 Franksart
1493 2552 1555 2608 949
1579 2548 1704 2606 Jccmor
1724 2552 1776 2609 24.

275 2735 397 2810 Dirum
418 2733 633 2806 aweifclbafter
657 2732 849 2808 Oriqinab'att
871 2737 915 2792 c'm
937 2733 1129 2805 Stitlsarclric
1149 2752 1189 2792 su
1212 2731 1420 2810 Eirasicdcla(
1447 2733 1468 2810 ).

275 2875 448 2933 Hortmaaa
469 2871 549 2931 Aac.
574 2872 694 2930 Hercmi
716 2874 759 2930 48
781 2888 838 2929 aas
859 2868 889 2927 A
911 2889 952 2928 cu
974 2873 1047 2928 948.
1070 2904 1112 2912 -
1136 2869 1281 2929 Placidus
1302 2871 1455 2930 Reimea
1476 2870 1547 2929 Doc.
1577 2871 1656 2928 arch.
1688 2871 1818 2930 Eiasidl.

274 2981 306 3048 2,
330 2983 347 3036 1
371 2982 407 3034 a⁰
430 2980 448 3034 1
470 2993 527 3034 uus
549 2973 587 3034 A.
611 3008 653 3017 —
676 2975 815 3047 Herryott
840 2972 960 3032 senar.
982 2976 1013 3044 2,
1038 2975 1078 3032 75
1101 2979 1135 3030 πθ
1157 2977 1219 3033 129
1242 2991 1299 3032 aas
1322 2973 1349 3030 A
1375 2992 1415 3032 cu
1438 2977 1500 3034 950
1525 2996 1565 3025 =
1588 2975 1713 3033 Krcmcr
1738 2975 1818 3048 Oria.

274 3082 365 3141 Nuss.
386 3083 418 3150 2,
443 3083 485 3139 68
510 3085 545 3137 n⁰
568 3081 609 3138 46
630 3097 671 3137 aa
693 3081 765 3138 948.
795 3110 837 3121 -
865 3077 994 3137 Bebmcr
1015 3079 1087 3151 Rea.
1112 3080 1172 3137 151
1197 3096 1237 3136 au
1260 3081 1332 3137 948.
1364 3114 1405 3121 -
1434 3077 1562 3150 &epops
1579 3078 1650 3152 Rea.
1675 3083 1747 3140 172.
1777 3113 1820 3122 -

275 3185 391 3244 nausa
411 3185 481 3258 aa.
506 3161 654 3244 rocem
676 3186 748 3243 are.

274 3321 377 3380 Dictat
399 3321 449 3381 des
472 3319 539 3380 BA.
580 3321 671 3381 Ueber
693 3321 750 3380 aar
771 3321 923 3382 Schreiber
944 3337 968 3380 s.
991 3319 1061 3380 DO.
1085 3324 1136 3381 94.

278 3509 336 3590 (O.)
360 3508 375 3590 ξ
396 3507 435 3571 In
457 3509 589 3572 nomine
611 3517 745 3573 sanctae
768 3517 801 3571 et
822 3506 988 3591 individue
1011 3506 1176 3571 trinitatis.
1208 3505 1286 3571 Otto
1310 3506 1421 3571 divina
1443 3507 1624 3571 auxiliante
1647 3507 1822 3574 clementia

123 3622 243 3674 sorex.
341 3611 460 3676 Norit·
490 3612 634 3675 omnium
656 3609 802 3676 fidelium
822 3619 1009 3676 nostrorum
1031 3611 1231 3697 presentium
1254 3620 1352 3697 atque
1374 3612 1558 3676 futurorum
1581 3609 1735 3696 sagaci-l
1756 3621 1818 3695 tas,

175 3713 313 3798 qualiter
334 3737 394 3780 nos
418 3736 477 3800 pro
500 3713 642 3778 remedio
666 3714 774 3798 anime
796 3724 927 3778 nostrae
949 3723 982 3778 et
1004 3709 1115 3798 eterna
1136 3717 1414 3798 remuneratione,
1437 3714 1661 3780 admonitione
1684 3739 1722 3781 ac
1747 3739 1820 3800 sug-

174 3820 320 3901 gestione
342 3818 400 3883 filii
422 3821 526 3884 nostri
549 3818 684 3884 Liutolfi
707 3840 747 3884 ac
769 3819 963 3883 Herimanni
987 3817 1090 3901 ducis,
1114 3819 1275 3904 quasdam
1302 3842 1355 3884 res
1378 3819 1456 3883 iuris
1479 3819 1583 3883 nostri
1605 3819 1638 3883 in
1662 3822 1820 3885 comitatu

174 3922 320 3987 eiusdem
343 3921 436 3988 ducis
458 3922 651 3987 Herimanni
674 3923 776 3986 Recia
805 3923 838 3986 in
861 3921 939 3987 villa
964 3921 1199 4003 Quadrauedes
1228 3924 1398 3989 nominata
1428 3933 1561 3986 sanctae
1591 3922 1642 3987 dei
1671 3925 1819 4007 genitrici

173 4025 299 4092 Mariae
322 4036 354 4091 et
377 4037 490 4092 sancto
513 4026 673 4092 Mauricio
698 4027 824 4092 martiri
853 4049 892 4090 ac
922 4028 1037 4093 ceteris
1060 4029 1182 4093 sanetis
1206 4050 1344 4113 quorum
1365 4028 1440 4111 iuge
1465 4025 1656 4112 obsequium
1679 4028 1713 4090 in
1736 4027 1819 4091 silva

123 4145 157 4194 ³0
176 4140 207 4192 et
229 4131 263 4194 in
284 4129 359 4196 loco
385 4129 669 4215 Meginratescella
692 4129 735 4194 ab
761 4129 954 4196 Eberhardo
976 4130 1135 4197 heremita
1158 4153 1233 4197 cum
1255 4131 1370 4196 ceteris
1393 4131 1549 4196 fratribus
1564 4131 1598 4196 in
1615 4129 1730 4195 eodem
1744 4131 1819 4196 loco

174 4235 357 4298 monastica
377 4232 535 4318 religione
558 4231 750 4315 celebratur,
773 4234 1006 4320 perpetualiter
1026 4237 1061 4299 in
1083 4236 1252 4321 proprium
1275 4235 1508 4318 concessimus,
1531 4234 1566 4298 id
1581 4244 1631 4300 est
1646 4234 1819 4299 ecclesiam

173 4345 321 4402 nostram
342 4359 417 4402 cum
440 4336 575 4401 decimis
599 4339 664 4402 suis
687 4347 720 4401 et
741 4339 903 4404 universis
925 4339 1127 4425 pertinentiis
1150 4337 1227 4403 illue
1249 4337 1399 4423 legaliter
1420 4336 1655 4423 aspicientibus
1678 4360 1820 4403 necnon

174 4449 207 4503 et
228 4450 348 4504 terram
371 4439 570 4506 dominicam
592 4463 667 4505 cum
691 4439 841 4505 omnibus
864 4443 898 4505 in
920 4441 1048 4527 prefata
1070 4441 1148 4506 villa
1172 4441 1215 4505 ad
1229 4451 1377 4505 nostram
1390 4440 1536 4525 regalem
1550 4442 1731 4526 potentiam
1748 4463 1820 4526 per-

174 4543 366 4628 tinentibus,
400 4543 435 4608 id
467 4554 518 4608 est
545 4543 715 4609 curtilibus
746 4543 882 4610 edificiis
912 4544 1064 4610 censibus
1093 4546 1186 4610 terris
1214 4546 1302 4630 agris
1331 4546 1433 4630 pratis
1456 4546 1589 4629 pascuis
1612 4543 1703 4607 silvis
1726 4546 1819 4630 aquis

123 4662 157 4710 35
174 4669 374 4735 aquarumve
397 4646 587 4714 decursibus
610 4646 804 4712 molendinis
826 4647 1064 4734 piscationibus
1086 4649 1150 4712 viis
1179 4658 1210 4712 et
1238 4648 1335 4712 inviis
1357 4645 1533 4712 mobilibus
1556 4657 1588 4710 et
1609 4645 1820 4713 inmobilibus

175 4759 208 4815 et
228 4752 263 4816 in
287 4752 373 4816 omni
397 4752 539 4816 servitio.
584 4751 743 4816 Iussimus
767 4773 897 4838 quoque
918 4750 994 4816 inde
1017 4751 1080 4817 hoc
1102 4773 1237 4837 presens
1260 4759 1451 4837 preceptum
1473 4748 1636 4814 conscribi
1660 4771 1718 4835 per
1730 4749 1821 4842 quod

174 4854 324 4921 volumus
352 4856 552 4942 firmiterque
581 4855 746 4940 iubemus,
782 4865 943 4942 quatenus
972 4864 1171 4920 memoratus
1194 4853 1246 4919 dei
1269 4853 1412 4918 famulus
1435 4852 1645 4918 Eberhardus
1668 4863 1701 4918 et
1722 4856 1820 4920 ceteri

175 4957 291 5023 iratres
313 4980 354 5025 ac
376 4981 583 5024 successores
606 4981 719 5025 eorum
740 4982 827 5025 nune
850 4969 883 5024 et
906 4958 1061 5044 deinceps
1076 4959 1111 5023 in
1126 4961 1199 5044 ipso
1214 4957 1289 5022 loco
1305 4955 1435 5022 Christo
1459 4956 1634 5022 militantes
1658 4959 1821 5044 stipendia

175 5059 305 5126 illomm
326 5061 371 5127 ibi
394 5061 596 5128 melioranda
620 5061 661 5126 de
684 5064 914 5149 suprascriptis
936 5074 1069 5128 nostrae
1089 5061 1271 5147 largitionis
1294 5059 1392 5126 rebus
1415 5083 1454 5124 ac
1469 5060 1551 5126 locis
1566 5060 1703 5126 liberam
1719 5072 1821 5128 aeter·

126 5175 160 5224 4⁰
176 5165 292 5232 naliter
314 5167 483 5233 obtineant
504 5175 711 5252 potestatem,
734 5189 833 5234 manu
855 5169 988 5253 propria
1009 5177 1124 5233 nostm
1145 5165 1310 5232 firmatum
1325 5164 1488 5250 anuloque
1502 5175 1614 5232 nostro
1632 5165 1819 5250 sigillatum.

277 5301 292 5382 l
314 5303 449 5389 Signum
472 5304 583 5371 domni
607 5301 738 5378 Ottonis
763 5305 828 5386 (Μ.)
852 5306 1058 5373 invictissimi
1080 5306 1177 5390 regis.
1199 5300 1214 5384 l

278 5403 399 5484 {Brun
421 5406 637 5473 cancellarius
659 5405 810 5472 advicem
832 5406 995 5472 Fridurici
1016 5408 1216 5493 recognovit.
1239 5401 1254 5484 l
1274 5406 1332 5487 (sl.
1355 5406 1407 5486 D.)
1429 5405 1512 5487 (SR.)

264 5573 322 5629 1⁰7.
349 5574 504 5645 [Ottenthal]
608 5579 636 5641 a)
654 5578 759 5631 nuc
857 5581 887 5643 b)
907 5579 934 5646 0,
951 5578 1149 5632 Frmkoneiurt
1166 5578 1201 5632 B.

264 5679 321 5734 ΗΒ.
348 5679 456 5751 [Sickcl]
557 5683 585 5746 a)
602 5681 635 5736 A.
