4538 6436
412 420 478 486 484
1011 428 1460 486 KAISERURKUNDEN.

413 627 523 692 reliquis
546 627 758 691 possessionibus
780 627 925 692 presignati
948 625 1061 676 ducatus
1084 641 1135 690 que
1156 625 1227 674 infra
1248 630 1405 690 potestatem
1427 626 1532 689 imperii
1554 626 1637 676 nostri
1664 627 1713 676 site
1741 641 1798 675 esse
1825 629 2009 684 noscuntur,
2038 623 2094 672 ini-

415 746 494 797 quam
516 733 635 796 ingerere
657 735 792 795 presumat
813 710 1051 794 inquietudinem¹¹
1080 729 1310 780 diminorationem
1333 744 1380 780 scu
1406 730 1597 780 calumniosam
1619 730 1857 780 contradictionem
1880 733 1934 778 aut
1960 728 2094 776 subtrac-

415 838 513 885 tionem
535 834 690 896 nefandam,
721 833 767 884 sed
788 834 868 884 liceat
890 849 935 884 eas
957 833 1061 898 pretato
1085 833 1147 882 duci
1169 848 1201 882 ac
1223 833 1372 898 patriarche
1395 835 1526 898 episcopis
1549 849 1580 883 ac
1602 833 1702 898 populo
1723 834 1774 884 sibi
1796 833 1926 883 subiecto
1949 845 2003 881 seu
2027 845 2092 880 suc-

415 939 564 988 cessoribus
587 953 677 987 eornm
700 952 731 986 ac
753 936 896 988 heredibus
919 937 1008 1001 quiete
1031 937 1132 1001 absque
1155 937 1283 1002 cuiusque
1312 936 1465 986 insultantis
1494 937 1689 987 machinatione
1717 943 1764 986 ant
1790 937 1903 986 sinistra
1936 936 2092 1000 quippiam

414 1042 546 1091 molientis
567 1041 786 1106 tergiversatione
808 1042 866 1090 iure
888 1040 1036 1105 gubernare
1060 1045 1087 1089 et
1107 1040 1290 1105 gubernando,
1313 1047 1393 1106 prout
1414 1041 1542 1106 liquidius
1564 1042 1592 1090 in
1609 1044 1761 1108 presignato
1780 1041 1890 1092 decreto
1910 1041 2093 1100 continetur,
2113 1040 2130 1086 5

413 1145 534 1210 legaliter
555 1144 698 1208 possidere.
740 1126 795 1192 Eti
818 1150 848 1192 ut
869 1144 918 1194 hcc
942 1149 1030 1194 nostre
1053 1142 1261 1194 confirmationis
1284 1151 1363 1209 atque
1386 1145 1596 1194 coroborationis
1619 1147 1763 1196 auctoritas
1786 1159 1803 1194 a
1824 1143 1964 1194 fidelibus
1989 1149 2092 1193 sancte

415 1249 457 1298 dei
479 1246 590 1298 ecclesie
613 1253 639 1297 et
662 1249 759 1296 nostris
781 1249 870 1297 verius
893 1247 1016 1297 credatur
1038 1253 1065 1296 et
1087 1261 1103 1296 a
1125 1248 1222 1298 nostris
1245 1249 1443 1299 successoribus
1464 1264 1512 1312 per
1533 1254 1653 1313 tempora
1674 1249 1791 1299 labentia
1819 1250 1895 1298 omni
1926 1249 2093 1297 munimine

414 1352 577 1413 stabiliatur,
601 1367 680 1400 manu
704 1353 811 1416 propria
834 1335 946 1400 subter
968 1350 1131 1401 firmavimus
1154 1359 1181 1402 et
1203 1351 1295 1401 annuli
1318 1353 1402 1402 nostri
1424 1353 1596 1416 impressione
1619 1351 1752 1418 adsignari
1775 1353 1916 1401 iussimus.

517 1474 653 1557 Signum
676 1467 798 1538 domini
823 1472 955 1538 Ottonis
977 1474 1041 1555 (ll.)
1065 1475 1264 1538 serenissimi
1287 1475 1495 1559 imperatoris
1519 1476 1659 1558 augusti.

516 1576 710 1640 Ambrosius
735 1575 951 1641 cancellarius
982 1576 1132 1642 advicem
1163 1575 1326 1662 <domini>
1357 1577 1497 1642 Huberti
1527 1579 1675 1664 episcopi
1701 1587 1734 1643 et
1756 1576 2089 1643 archicancellarii*
2111 1593 2143 1640 ιο

413 1681 601 1765 recognovi.

516 1817 606 1882 Data
635 1836 699 1882 1111.
728 1840 833 1883 nonas
864 1817 1027 1883 decembr.
1065 1842 1150 1884 anno
1186 1820 1349 1884 dominice
1383 1820 1621 1884 incarnationis
1655 1835 1869 1882 nccccnxnn
1881 1816 1899 1900 ¹,
1944 1820 2089 1904 imperii

414 1943 492 1986 vero

1195 2093 1282 2168 352.

424 2246 505 2324 Otto
534 2249 695 2347 bestdtipt
719 2251 851 2323 salacia
884 2249 1061 2326 Getrcnen
1094 2249 1281 2348 Gaiasfred
1313 2251 1381 2324 alle
1408 2252 1662 2350 Basitzaoqcn,
1697 2249 1915 2322 contendisti
1946 2249 2010 2322 dle
2040 2252 2084 2322 in
2105 2281 2138 2327 rs

416 2370 486 2442 deo
513 2368 771 2469 Grafscdostcc
793 2371 928 2444 Arezzo
956 2372 1036 2444 aad
1061 2370 1185 2447 chiesa·
1208 2371 1407 2469 pelepcnen,
1435 2372 1516 2443 aad
1540 2371 1686 2444 cerlcibt
1711 2371 1783 2442 dam
1805 2366 1941 2443 Scau-az
1967 2371 2085 2442 soccia

418 2489 485 2563 das
511 2491 622 2564 Recte
647 2493 719 2565 sicle
735 2492 819 2590 srei
845 2494 950 2565 cinca
977 2492 1066 2589 Vopt
1090 2519 1135 2566 za
1162 2492 1310 2565 wdlzlcm
1598 2511 1702 2570 Ostrea
1725 2512 1789 2570 967
1809 2507 1979 2568 December
2005 2515 2037 2569 7.

520 2698 768 2773 Oripiaoldrplom
791 2702 832 2758 im
854 2700 882 2758 lc.
907 2700 1109 2760 Staatsarclriv
1130 2717 1171 2758 aa
1193 2699 1326 2758 Floreat
1347 2697 1408 2778 (A).
1480 2733 1481 2744 .

518 2839 679 2898 Mittarclli
694 2837 774 2897 Aan.
794 2833 987 2908 Oamclrl.1⁶‚
1006 2843 1046 2898 78
1061 2845 1095 2896 n⁰
1109 2843 1153 2899 32
1174 2856 1230 2897 aas
1247 2837 1284 2896 A.
1308 2872 1351 2880 -
1373 2838 1503 2897 Bdlrmcr
1516 2838 1589 2910 Rea.
1606 2840 1679 2896 340.
1699 2868 1741 2879 -
1760 2835 1889 2908 &stirps
1903 2836 1981 2909 ch.
2002 2841 2079 2896 437.

521 2976 655 3048 Verfceet
685 2977 749 3035 aad
773 2978 957 3050 geschriebcn
984 2994 1041 3035 coo
1069 2977 1110 3035 It.
1141 2975 1180 3034 D.
1210 3009 1252 3017 -
1279 2975 1340 3034 Die
1372 2975 1547 3047 Bcdcutanp
1578 2974 1626 3032 des
1654 2975 1719 3032 hier
1744 2973 1854 3031 aulem
1885 2973 2081 3032 certichenen
2100 2983 2133 3030 aa

518 3080 640 3139 Rechtes
664 3080 764 3138 erlrellt
786 3098 842 3139 aas
866 3079 931 3138 darn
953 3081 1064 3152 menige
1085 3080 1211 3138 chhcn
1232 3096 1325 3137 sacer
1347 3080 1379 3136 ia
1399 3078 1513 3138 Verona
1536 3079 1702 3136 erlasscnca
1723 3077 1843 3137 Gcsetae
1867 3074 1949 3153 (LI).
1974 3081 2009 3148 2,
2035 3081 2081 3137 33

519 3199 583 3256 cap.
607 3186 637 3242 8.
661 3181 726 3259 10),
759 3183 823 3242 lcut
851 3183 918 3241 dem
939 3200 995 3241 con
1018 3183 1074 3240 dea
1096 3181 1194 3242 Latere
1215 3199 1277 3241 aar
1295 3181 1413 3253 Grascn
1435 3183 1589 3255 beccham
1611 3183 1675 3240 scin
1696 3180 1799 3240 solltea
1822 3181 1909 3238 cioca
1937 3181 2014 3255 Voyt
2036 3199 2080 3239 aa

520 3289 621 3347 habea.

523 3473 582 3552 (G.)
605 3473 619 3555 ξ
641 3471 679 3536 In
702 3473 833 3536 nomine
856 3479 990 3536 sanctae
1020 3480 1053 3536 et
1079 3469 1247 3535 individue
1275 3471 1440 3535 trinitatis.
1486 3469 1564 3535 Otto
1594 3469 1704 3534 divina
1733 3468 1867 3534 favente
1895 3469 2080 3536 clementia

416 3577 594 3660 imperator
610 3582 778 3658 augustus.
866 3573 902 3639 Si
918 3573 996 3659 quid
1011 3575 1153 3639 muneris
1176 3573 1297 3639 nostris
1321 3573 1450 3638 devotis
1472 3573 1624 3640 fidelibus
1646 3574 1858 3658 impertimur,
1885 3577 2077 3660 promptius
2097 3592 2130 3640 25

418 3702 474 3744 eos
502 3681 536 3743 in
565 3680 668 3743 nostri
699 3678 857 3762 obsequio
888 3679 1035 3742 acuimus
1064 3686 1097 3742 et
1125 3676 1139 3760 ξ
1166 3679 1258 3762 regni
1286 3679 1389 3742 nostri
1420 3686 1542 3743 statum
1569 3679 1603 3742 in
1625 3678 1688 3743 hoc
1711 3677 1870 3762 prolicere
1894 3679 2077 3744 credimus.

370 3767 371 3770 ¹
417 3781 545 3847 Idcirco
570 3782 714 3846 omnium
737 3791 849 3864 sancte
873 3781 924 3846 dei
948 3780 1084 3865 ecclesie,
1107 3780 1252 3845 fidelium
1274 3803 1315 3846 ac
1336 3791 1524 3847 nostrorum
1546 3782 1747 3866 presentium
1770 3779 1896 3846 scilicet
1920 3803 1963 3846 ac
1987 3782 2077 3847 iutu-

417 3907 527 3951 rorum
541 3885 670 3950 noverit
686 3884 828 3967 solertia,
853 3883 1016 3949 Adalheid
1032 3894 1179 3950 nostram
1196 3884 1349 3949 dilectam
1366 3887 1539 3969 coniugem
1561 3884 1753 3969 imperatrix
1777 3895 1921 3968 augusta
1933 3895 1947 3922 ⁸
1969 3884 2078 3949 humi-

419 3990 492 4054 liter
514 3989 689 4055 nostramb
711 4010 869 4053 exorasse
891 3988 1115 4070 clementiam,
1149 3989 1301 4074 quatinus
1324 3987 1455 4053 cuidam
1477 3996 1589 4052 nostro
1612 3987 1701 4052 fideli
1726 3985 1914 4051 Gausfredo
1938 3991 2078 4053 nomine

417 4092 520 4156 filiurn
543 4092 710 4179 quondam
732 4091 920 4157 Ildebrandi
950 4101 1015 4177 pec
1043 4092 1137 4156 huius
1168 4093 1272 4156 nostri
1300 4093 1446 4178 precepti
1474 4091 1757 4156 confirmationem
1786 4089 1986 4156 confirmare
2018 4115 2079 4157 seu
2098 4110 2132 4159 30

419 4193 658 4261 corroboraretl
687 4194 897 4278 dignaremur
928 4217 1040 4260 omnes
1068 4197 1285 4281 proprietates
1315 4217 1392 4260 suas
1422 4217 1461 4260 ac
1487 4194 1630 4260 familiae
1652 4195 1819 4279 utriusque
1843 4215 1946 4258 sexus
1969 4217 2080 4281 usque

419 4321 505 4365 nunc
528 4297 571 4364 ab
594 4299 665 4364 eis⁰
686 4299 770 4364 iuste
793 4308 826 4362 et
846 4298 995 4383 legaliter
1018 4320 1189 4383 possessas
1217 4297 1401 4384 adquisitas
1430 4297 1484 4363 vel
1512 4298 1749 4384 adquirendae,
1781 4295 1914 4361 omniaf
1944 4321 2080 4384 quoque

418 4405 634 4468 instrumenta
662 4412 782 4466 suum⁸
810 4413 991 4486 cartarum,
1022 4411 1146 4484 cortes,
1176 4401 1330 4466 videlicet
1352 4400 1499 4466 Suonam
1520 4404 1663 4487 positam
1684 4403 1718 4466 in
1741 4401 1899 4465 comitatu
1922 4400 2078 4486 Aretino,

419 4516 541 4571 cortem
564 4504 717 4588 Uinaria,
752 4515 877 4570 cortem
899 4504 939 4570 de
963 4503 1131 4590 Conputo,
1167 4514 1291 4569 cortem
1312 4507 1346 4569 in
1370 4504 1573 4587 Olotiniano,
1608 4516 1733 4570 cortem
1764 4503 1805 4568 de
1835 4502 1986 4568 Sennina
2016 4503 2081 4570 inh

418 4610 576 4674 comitatu
598 4607 743 4692 Clusino,
767 4619 892 4675 cortem
914 4609 1055 4673 Paterno
1080 4619 1112 4673 et
1136 4607 1256 4672 Caeam
1277 4609 1436 4674 maiorem
1459 4631 1516 4673 seu
1538 4609 1661 4674 foresto
1687 4609 1726 4673 de
1749 4605 1880 4672 Tribleo
1906 4607 2001 4692 quod
2026 4619 2080 4674 est
2100 4626 2133 4673 35

417 4715 450 4777 in
473 4713 539 4776 iam
562 4713 650 4778 dicto
675 4715 832 4778 comitatu
847 4713 983 4777 Aretino
1006 4713 1040 4775 in
1063 4733 1174 4776 massa
1189 4711 1324 4778 Uerona
1346 4721 1379 4778 et
1400 4712 1501 4778 habet
1523 4712 1565 4776 ab
1589 4735 1653 4776 uno
1677 4712 1778 4777 latere
1801 4711 1963 4775 forestum
1986 4713 2082 4798 quod

419 4817 538 4882 dicitur
553 4815 696 4902 Caprile,
720 4817 762 4881 ab
786 4817 851 4882 alio
875 4816 978 4880 latere
999 4825 1144 4879 montem
1165 4814 1278 4898 Feltri,
1302 4838 1322 4879 a
1344 4817 1440 4881 tertio
1464 4815 1566 4880 latere
1589 4815 1759 4895 Balneum,
1783 4836 1803 4877 a
1825 4823 1946 4898 quarto
1970 4814 2082 4882 latere

418 4931 612 5006 percurrunt
640 4922 710 4985 eius
738 4920 821 4984 fines
849 4941 952 5005 usque
981 4921 1015 4982 in
1043 4919 1243 4983 Petrauerna
1266 4929 1298 4984 et
1321 4917 1467 4984 Caluane
1496 4942 1557 5006 quq
1587 4919 1627 4984 de
1649 4921 1723 5003 ipso
1745 4919 1867 4982 foresto
1892 4920 2080 5004 pertinent,

418 5047 484 5088 nna
507 5045 580 5088 curn
603 5022 752 5109 portibus
775 5031 806 5086 et
828 5023 1039 5105 massariciis,
1062 5022 1221 5087 forestum
1244 5023 1364 5107 pariter
1387 5023 1428 5087 de
1451 5021 1577 5088 Corezo
1602 5024 1636 5087 in
1657 5022 1784 5106 prefato
1808 5019 1971 5084 comitatu
1995 5021 2084 5087 Are·

419 5130 498 5210 tine,
522 5130 575 5192 cui
598 5127 711 5193 aderet
735 5125 776 5190 ab
800 5148 864 5190 uno
888 5124 990 5190 latere
1012 5123 1105 5190 locus
1129 5127 1183 5212 qui
1208 5126 1325 5190 dicitur
1346 5125 1486 5208 Balnea,
1518 5125 1560 5190 ab
1589 5124 1654 5190 alio
1683 5133 1771 5190 terra
1800 5125 1905 5188 sancti
1933 5123 2082 5210 Donati,
2103 5149 2140 5196 ιο

420 5231 488 5295 adg
516 5231 611 5296 tertio
640 5230 696 5294 via
726 5251 787 5314 quq
817 5228 935 5292 dicitur
962 5237 1049 5293 terra
1079 5228 1236 5311 Rubiola,
1268 5252 1289 5293 a
1318 5239 1432 5315 quarto
1462 5228 1564 5294 latere
1586 5250 1681 5292 mons
1705 5228 1759 5312 qui
1782 5226 1901 5291 dicitur
1925 5237 2085 5294 castrum

506 5399 564 5453 ³51.
591 5401 618 5464 h)
635 5400 866 5465 inquietitudinem
889 5398 912 5449 0
1009 5399 1112 5464 ilsebla
1130 5399 1202 5451 Μ’
1302 5403 1329 5463 lr)
1349 5402 1385 5463 D,
1405 5402 1572 5452 hanzelarius
1591 5401 1650 5452 adr.
1670 5401 1695 5452 d.
1714 5401 1804 5451 Vberti
1824 5414 1846 5448 e.
1867 5403 1893 5448 et
1912 5399 2085 5454 archichan-

592 5471 683 5520 cclarii
705 5467 728 5518 0
820 5469 839 5530 l)
859 5480 907 5518 1111
925 5466 992 5517 wohl
1010 5468 1160 5519 mercam
1177 5486 1225 5519 aar
1242 5481 1295 5520 vn.

505 5555 565 5608 ³52.
593 5552 702 5622 [Siclrel]
809 5555 834 5617 a)
852 5551 945 5620 arr-gs
1050 5555 1077 5614 bl
1094 5553 1156 5604 siber
1172 5555 1220 5605 der
1237 5555 1306 5605 Zeila
1323 5555 1510 5620 nacchtrayea
1612 5557 1636 5615 c)
1656 5553 1678 5603 A
1702 5559 1763 5604 stac
1788 5569 1835 5619 per
1942 5551 1973 5617 d)
1994 5555 2086 5616 roser-t

592 5659 658 5693 corr.
677 5656 725 5689 osu
749 5639 902 5690 confirmare
1007 5638 1032 5703 e)
1053 5625 1080 5689 el
1094 5639 1118 5688 A
1222 5640 1243 5704 f)
1262 5657 1322 5691 orna
1346 5639 1411 5690 ohne
1430 5638 1700 5704 Abhinanpmicdm
1802 5635 1871 5703 g)A
1981 5639 2013 5702 h)
2032 5659 2087 5693 cor
2106 5647 2143 5694 45

592 5713 619 5761 in
638 5713 681 5760 eia
698 5707 858 5758 cawircltter
876 5725 898 5757 c.
