4576 6420
886 431 1011 488 ΟΤΤΟ
1034 433 1058 490 Ι.
1083 429 1155 488 962.
1783 423 1847 491 345

196 641 281 692 usqne
303 622 441 677 stradamr
462 644 494 678 ac
516 628 611 678 deinde
633 629 780 692 inaquam
802 627 909 694 longam
931 645 1016 693 usquc
1040 629 1102 678 durn
1124 630 1199 678 venit
1221 630 1248 677 in
1267 630 1398 678 Burriune
1415 651 1455 690 -,
1478 647 1493 677 ι
1516 631 1586 680 sicut
1607 646 1623 680 a
1646 633 1744 682 sanctis
1767 634 1847 696 patri·

162 789 164 792 Ι
196 731 247 780 bus
269 723 301 779 ei
322 737 343 778 a
365 714 496 798 regibus
520 723 553 778 ci
575 714 826 800 imperatoribus
853 737 879 782 et
901 732 1004 782 idoneis
1027 748 1058 781 ac
1081 733 1219 783 catholicis
1240 729 1392 782 lionrinibus
1416 735 1563 798 antiquitus
1586 736 1614 784 in
1635 737 1695 800 ipsa
1717 736 1848 786 aecclesia

197 835 370 884 corutitutum
392 835 473 883 fuisse
496 835 649 898 reperimus,
673 836 762 883 omnia
783 850 845 898 pars
868 837 951 898 ipsius
974 835 1103 901 aecclesie
1125 851 1217 886 secure
1239 852 1271 886 ac
1292 839 1381 902 quiete
1404 845 1495 888 nostra
1510 824 1670 909 imperiali
1690 841 1848 890 auctoritate

197 938 365 1002 perhenniter
380 937 522 1001 possideat.
559 937 600 986 De
617 937 695 987 rebus
718 943 807 986 autem
830 939 942 1004 aliisque
957 936 1180 1004 possesionibus²
1203 946 1256 990 lam
1279 943 1422 992 mobilibus
1446 959 1577 1009 quemque
1599 945 1772 995 inmobilibus
1795 947 1847 994 iam

163 1037 266 1090 5‹iicte
281 1042 408 1106 Regeusis
432 1040 559 1106 aecclesie
582 1042 776 1102 constituimus,
799 1048 830 1090 ut
852 1042 942 1091 rudius
964 1044 991 1092 in
1015 1060 1095 1109 reguo
1118 1028 1234 1093 Italico
1259 1047 1406 1096 consistens
1428 1053 1519 1097 tenere
1541 1048 1639 1098 audeat
1661 1065 1714 1098 rem
1730 1049 1846 1114 aliquam

198 1162 230 1194 ex
253 1147 317 1209 ipsis
340 1161 386 1208 pro
409 1145 528 1210 qualibet
548 1146 735 1209 inscriptionis
764 1146 862 1209 pagina
889 1161 974 1210 neque
997 1161 1044 1208 per
1066 1146 1185 1195 libellum
1209 1153 1255 1196 aut
1279 1148 1452 1212 emphiteosin
1475 1150 1517 1198 rel
1540 1150 1728 1214 phiteocariam
1752 1137 1846 1220 quasi

197 1265 244 1312 per
265 1248 430 1312 ‹prorundam
454 1247 608 1312 pontificum
631 1248 845 1312 predecessorum
869 1248 947 1297 huius
971 1232 1159 1297 Ermenaldi
1175 1234 1371 1299 venerabilis
1388 1237 1534 1320 episcopi
1552 1259 1608 1300 seli
1624 1239 1846 1318 ministrorum

196 1338 263 1399 iam
291 1335 449 1421 prelibata
472 1336 558 1400 sedis
581 1337 738 1422 Regiensis
767 1352 973 1402 constituciones
1002 1352 1128 1414 iniustas,
1162 1366 1228 1416 quas
1257 1356 1348 1401 nostre
1377 1337 1536 1422 imperiali
1566 1356 1690 1419 potencia
1719 1355 1846 1404 radicitus

198 1453 359 1517 disrumpere
383 1461 408 1504 et
431 1455 487 1504 sine
510 1454 647 1524 cuiusdam
670 1456 772 1505 roboris
794 1455 885 1518 vigore
909 1455 1058 1503 sanccimus
1069 1447 1088 1516 ⁸,
1122 1455 1186 1520 quia
1214 1454 1314 1504 talibus
1342 1457 1408 1506 actis
1437 1449 1547 1517 sanctla]
1576 1458 1618 1508 dei
1645 1458 1775 1508 aecclesia
1797 1459 1868 1507 fre--

148 1559 180 1606 10
198 1561 308 1620 quanter
337 1559 436 1620 patitur
464 1558 592 1606 maximas
621 1558 739 1620 inopias,
774 1557 885 1622 ideoque
914 1557 1036 1607 iubemus
1058 1562 1089 1606 ut
1111 1558 1211 1622 absque
1234 1559 1329 1622 prelati
1352 1544 1540 1610 Ermenaidi
1565 1561 1654 1612 dilecti
1677 1565 1760 1611 nostri
1783 1569 1809 1611 et
1830 1579 1847 1610 a

198 1661 325 1726 ltegcnsis
353 1660 481 1726 aecclesie
510 1644 705 1710 Venerabilis
739 1647 885 1730 episcopi
916 1644 967 1708 vel
999 1645 1155 1710 allorumt
1187 1647 1420 1711 minstrorum²¹
1455 1670 1630 1734 eorumque
1665 1673 1846 1714 successorum

197 1779 327 1813 corisensu
349 1780 425 1813 nemo
448 1764 551 1828 aliquas
574 1751 623 1814 res*
638 1779 685 1814 sue
708 1764 835 1814 aecclesie
858 1763 951 1814 tollere
974 1765 1016 1814 vel
1039 1771 1128 1814 tenere
1151 1769 1299 1828 presumat3
1329 1770 1355 1815 et
1378 1767 1401 1814 si
1423 1766 1636 1830 quandoquidem
1659 1767 1691 1816 de
1714 1767 1793 1816 rebus
1815 1781 1846 1828 ac

197 1868 303 1917 familiis
332 1869 416 1932 ipsius
445 1874 551 1918 sanctae
580 1868 650 1917 sedis
677 1852 730 1917 vel
759 1853 1012 1938 proprietatibus
1044 1869 1199 1918 clericorum
1228 1871 1344 1919 omniurn
1374 1886 1481 1919 suorum
1510 1871 1590 1920 inerit
1619 1875 1677 1919 orta
1699 1872 1846 1932 contencio,

196 1987 276 2037 qriam
298 1972 381 2037 ipsius
405 1973 532 2038 aecclesie
554 1973 670 2022 vicarius
693 1955 911 2020 Ermenaldus
934 1956 1129 2020 venerabilis
1159 1973 1299 2038 episcopus
1322 1979 1369 2023 aut
1392 1975 1449 2024 eius
1472 1989 1637 2024 successores
1664 1966 1722 2022 aui
1743 1960 1847 2042 ipsius

147 2075 178 2122 15
197 2061 354 2145 aecclesie
377 2063 567 2127 ministros'¹
587 2080 615 2127 in
639 2078 681 2126 sni
704 2077 838 2142 presentia
862 2070 1020 2141 nequeantu
1043 2080 1231 2128 convenienter
1253 2077 1375 2140 diffinire,
1399 2078 1539 2126 statuimus
1562 2081 1592 2126 ut
1615 2076 1758 2126 cuiuslibet
1775 2082 1846 2141 pole-

196 2175 285 2229 state*
303 2180 456 2231 nullatenus
472 2181 579 2232 finiatur
593 2183 644 2231 nisi
660 2187 721 2232 aute
737 2181 892 2246 pontificum
908 2183 1072 2246 presenciam
1087 2168 1141 2232 vei
1156 2168 1378 2234 ministrOrum
1388 2175 1407 2202 ⁸
1430 2165 1598 2251 eiusde[m]
1618 2175 1752 2231 sanetae
1768 2181 1846 2231 sedis.

197 2284 371 2333 Concedimus
394 2285 507 2349 denique
529 2301 577 2350 pro
601 2285 727 2349 amplime
750 2279 955 2335 staltilimento¹
984 2272 1129 2336 aecclesiae
1152 2287 1235 2336 eidem
1259 2269 1458 2335 Ermenaldo
1482 2271 1808 2352 venerabili'episcopo
1831 2302 1847 2332 a

196 2388 303 2450 suisque
326 2388 524 2436 successoribus
547 2375 698 2458 omnique
714 2371 801 2436 clero
826 2389 978 2452 advocatos,
1001 2405 1182 2454 quoscumque
1205 2397 1252 2438 aut
1273 2390 1365 2454 quales
1386 2389 1514 2454 elegerint
1529 2396 1581 2438 tam
1598 2390 1630 2440 de
1645 2392 1701 2439 suis
1716 2405 1847 2455 quamque

196 2490 228 2538 de
257 2490 351 2540 alienis
372 2490 469 2552 liberis
497 2491 663 2550 homiuibus,
697 2492 742 2554 qui
772 2492 889 2542 eiusdem
918 2493 1046 2558 episcopii
1068 2493 1111 2542 vel
1140 2493 1294 2542 clericorum
1324 2509 1411 2543 rerum
1434 2494 1562 2544 utilitates
1586 2499 1725 2544 exerceant
1747 2495 1847 2558 absque

145 2587 178 2634 20
197 2595 343 2658 cuiuspiam
366 2563 479 2644 hominis
502 2594 710 2644 contradictione
733 2595 776 2643 vel
798 2596 933 2658 urolestia,
964 2597 1001 2644 ita
1024 2601 1053 2646 ut
1076 2597 1109 2645 ab
1134 2598 1204 2645 omni
1227 2598 1265 2646 rei
1287 2597 1395 2662 publice
1418 2598 1557 2647 funccione
1580 2599 1633 2647 siut
1655 2597 1785 2658 absoluti,
1808 2596 1846 2645 nil

196 2695 229 2744 ab
252 2696 290 2744 eis
312 2697 450 2761 quisquam
473 2695 597 2760 publicus
620 2697 738 2745 minister
761 2699 866 2762 exigere
888 2703 1038 2762 presumat,
1069 2702 1099 2746 ut
1121 2699 1240 2748 securius
1263 2715 1293 2749 ac
1316 2701 1474 2768 diligencius
1496 2701 1580 2765 ipsius
1602 2702 1730 2766 aecclesie
1753 2714 1847 2748 sarisas

197 2798 320 2862 perficere
349 2801 458 2864 possint.
503 2799 658 2850 stabilimus
687 2795 792 2849 etiarny
820 2801 853 2851 de
884 2802 1006 2851 omnibus
1035 2802 1114 2850 rebus
1143 2816 1190 2850 seu
1212 2802 1320 2852 familiis
1342 2821 1411 2868 quae
1434 2810 1543 2854 actenus
1566 2804 1685 2870 (quelibet
1708 2806 1846 2854 occasione

196 2901 237 2950 vol
260 2919 426 2968 quocumque
449 2903 526 2953 modo
550 2920 582 2954 ex
606 2903 709 2952 dicione
732 2906 816 2969 ipsius
840 2907 966 2970 episcopii
990 2910 1037 2954 aut
1059 2907 1136 2955 istius
1159 2908 1296 2956 reverendi
1315 2893 1504 2958 Ermenaidi
1528 2909 1646 2972 episcopi
1669 2924 1716 2957 seu
1739 2907 1846 2956 clerico·

196 3021 253 3054 rum
275 3012 405 3070 potestate
428 3007 562 3056 subtracto
584 3008 666 3058 fuisse
695 3015 856 3072 noscuntur,
887 3011 956 3059 sicut
979 3009 1011 3058 de
1034 3011 1131 3058 nostris
1154 3009 1311 3061 domnicatis
1334 3013 1413 3062 rebus
1436 3028 1483 3076 per
1505 3013 1741 3062 circummanentes
1765 3011 1846 3060 horni-

144 3109 177 3156 25
196 3125 242 3158 nes
264 3110 400 3175 inquisitio
423 3111 482 3174 fiat,
505 3117 536 3160 ut
558 3129 648 3162 omnes
671 3129 713 3162 res
736 3114 819 3178 ipsius
843 3114 912 3164 sedis
935 3115 963 3162 iu
985 3114 1062 3162 istius
1084 3098 1280 3163 venerabilis
1303 3098 1492 3164 Ermenaldi
1515 3115 1633 3179 episcopi
1657 3116 1765 3190 eiusque
1788 3129 1846 3163 suc·
1909 3179 1910 3183 Ἰ

195 3227 397 3264 sessorumseu
421 3215 576 3264 clericorum
604 3214 714 3266 redeant
739 3222 897 3281 potestatem
920 3223 947 3266 et
969 3217 1064 3267 exinde
1087 3234 1114 3268 se
1137 3219 1281 3268 investiant
1307 3223 1397 3268 nostra
1425 3219 1486 3268 steti
1514 3220 1685 3280 auctoritate,
1715 3221 1846 3284 quatenus

195 3320 231 3368 rei
254 3321 351 3369 veritas
373 3320 507 3384 patefacta
528 3321 698 3385 perhenniter
721 3323 809 3372 valeat
831 3339 909 3371 suum
932 3323 1051 3372 obtinere
1074 3325 1201 3388 vigorem.
1235 3322 1414 3386 Precipientes
1437 3337 1542 3387 quoque
1564 3322 1687 3371 iubemus
1708 3326 1738 3370 ut
1756 3319 1846 3369 nullus

194 3422 331 3488 imliciariq
359 3425 498 3488 potestatis
527 3424 581 3474 dux
609 3426 725 3475 marchio
756 3442 843 3475 comes
866 3443 882 3474 a
905 3426 1043 3476 scudasius
1071 3426 1235 3490 locopositus
1264 3431 1310 3474 aut
1336 3425 1462 3490 quislibet
1484 3425 1608 3490 publicus
1631 3430 1738 3475 exactor
1759 3440 1845 3488 neque

195 3525 284 3591 aliqua
311 3543 425 3591 persona
451 3529 659 3594 uniuscuiusque
689 3529 789 3578 ordinis
816 3536 863 3579 aut
890 3529 1026 3596 dignitatis
1050 3546 1134 3595 parva
1156 3530 1198 3592 vel
1221 3545 1317 3595 stagna
1339 3531 1367 3578 in
1389 3529 1469 3579 rebus
1491 3529 1575 3593 ipsius
1598 3526 1742 3577 aecclesiae
1763 3527 1844 3591 placi-

144 3633 177 3679 30
196 3634 251 3678 tum
275 3636 363 3681 tencre
386 3648 471 3696 neque
494 3634 520 3681 in
544 3632 665 3682 domibus
696 3635 753 3682 eius
782 3639 829 3682 aut
857 3633 1011 3685 clericorum
1043 3651 1149 3684 suorum
1179 3634 1288 3700 aliquod
1316 3634 1536 3682 mausionaticum
1564 3625 1722 3696 potestative
1752 3631 1844 3681 tollere

195 3751 279 3800 neque
302 3737 421 3786 homines
444 3739 501 3787 eius
524 3739 653 3804 cuiusque
676 3737 774 3787 ordinis
798 3737 908 3789 clericos
931 3741 974 3790 vel
996 3740 1079 3790 laicos
1107 3739 1205 3789 liberos
1233 3733 1451 3788 commendatosz
1479 3736 1625 3787 libellarios
1648 3751 1679 3785 ac
1702 3734 1845 3785 cartulatos

195 3837 236 3886 vei
259 3855 339 3902 super
361 3844 456 3890 terram
478 3842 596 3904 ipsorum
619 3841 765 3891 residentes
788 3857 873 3906 neque
896 3859 987 3892 servos
1010 3841 1053 3892 vel
1076 3841 1186 3892 ancillas
1216 3849 1262 3890 aut
1291 3842 1410 3891 aldiones
1439 3842 1577 3905 utriusque
1607 3855 1686 3890 sextis
1709 3838 1743 3888 ad
1764 3838 1845 3903 placi·
1869 3896 1871 3898 ,

194 3949 250 3992 tum
274 3943 369 3994 ducere
392 3961 440 3994 nec
463 3928 627 4011 pignerareb
654 3951 701 3994 aut
722 3946 861 3997 molestare
884 3947 927 3996 vel
950 3947 1084 4012 flagellare
1107 3951 1241 4011 presumat
1264 3961 1349 4010 neque
1373 3944 1405 3994 dc
1429 3945 1507 3994 rebus
1530 3945 1614 4010 ipsius
1636 3942 1781 3992 aecclesiae
1803 3943 1845 3992 vel

778 4032 791 4071 b
815 4055 861 4098 aut
883 4051 1023 4115 ripaticum
1048 4055 1095 4098 aut
1109 4049 1255 4114 quamlibet
1270 4049 1404 4113 publicam
1420 4049 1587 4098 funccionem
1604 4062 1620 4094 a
1635 4039 1761 4095 ministris
1777 4047 1845 4095 eius·

194 4045 349 4096 clericorum
372 4063 480 4097 sumum
503 4023 610 4113 aliquod
633 4049 766 4098 teloneum

142 4147 175 4194 35
195 4150 252 4198 dem
268 4134 457 4200 Erfflcnaidi
474 4135 610 4220 predicti
630 4154 746 4217 episcopi
763 4157 810 4201 ant
824 4168 1008 4203 successorum
1024 4145 1126 4217 [ip]sius
1145 4136 1196 4200 vel
1213 4159 1345 4200 suorum
1361 4135 1555 4200 elericorum
1577 4143 1706 4215 exigere⁰
1727 4155 1845 4214 temptet,

195 4253 240 4302 sed
263 4253 342 4303 liceat
363 4241 429 4304 iam
452 4241 618 4303 nominato
643 4255 767 4319 episcopo
790 4257 897 4320 suisque
921 4257 1119 4306 successoribus
1142 4272 1201 4305 curn
1224 4272 1240 4304 a
1262 4255 1342 4304 rebus
1365 4260 1391 4304 et
1413 4253 1521 4303 familiis
1543 4254 1598 4302 suis
1622 4253 1745 4316 omnique
1774 4253 1844 4302 clero

195 4359 265 4406 omni
287 4345 320 4407 in
343 4365 461 4422 tempore
484 4359 533 4407 sub
557 4359 682 4408 tuicionis
705 4363 794 4424 nostre
817 4361 960 4410 munimine
987 4354 1237 4429 nosirOrumque
1261 4363 1487 4406 successorum
1515 4357 1603 4421 quiete
1626 4360 1653 4404 et
1674 4354 1783 4418 pacifice
1806 4371 1845 4404 re-

194 4466 265 4510 mota
287 4463 373 4511 tocius
395 4464 534 4526 potestatis
557 4461 740 4526 inquietudine
762 4477 915 4525 permanere
944 4479 974 4512 ac
1004 4479 1051 4528 pro
1081 4463 1159 4514 nobis
1190 4467 1392 4526 nostrorumque
1421 4476 1563 4526 regnorum
1591 4464 1677 4521 satu,
1706 4445 1844 4526 coniuge

194 4570 322 4633 quoque
338 4559 370 4612 ei
384 4548 476 4634 prole
491 4559 603 4613 nostra
626 4580 685 4614 cum
701 4566 825 4614 universo
841 4581 888 4615 suo
912 4565 1028 4616 clericrdi
1052 4566 1143 4616 ordine
1166 4547 1326 4614 dominum(1
1350 4557 1579 4628 onmipoteutem⁰
1596 4579 1613 4609 ιι
1635 4563 1732 4626 iugiter
1754 4561 1844 4625 depre-

142 4669 175 4716 tO
195 4669 257 4717 cari.
270 4652 280 4690 ¹¹
323 4667 350 4716 Si
373 4669 433 4733 quis
455 4675 543 4718 autem
567 4670 721 4718 temerarius
744 4673 836 4718 contra
858 4670 908 4722 hoc
931 4674 1037 4719 nostrae
1060 4667 1267 4718 confirmationis
1290 4667 1468 4717 concessionis
1491 4679 1522 4714 ac
1545 4665 1669 4716 tuicionis
1692 4668 1844 4728 preceptum

193 4771 351 4836 (standoque
374 4773 509 4838 insurgere
532 4774 700 4838 temptaverit
722 4777 749 4822 et
770 4788 839 4838 quae
862 4775 983 4839 superius
1007 4773 1105 4836 scripta
1128 4778 1190 4821 strat
1217 4788 1263 4836 per
1295 4772 1383 4820 omnia
1412 4785 1465 4818 nou
1495 4768 1691 4830 observaverit,
1722 4767 1789 4816 sciat
1816 4781 1844 4814 se

193 4877 399 4940 compositurum
423 4879 481 4926 auri
504 4871 622 4941 eptimiss
651 4877 732 4926 libras
756 4883 876 4938 centum,
911 4877 1078 4926 medietatem
1101 4875 1205 4940 palacio
1228 4881 1318 4924 nostro
1342 4879 1368 4923 et
1390 4873 1556 4923 medietatem
1579 4872 1632 4919 iarn
1653 4871 1709 4919 fato
1732 4855 1844 4918 Erme-

193 4963 292 5030 naldo
309 4967 465 5050 episcopo
489 4982 599 5046 eiusque
621 4980 819 5030 successoribus
841 4981 885 5030 vel
906 4981 1040 5029 ndrdstris.
1074 4978 1110 5027 Et
1132 4983 1162 5027 ut
1184 4978 1217 5027 ab
1241 4977 1364 5027 omnibus
1387 4976 1474 5024 verius
1497 4973 1620 5024 credatur
1638 4977 1664 5022 et
1686 4971 1844 5036 diligencius

279 5203 337 5258 212.
365 5207 387 5266 r)
405 5205 471 5255 steht
489 5205 541 5268 mis
553 5205 642 5256 Raros·
732 5204 756 5270 s)
774 5203 842 5254 acob
859 5204 917 5254 dem
934 5209 1016 5254 araim
1034 5221 1046 5254 s
1065 5202 1148 5252 hlaine
1166 5200 1255 5253 amr
1340 5202 1360 5262 t)
1380 5203 1411 5250 u'r
1427 5199 1489 5250 aber
1506 5200 1554 5250 der
1570 5199 1640 5249 Zeila
1656 5197 1844 5264 nacbqetraqen

142 5281 175 5329 45
364 5277 392 5335 a)
411 5291 445 5324 ne
462 5275 516 5337 aas
526 5275 614 5325 Rasur
709 5277 735 5336 v)
754 5290 820 5324 cerr.
845 5289 892 5324 aar
915 5275 1053 5338 potestatis
1140 5273 1174 5332 w)
1193 5271 1236 5322 vel
1255 5272 1432 5320 ministrorum
1455 5285 1505 5319 ocu
1528 5269 1561 5319 It.
1581 5269 1611 5319 A.
1634 5269 1686 5330 arcs
1698 5268 1785 5319 Reaur
1800 5283 1843 5332 ge·

363 5342 495 5393 schrieden
581 5345 607 5406 x)
624 5345 643 5392 li
660 5343 722 5392 obe
739 5343 787 5393 cler
803 5342 872 5392 Zeila
888 5341 1075 5406 necbyarayen
1160 5341 1187 5406 y)
1204 5338 1260 5389 bier
1270 5339 1341 5404 folgt
1359 5355 1401 5387 am
1413 5337 1489 5388 Euda
1505 5339 1552 5388 der
1569 5342 1608 5388 16.
1627 5337 1681 5387 und
1698 5354 1729 5386 zo
1743 5337 1843 5400 Beyinn

364 5411 412 5461 der
429 5414 467 5462 17.
488 5410 649 5474 Schriflzeile
671 5411 703 5461 de
720 5409 842 5480 Arlcedo
863 5417 888 5462 et
909 5428 959 5460 oen
976 5411 1045 5460 einer
1063 5409 1146 5459 Hand
1163 5407 1256 5459 welche
1273 5409 1320 5458 der
1337 5407 1383 5458 da
1400 5408 1433 5458 lt.
1451 5405 1482 5459 A.
1505 5407 1605 5467 abach,
1629 5403 1842 5456 wairrrcbeinliclr

364 5483 405 5530 ein
429 5485 545 5545 spittercr
568 5480 660 5532 Zaeetz
762 5485 786 5542 z)
807 5497 871 5530 corr.
890 5497 937 5530 am
960 5479 1150 5530 commenditus
1254 5479 1280 5538 a)
1300 5477 1323 5527 A
1428 5478 1455 5540 b)
1473 5477 1523 5527 das
1546 5483 1610 5527 erate
1635 5492 1649 5525 e
1672 5491 1737 5524 corr.
1755 5491 1803 5522 eus
1826 5489 1841 5522 o

364 5552 389 5610 c)
407 5567 441 5615 ge
458 5549 520 5599 iiber
537 5549 584 5598 der
600 5549 669 5598 Zeila
686 5549 874 5614 ucchqetrcqm
962 5550 989 5614 d)
1009 5549 1070 5598 dnm
1088 5564 1135 5597 aaa
1153 5545 1260 5598 mue-ni
1275 5545 1359 5596 Worte
1376 5563 1451 5609 corr,
1468 5561 1562 5596 eoram
1577 5544 1636 5611 gebi
1654 5544 1738 5594 hletae
1754 5542 1843 5593 Resur

365 5619 390 5676 e)
410 5635 452 5668 em
476 5617 814 5669 declamaremus
837 5622 859 5668 is
963 5619 1011 5680 ui
1038 5615 1120 5666 durch
1142 5615 1231 5666 Remi·
1254 5631 1319 5665 corr.
1344 5632 1391 5664 aas
1414 5633 1428 5666 e
1532 5617 1558 5681 g)
1578 5616 1627 5665 aas
1648 5614 1735 5662 neate
1761 5613 1769 5660 i
1796 5610 1849 5672 aas

363 5686 460 5738 amur.

244 5814 429 5858 Kaiserurlruudeu
445 5816 462 5856 i.
1595 5791 1635 5846 44
