4508 6428
265 425 328 493 438
860 434 1310 494 KAISERURKUNDEN.

266 643 307 687 oet
329 619 466 685 dilectus
488 619 573 684 filius
595 617 822 684 willehelmus
845 633 1060 696 archiepiscopus
1082 649 1112 694 v,
1141 637 1171 682 ut
1199 631 1311 696 predicti
1340 617 1558 681 antecessoris
1586 635 1669 683 nostri
1692 633 1815 684 Letharii
1847 631 1928 695 regis

265 741 410 790 auctoritas
431 756 448 787 s
469 739 614 803 Karolique
637 724 681 806 pii
704 739 812 803 augusti
833 738 879 801 pia
900 735 1006 802 largitio
1029 751 1046 786 a
1067 741 1159 786 nostra
1182 736 1367 786 corroboretur
1390 735 1555 799 excellentia,
1584 736 1655 802 qnod
1677 743 1703 788 et
1725 751 1834 786 summa
1859 749 1928 785 con-

265 844 394 893 sensimus
416 841 603 892 benivolentia.
641 841 823 906 Volumnsque
845 858 861 890 6
884 821 995 900 [sicut]r
1015 840 1136 890 Lotharii
1158 841 1228 905 regis
1254 841 1399 889 auctoritas
1429 840 1537 902 retinet,
1571 846 1602 890 ut
1629 840 1661 891 de
1688 840 1837 891 nominatis
1869 839 1928 888 iam

265 947 286 993 1.
309 945 380 994 villis
402 944 435 994 de
457 931 528 993 omni
551 943 717 994 collaboratu
740 944 848 994 dominii
872 945 955 994 nostri
979 948 1005 993 et
1033 943 1142 1008 speciali
1170 943 1305 1008 peculiare
1335 945 1452 994 omniurn
1465 962 1468 967 ·
1481 945 1653 996 animantium
1680 950 1708 995 et
1734 945 1928 994 iumentorum

265 1065 311 1099 seu
335 1063 366 1097 ex
390 1048 460 1097 omni
484 1063 565 1097 censu
588 1063 813 1113 quarumcumque
835 1063 922 1097 rerum
946 1063 1007 1112 pars
1030 1062 1101 1097 nona
1123 1062 1140 1098 a
1162 1048 1288 1098 ministris
1310 1049 1427 1111 ipsarum
1450 1047 1587 1110 villarum,
1610 1048 1666 1100 sive
1688 1049 1715 1098 in
1736 1049 1809 1114 regis
1834 1047 1965 1096 domi-5

265 1154 337 1202 nium
360 1153 413 1201 sint
435 1153 492 1200 sive
514 1150 678 1215 quibuslibet
698 1151 819 1215 personis
841 1151 1045 1216 beneficientur,
1075 1153 1175 1218 absque
1198 1153 1360 1219 negligentia
1382 1153 1514 1204 tribuatur
1536 1154 1647 1219 ingiter,
1676 1159 1702 1203 et
1723 1157 1811 1204 rector
1838 1157 1927 1215 atque

264 1258 385 1320 provisor
406 1256 491 1320 ipsius
513 1254 614 1318 capelle
637 1255 717 1304 nichil
741 1271 772 1304 ex
796 1255 847 1304 hoc
868 1256 944 1320 quasi
968 1271 1045 1305 suum
1068 1258 1204 1320 proprium
1226 1249 1303 1306 nieiss
1325 1256 1359 1306 ad
1381 1243 1575 1322 disponendum
1591 1263 1617 1307 et
1632 1256 1809 1308 ordinandum
1827 1256 1925 1320 provi·

264 1359 431 1424 dentiumque
455 1363 481 1408 et
503 1359 572 1408 sicut
595 1374 665 1408 unus
688 1375 720 1408 ex
743 1359 803 1408 eliis
824 1359 952 1410 fratribus
975 1362 1026 1412 sibi
1049 1361 1179 1425 vendicet,
1202 1361 1248 1412 sed
1271 1361 1305 1410 ad
1323 1365 1422 1414 victum
1446 1369 1472 1414 et
1493 1365 1652 1414 vestimenta
1674 1379 1765 1414 eorum
1788 1368 1816 1412 et
1840 1361 1925 1411 lumi-

264 1465 340 1512 naria
358 1479 374 1510 s
392 1464 550 1527 pertineant.
583 1461 655 1512 Villa
677 1478 740 1512 vero
764 1465 981 1526 supranominata
1003 1466 1131 1515 Basienis
1153 1481 1213 1516 cum
1236 1483 1252 1514 s
1275 1466 1425 1531 integritate
1447 1479 1497 1516 sus
1518 1467 1575 1516 sine
1597 1466 1653 1516 ulls
1674 1467 1837 1516 retractione
1863 1465 1926 1513 sive

263 1567 438 1618 minoratione
455 1567 484 1614 in
501 1566 554 1614 iam
577 1547 673 1615 dictoh
696 1566 886 1630 perpetualiter
908 1570 936 1617 in
959 1569 1001 1618 dei
1024 1570 1131 1620 nomine
1153 1587 1212 1620 cum
1236 1575 1352 1620 mercato
1375 1585 1423 1621 suo
1447 1572 1575 1620 consistat
1597 1570 1713 1621 dominio
1731 1569 1858 1620 ecclesie.
1891 1567 1923 1617 Si
1948 1564 1982 1611 10

263 1672 322 1735 quis
351 1671 432 1735 igitur
461 1685 643 1719 successorum
671 1674 821 1720 nostrorum
844 1672 886 1721 vel
915 1673 1033 1737 quelibet
1055 1691 1071 1721 s
1093 1689 1207 1739 persons
1228 1675 1308 1724 huius
1331 1672 1505 1724 ordinationis
1527 1678 1616 1723 nostre
1639 1688 1717 1738 quam
1738 1687 1788 1736 pro
1812 1670 1925 1720 stabili-

264 1779 317 1823 tate
340 1773 452 1823 ecclesie
475 1772 517 1822 dei
540 1778 567 1822 et
589 1774 705 1822 omnium
728 1773 814 1823 salute
837 1773 894 1823 lieri
917 1775 1094 1839 decrevimus,
1117 1776 1266 1827 destructor
1288 1781 1367 1842 etque
1389 1776 1503 1827 violator
1525 1792 1582 1827 esse
1604 1777 1809 1841 presumpserit,
1834 1775 1924 1824 offen-

263 1893 319 1926 sam
342 1883 368 1926 et
389 1878 456 1925 iram
479 1876 521 1926 dei
544 1877 731 1941 omnipotentis
754 1891 786 1927 ac
807 1879 943 1942 genitricis
966 1879 1064 1929 domini
1087 1883 1170 1930 nostri
1193 1881 1255 1930 Iesn
1273 1880 1370 1930 Christi
1393 1880 1545 1930 beatissime
1568 1895 1670 1944 sempor
1691 1878 1805 1944 virginis
1829 1878 1923 1927 Maris

262 1980 393 2045 simulque
416 1981 533 2029 omnium
556 1984 707 2030 sanctorum
730 1982 860 2044 incurrat,
883 1957 1013 2046 nobisque
1035 1999 1083 2047 pro
1106 1984 1157 2034 hoc
1179 2000 1258 2049 opere
1281 1985 1378 2033 amoris
1401 1983 1443 2032 dei
1466 1988 1492 2032 et
1514 1982 1602 2032 studio
1625 1982 1731 2047 pietatis
1754 1979 1880 2047 perfecta
1905 1996 1924 2027 6

263 2064 410 2142 [manent]r
431 2087 522 2132 eterna
543 2082 694 2132 retribucio.
730 2083 766 2132 nt
788 2088 818 2132 ut
839 2083 890 2134 boc
912 2085 1001 2134 verius
1024 2085 1147 2135 credatur
1170 2091 1196 2136 et
1218 2085 1371 2152 diligentius
1394 2091 1572 2152 conservetur,
1595 2101 1674 2136 manu
1692 2086 1802 2151 propria
1822 2089 1924 2135 nostra
1947 2087 1978 2133 15

262 2186 354 2236 subter
372 2186 423 2236 hoc
441 2184 654 2235 confirmavimus
676 2180 867 2256 preceptum
888 2192 915 2236 et
937 2187 1025 2253 sigillo
1048 2195 1138 2240 nostro
1161 2191 1291 2255 assignari
1313 2191 1447 2239 iussimus.

367 2324 503 2410 Signum
525 2327 636 2391 domni
661 2325 791 2390 Ottonir
814 2328 878 2409 (Μ.)
899 2329 1011 2411 magni
1033 2337 1066 2393 et
1087 2329 1289 2392 invictissimi
1312 2329 1514 2413 imperatoris
1538 2329 1677 2412 augusti.

368 2445 560 2512 Liudolfusi
582 2445 797 2513 cancellarius
820 2447 969 2513 advicem
992 2447 1149 2515 Willelmi
1173 2448 1426 2534 archicapellani
1449 2450 1635 2533 recognovi.

363 2602 454 2667 Data
475 2621 564 2667 xlm.
588 2603 655 2668 kal.
678 2605 779 2670 marci
808 2626 894 2669 anno
924 2604 1085 2669 dominice
1112 2605 1346 2668 incarnationis
1374 2619 1584 2684 nccccnxvl,
1617 2601 1797 2666 indictione
1823 2619 1921 2683 vnn,

261 2727 347 2770 anno
371 2715 479 2771 autem
501 2709 592 2791 regni
614 2705 725 2772 domni
742 2708 873 2773 Ottonis
886 2725 989 2802 Ι6661,
1012 2708 1138 2793 imperii
1154 2729 1231 2772 vcro
1248 2725 1288 2790 v,
1312 2715 1420 2772 actum
1442 2707 1623 2790 Nuimsga3
1644 2707 1679 2769 in
1701 2704 1754 2769 dei
1777 2706 1922 2769 nomine
1942 2725 1977 2772 no

260 2807 397 2873 feliciter
419 2830 525 2874 emen.

1039 3048 1126 3123 3214.
1170 3091 1178 3108 ·

269 3205 350 3282 Orto
376 3207 516 3280 schenkl
541 3207 621 3281 dem
647 3205 792 3278 Kloster
817 3202 855 3280 S.
876 3204 1082 3278 Pantaleon
1108 3231 1153 3278 zu
1171 3205 1269 3277 Ko‘ln
1292 3203 1350 3279 die
1369 3204 1494 3303 Htilfte
1519 3205 1584 3278 der
1608 3205 1704 3278 Irisel
1729 3204 1807 3278 Urio
1835 3208 1924 3280 rond

259 3328 318 3400 eiu
344 3325 468 3403 Gebiet
492 3328 532 3400 in
558 3327 623 3400 der
656 3323 870 3425 Grcp‘scbost
899 3325 1051 3399 Elcberts
1083 3326 1163 3400 ond
1193 3325 1340 3399 verleilit
1371 3325 1450 3398 dem
1482 3323 1628 3398 Kloster
1660 3323 1820 3430 eupleicll
1855 3325 1921 3399 die

259 3448 492 3547 Zollfreiltet'l.
1562 3465 1735 3538 1966666966
1756 3497 1803 3564 ᾗ-
1824 3498 1871 3508 -
1938 3487 1973 3535 25

360 3654 514 3726 Absebn‘ft
537 3657 578 3713 im
602 3651 699 3714 06666
720 3653 913 3713 Froomwncli
934 3670 991 3714 eus
1014 3653 1080 3712 dem
1102 3654 1188 3716 Eride
1210 3655 1259 3715 cles
1281 3658 1332 3714 10.
1354 3653 1407 3714 Jli.
1437 3655 1470 3713 in
1497 3653 1550 3712 der
1574 3651 1713 3724 sitrstlicl
1738 3651 1915 3730 066669666-

365 3758 652 3818 Walterstciniscben
673 3757 841 3816 Bibliotbelc
862 3774 904 3815 66
925 3756 1101 3831 9166ὴὶ66966
1122 3756 1185 3836 (Α).

360 3894 514 3966 Birlisper
535 3895 568 3952 in
589 3891 666 3952 Arre.
691 3893 715 3963 f.
739 3891 850 3951 Kimdc
872 3892 924 3952 der
946 3894 1102 3954 deutschen
1126 3895 1241 3954 Voreeit
1264 3900 1315 3967 10,
1339 3899 1402 3957 166
1430 3914 1487 3956 aas
1516 3897 1544 3954 A
1567 3920 1607 3948 =
1630 3895 1729 3969 Beryti
1754 3893 1820 3956 OB.
1851 3915 1916 3956 von

361 3995 611 4067 Hellosrl1‚28
638 4001 673 4054 n⁰
695 3999 747 4066 39,
773 4020 810 4047 :-
835 3997 965 4055 Btbmer
991 3996 1067 4058 Acte
1093 3998 1198 4057 selecto
1226 4003 1246 4059 9
1274 4005 1308 4056 n⁰
1330 4003 1382 4070 12,
1407 4022 1447 4051 =
1471 3997 1549 4059 Sloet
1576 3997 1639 4059 OB.
1666 4015 1725 4057 vos
1750 3997 1839 4058 Gelre
1869 4004 1914 4061 95

360 4105 395 4156 n⁰
417 4103 489 4158 101.
512 4132 556 4140 -
578 4098 707 4173 Stwmpf
725 4099 796 4173 Rep.
821 4103 892 4160 101.
1933 4122 1970 4169 3ο

362 4236 456 4296 Solon
478 4237 586 4295 Ficker
608 4237 703 4296 Beitr.
727 4243 757 4308 1,
781 4240 843 4298 159
871 4238 963 4297 66166
990 4256 1031 4297 on
1059 4239 1127 4299 rioss
1156 4241 1203 4298 ilie
1223 4239 1504 4312 Uneollstciodiplreit
1527 4239 1580 4298 cler
1599 4238 1754 4311 Delirunp
1776 4238 1841 4308 aes
1862 4239 1914 4298 die

363 4339 512 4410 Ursolirift
534 4340 716 4414 6669699666
736 4341 801 4399 sord
822 4341 871 4399 ‹lie
893 4341 984 4414 Foloe
1005 4347 1185 4416 6666966666
1205 4344 1425 4418 9669666969
1446 4346 1498 4414 sei,
1522 4343 1591 4403 dass
1614 4343 1662 4401 ilie
1676 4341 1846 4416 Hondlimp
1870 4363 1913 4403 zu

360 4442 531 4516 Nimwepen
553 4445 595 4501 im
617 4445 755 4504 Februor
777 4448 840 4505 966
868 4443 1090 4516 stanpensem
1115 4445 1195 4515 labe,
1227 4446 1275 4504 ilie
1296 4445 1525 4518 Beerliuodunp
1549 4445 1653 4519 jedoclr
1675 4448 1732 4504 ersi
1754 4446 1833 4503 sach
1856 4445 1913 4504 der

359 4547 607 4621 Kaiserlrrtinenp
622 4548 687 4608 Otto
703 4557 743 4610 11.
760 4549 867 4622 ersolpt
881 4549 933 4606 sei.
956 4547 1046 4606 Diese
1060 4548 1234 4622 Eriliirunp
1249 4549 1299 4607 des
1313 4550 1503 4607 solieinbareri
1522 4549 1745 4620 Wiclerspruclrs
1759 4551 1913 4608 6666661666

360 4649 415 4707 (len
433 4649 494 4721 oef
512 4653 575 4710 966
598 4652 814 4710 bleweisemles
837 4652 1181 4725 Jolrresbeseicliriunpen
1203 4653 1266 4711 6666
1289 4653 1354 4710 dein
1378 4650 1444 4709 Otto
1459 4660 1500 4711 ΙΙ.
1526 4653 1695 4725 6669669666
1715 4651 1791 4710 litet
1812 4651 1910 4722 findet
1931 4669 1967 4718 35

359 4754 422 4811 ihre
442 4753 514 4812 eolle
537 4754 734 4828 Bestci‘tiponp
756 4757 789 4813 in
811 4755 863 4812 der
885 4754 1117 4825 Beseboffeolieit
1140 4755 1190 4814 des
1212 4756 1362 4826 Dictator,
1397 4755 1512 4814 welches
1539 4773 1609 4813 6666
1640 4754 1726 4813 Tlreil
1752 4771 1808 4812 666
1835 4756 1909 4814 LK.

358 4859 480 4915 stommt
502 4857 567 4915 66ιά
591 4858 698 4930 pende
720 4860 753 4915 66
776 4859 869 4916 666666
891 4858 1009 4915 Perille
1031 4857 1065 4934 (s.
1089 4857 1155 4916 DO.
1179 4857 1256 4936 318)
1281 4859 1468 4930 Entstcbeep
1494 4876 1535 4916 66
1557 4858 1675 4934 Beqiss
1702 4856 1752 4914 iles
1782 4857 1816 4916 J.
1843 4861 1911 4918 966

357 4961 492 5030 66666616,
525 4977 596 5018 sem
624 4959 754 5018 anderen
785 4961 885 5019 Tbeile
911 4961 982 5018 oter
1012 4960 1077 5018 ders
1105 4965 1164 5020 erst
1186 4963 1250 5020 968
1279 4963 1312 5018 iri
1341 4960 1394 5017 der
1415 4959 1544 5019 Konelei
1564 4959 1802 5018 mcbweisboren
1827 4961 1909 5021 WB.

360 5062 395 5142 (s.
412 5065 510 5122 Neues
525 5061 635 5124 Archiv
652 5066 679 5133 1,
697 5059 772 5140 468)
797 5063 931 5136 66966696
953 5063 1068 5121 werden
1090 5081 1181 5123 mess.
1217 5064 1260 5122 Es
1283 5065 1322 5122 ist
1344 5063 1406 5120 also
1428 5063 1560 5134 offertor
1582 5064 1692 5148 bereits
1707 5063 1749 5120 im
1763 5063 1912 5122 Februer

360 5171 423 5228 966
445 5184 502 5224 666
523 5166 591 5223 LK.
616 5167 664 5223 666
681 5163 803 5238 0666696
825 5165 991 5238 6699666666
1013 5165 1076 5224 end
1097 5166 1174 5224 eecli
1196 5168 1250 5224 rsit
1265 5167 1465 5238 19666966ιὲ66,
1489 5167 1542 5224 der
1559 5165 1739 5238 Ortsonpobe
1760 5165 1827 5222 end
1851 5170 1910 5226 mit
1930 5185 1968 5232 40

359 5273 474 5343 cinipeu
500 5268 745 5326 Zeitmerlrmoles
766 5270 901 5327 verselien
923 5269 1056 5339 worden,
1084 5269 1190 5342 jedocb
1211 5269 1305 5326 durch
1327 5269 1420 5341 cinips
1442 5268 1537 5328 Jalrre
1559 5269 1651 5340 liepen
1675 5267 1826 5341 9666666666
1850 5271 1909 5340 bis,

358 5391 441 5432 66666
464 5373 511 5431 dic
526 5370 704 5443 Eitlrciluep
726 5389 781 5428 eon
803 5371 868 5430 DO.
885 5375 949 5431 358
971 5371 1082 5431 Astoss
1102 5374 1225 5446 9696666
1247 5372 1341 5429 liabeo
1364 5387 1440 5442 6669,
1467 5371 1547 5430 WB.
1571 5373 1625 5430 mit
1640 5371 1693 5429 cler
1707 5369 1912 5447 Aosstellmiq

358 5476 408 5535 des
430 5475 471 5534 D.
495 5473 665 5546 bcoostropt
688 5475 798 5534 werde.
844 5475 951 5534 Dieser
973 5475 1154 5533 reicderlrolte
1176 5474 1230 5532 ilos
1252 5473 1401 5532 Protolroll
1423 5473 1471 5531 des
1494 5473 1563 5533 LK.
1587 5492 1619 5533 so
1643 5491 1743 5548 96666
1772 5474 1845 5534 dass
1876 5493 1913 5534 er

340 5643 399 5697 ³23.
425 5643 534 5763 2„de
543 5642 728 5762 ll'lddeiytiuat
825 5643 853 5710 g)
872 5643 955 5694 nichil
973 5641 1032 5704 AB,
1049 5640 1187 5692 6666666666
1202 5637 1271 5689 noch
1286 5635 1345 5689 VU.
1439 5639 1467 5702 h)
1491 5639 1555 5706 Va,
1574 5641 1661 5692 dicato
1679 5639 1730 5691 AB
1827 5643 1850 5704 i)
1872 5643 1909 5710 B,
1930 5647 1968 5696 45

450 5729 477 5764 ui
497 5729 512 5764 ο
524 5729 541 5778 p
562 5728 593 5762 us
636 5747 643 5760 .
