4560 6420
866 427 991 483 ΟΤΤΟ
1015 429 1038 482 Ι.
1062 424 1134 482 947.
1763 419 1824 483 175

175 631 248 674 cam
275 608 436 692 eiusdem,
471 631 569 694 quam
597 607 764 693 praefatus
795 609 930 672 antistes
959 617 1033 671 ante
1064 606 1227 671 sublatam
1249 609 1404 692 restituit,
1439 610 1486 672 sic
1509 619 1541 672 et
1564 609 1726 674 Salsurias
1749 634 1823 676 cum

174 713 366 778 ecclesiast
391 714 477 776 omni
501 711 706 798 appenditio,
742 709 834 775 Silini
858 734 986 798 quoque
1009 721 1133 776 curtem
1156 735 1230 776 eum
1252 712 1392 776 ecclesia
1419 736 1517 799 quam
1546 714 1694 779 similiter
1720 717 1823 780 isdem

174 820 347 903 episcopus
371 815 558 901 dapsilitate
581 838 640 879 sua
662 815 819 880 hactenus
841 814 986 879 ablatam
1008 816 1213 898 reformavit,
1237 825 1269 879 ct
1292 815 1475 881 Grimauldi
1499 839 1649 882 mansum
1672 841 1746 883 cum
1768 842 1824 904 ap-

175 920 326 1007 penditiis
351 922 432 1002 suis,
463 929 495 983 et
517 917 706 1005 Cripiacum
728 941 802 983 cum
827 918 1024 1004 appenditiis
1048 921 1114 983 suis
1137 930 1265 1005 praeter
1287 920 1475 1004 ecclesiam,
1502 922 1677 988 Mannonis
1701 933 1824 988 curtem

140 1038 156 1085 0
175 1047 248 1089 cum
270 1023 410 1088 ecclesia
432 1046 474 1087 ex
497 1024 633 1107 integro,
658 1023 804 1087 similiter
826 1021 980 1087 Stadonis
1004 1032 1036 1086 et
1058 1022 1238 1103 Blandonis
1261 1025 1295 1088 in
1318 1024 1566 1091 Bladanacum⁰
1588 1050 1662 1091 cum
1685 1027 1824 1091 ecclesia

175 1138 207 1192 et
228 1127 397 1209 Masellos,
431 1125 664 1191 Martiniacum
686 1148 761 1190 cum
788 1125 943 1207 ecclesia,
973 1126 1030 1189 sed
1053 1136 1085 1190 et
1107 1137 1226 1192 terram
1248 1130 1281 1191 in
1302 1129 1450 1194 Boviaco
1474 1153 1516 1194 ex
1539 1141 1607 1196 toto
1631 1153 1729 1217 quam
1753 1129 1825 1214 Syl-

174 1243 280 1297 vester
301 1254 359 1317 per
381 1231 574 1317 prestariam
597 1232 716 1310 tenuit,
746 1227 828 1293 duos
852 1251 981 1314 quoque
1002 1251 1135 1294 mansos
1158 1233 1192 1295 in
1213 1230 1366 1295 Mediano
1389 1234 1462 1296 vico
1486 1233 1541 1298 ubi
1565 1233 1689 1298 salinae
1712 1256 1825 1298 eorum

175 1336 288 1401 usibus
316 1336 423 1400 editae
452 1346 542 1416 sunt,
577 1357 658 1419 quos
682 1343 714 1398 et
737 1335 783 1396 eis
806 1330 1043 1417 Christophora
1066 1332 1231 1418 quondam
1260 1332 1363 1416 dedit,
1399 1344 1431 1398 11
1459 1346 1585 1421 partem
1614 1336 1711 1401 villae
1741 1358 1824 1422 quae

175 1440 293 1504 dicitur
308 1439 511 1522 Alteravilla,
535 1461 632 1525 quam
649 1459 746 1522 saepe
763 1437 850 1500 fatus
873 1437 1078 1501 venerandus
1101 1438 1250 1523 pontifex
1272 1461 1384 1503 eorum
1407 1439 1519 1505 usibus
1543 1442 1746 1526 profuturam
1768 1441 1824 1505 ad-

124 1552 157 1600 10
174 1545 264 1624 11111,
298 1555 417 1608 terram
445 1565 573 1629 quoque
603 1551 635 1605 et
661 1551 756 1626 prata
785 1564 868 1626 quae
898 1550 973 1605 sunt
1000 1544 1033 1606 in
1062 1541 1127 1606 fine
1154 1541 1250 1606 villae
1280 1565 1363 1629 quae
1394 1554 1531 1609 vocatur
1552 1546 1759 1629 Ursuvacus,
1793 1556 1825 1610 ct

175 1647 308 1711 alodum
338 1650 392 1733 qui
414 1655 551 1712 vocatur
573 1647 745 1710 Nautianis
774 1648 884 1728 curtis,
908 1667 1005 1730 quam
1028 1645 1132 1711 abbas
1157 1646 1330 1712 Odalricus
1353 1659 1385 1712 11
1408 1660 1511 1715 mater
1532 1653 1601 1716 eius
1624 1653 1697 1716 Eva
1719 1651 1825 1716 eidem

174 1750 248 1816 loco
278 1750 498 1833 contulerunt,
532 1772 682 1814 mansum
705 1759 813 1813 autem
837 1748 992 1834 Stephani
1015 1751 1048 1813 in
1072 1748 1165 1815 Silini
1189 1762 1279 1814 curte
1308 1773 1382 1816 cum
1413 1754 1563 1820 omnibus
1593 1755 1750 1842 quidquid
1778 1754 1823 1819 ibi

174 1855 294 1920 habere
317 1855 406 1920 visus
429 1864 488 1920 est.
524 1852 741 1920 Concedimus
765 1875 894 1940 quoque
916 1853 991 1936 illis,
1015 1856 1099 1919 sicut
1121 1856 1155 1917 in
1178 1854 1355 1939 privilegiis
1378 1856 1607 1943 episcoporum
1631 1861 1824 1941 continetur,

173 1962 208 2024 in
230 1958 308 2024 villa
332 1982 415 2045 quae
439 1958 558 2024 dicitur
572 1959 669 2022 Petra
690 1981 733 2022 ex
755 1959 933 2043 piscatoria
955 1959 1101 2044 episcopi
1127 1980 1192 2023 una
1216 1979 1344 2043 quaque
1366 1958 1574 2026 hebdomada
1597 1961 1678 2027 duas
1701 1972 1824 2044 noctes,

125 2076 234 2128 111111
263 2067 370 2129 minus
399 2063 475 2128 huic
503 2072 633 2127 nostrae
662 2063 845 2125 autoritatis
874 2071 1049 2147 praecepto
1079 2060 1337 2125 confirmandum
1370 2061 1588 2147 decrevimus,
1621 2075 1657 2130 ut
1687 2065 1826 2129 ecclesia

175 2170 279 2234 sancti
302 2168 466 2232 Mansueti
489 2188 572 2253 quae
595 2174 645 2230 est
667 2167 730 2229 sita
751 2167 785 2229 in
808 2163 963 2230 suburbio
987 2164 1133 2229 eiusdem
1156 2166 1312 2247 civitatis,
1348 2187 1368 2228 a
1390 2168 1537 2252 praefato
1558 2168 1736 2233 venerabili
1759 2169 1825 2254 epi-

176 2293 276 2357 scopo
300 2293 339 2335 ea
361 2271 487 2336 ratione
510 2270 615 2335 eidem
637 2269 710 2334 loco
734 2268 865 2351 collata,
888 2278 924 2333 ut
946 2292 988 2333 ex
1010 2269 1133 2333 eisdem
1156 2269 1325 2334 monachis
1348 2269 1447 2357 aliqui
1471 2270 1532 2336 deo
1556 2283 1588 2336 et
1604 2284 1716 2338 sancto
1732 2274 1825 2340 Man-

176 2385 267 2442 111110
291 2375 492 2458 deserviant,
516 2397 590 2440 cum
614 2373 764 2439 omnibus
787 2396 870 2459 quae
892 2373 938 2437 ibi
961 2373 1112 2457 contulit,
1141 2383 1298 2459 perpetuo
1321 2375 1390 2438 iure
1412 2374 1517 2458 cedat,
1542 2387 1573 2440 et
1596 2375 1725 2441 decreto
1749 2398 1826 2440 con-

174 2479 341 2544 firmamus
364 2488 400 2544 ut
427 2477 534 2542 nullus
564 2476 719 2562 deinceps
750 2476 791 2540 de
818 2478 897 2562 ipsis
925 2475 1022 2541 rebus
1053 2477 1220 2542 auferendi
1249 2487 1444 2564 potestatem
1471 2479 1605 2562 habeat,
1640 2480 1721 2545 haec
1751 2491 1826 2545 sunt

123 2585 289 2648 advineae
311 2601 352 2648 11]
374 2583 408 2646 in
425 2579 530 2646 Barro
554 2592 586 2646 et
608 2580 757 2646 manselli
780 2597 807 2643 11
830 2589 861 2643 et
883 2579 1022 2643 ecclesia
1044 2582 1077 2644 in
1093 2581 1254 2646 Barreuse
1277 2586 1433 2648 comitatu
1451 2585 1484 2648 in
1499 2582 1578 2648 villa
1601 2606 1684 2668 quae
1708 2583 1827 2649 dicitur

175 2687 374 2772 Masangias,
398 2686 555 2752 etaltera
579 2708 661 2771 quae
684 2686 788 2749 estin
812 2683 944 2748 Silfiaco
968 2683 1055 2767 villa,
1079 2693 1111 2748 et
1134 2684 1292 2771 quidquid
1316 2688 1359 2752 ad
1382 2711 1437 2752 eas
1460 2689 1602 2772 respicit,
1627 2697 1659 2751 et
1677 2687 1824 2753 homines

174 2813 249 2855 cum
271 2791 430 2856 uxoribus
453 2800 485 2855 et
509 2791 595 2855 omni
618 2810 730 2853 eorum
752 2789 943 2872 posteritate
966 2811 1105 2873 quorum
1126 2789 1207 2853 haec
1232 2800 1306 2854 sunt
1327 2790 1504 2855 vocabula:
1528 2790 1705 2874 Hildulfus,
1721 2791 1826 2856 Vene-

174 2895 311 2977 raudus,
334 2892 489 2958 Albricus
511 2904 543 2957 et
565 2891 765 2974 Rainardus,
799 2889 909 2955 Millus
939 2913 1067 2977 quoque
1095 2913 1170 2956 cum
1198 2915 1302 2958 uxore
1325 2904 1357 2958 et
1377 2893 1453 2959 filiis
1476 2904 1508 2958 et
1530 2917 1644 2958 manso
1668 2917 1726 2959 suo
1751 2917 1826 2959 cum

174 2997 370 3084 appenditiis
400 3000 466 3062 suis
495 2998 690 3061 et1vinea.
735 2995 907 3058 Praeterea
937 2997 1107 3059 statuimus
1141 3004 1177 3058 ut
1206 2999 1372 3062 servitium
1402 2997 1483 3062 illud
1513 2996 1600 3084 quod
1634 3021 1692 3083 per
1720 2985 1849 3063 annos

124 3117 157 3164 25
176 3101 321 3186 singulos
353 3101 395 3166 ab
426 3099 687 3165 antecessoribus
716 3101 784 3163 eius
814 3097 1007 3181 exigebatur
1029 3107 1061 3162 et
1083 3099 1144 3163 iste
1166 3100 1311 3183 ingenita
1338 3099 1485 3165 bonitate
1509 3100 1549 3165 de
1571 3100 1696 3185 reliquo
1719 3103 1826 3166 remit-

175 3207 307 3272 tendum
337 3208 478 3288 censuit,
513 3215 548 3270 ut
575 3205 709 3270 liberius
737 3203 853 3267 fratres
882 3201 962 3267 inibi
986 3201 1046 3267 deo
1072 3205 1244 3287 servirent,
1277 3204 1385 3269 nullus
1415 3206 1568 3291 deinceps
1595 3207 1825 3291 episcoporum

175 3318 363 3396 praesumat
385 3311 525 3393 exigere,
548 3309 611 3372 nisi
634 3317 760 3372 tantum
782 3304 871 3391 quod
893 3307 963 3391 ipse
985 3327 1087 3370 causa
1110 3306 1381 3372 demonstrandae
1405 3307 1615 3372 subiectionis
1638 3309 1776 3372 instituit
1794 3316 1826 3372 et

176 3417 297 3500 scripto
328 3413 544 3482 confirmavit.
588 3413 681 3477 Haec
712 3413 810 3496 igitur
840 3412 949 3474 omnia
978 3421 1153 3496 praecepto
1183 3411 1384 3476 celsitudinis
1412 3421 1544 3476 nostrae
1572 3410 1723 3478 habenda
1755 3435 1825 3498 per·

176 3517 347 3605 petualiter
376 3519 548 3582 steterimus
579 3527 612 3580 et
641 3515 764 3602 absque
793 3513 1024 3599 inquietudinis
1053 3515 1226 3581 cuiuslibet
1254 3516 1404 3583 molestia
1434 3515 1634 3603 possidenda
1667 3520 1826 3603 perpetim

125 3640 158 3688 30
177 3621 393 3704 decernimus,
429 3631 557 3684 servata
586 3620 629 3684 ad
657 3621 796 3705 primum
826 3626 960 3682 sanctae
983 3618 1107 3683 Mariae
1130 3629 1304 3705 perpetuae
1331 3623 1466 3705 virginis
1494 3621 1646 3707 beatique
1670 3621 1825 3707 Stephani

176 3727 424 3810 protomartyris
441 3722 560 3788 Christi
584 3731 681 3807 atque
703 3723 825 3808 proprii
850 3721 1009 3806 praesulis
1032 3721 1198 3805 fidelitate,
1223 3745 1243 3786 a
1266 3725 1358 3787 cuius
1382 3722 1526 3788 dominio
1546 3733 1642 3807 atque
1662 3725 1825 3787 senioratu

138 3809 141 3816 .
175 3850 235 3891 nec
264 3850 377 3912 regum
407 3827 542 3915 quilibet
569 3849 630 3891 nec
660 3826 792 3891 alterius
823 3827 1006 3910 cuiuspiam
1028 3848 1188 3911 personae
1211 3835 1357 3911 potestas
1380 3827 1519 3913 praefati
1543 3829 1660 3912 poterit
1682 3827 1746 3891 loci
1769 3850 1826 3891 un·

176 3953 274 4016 quam
308 3930 496 3995 subtrahere
529 3930 808 4014 gubernationem.
859 3929 905 3993 Ut
936 3925 1046 3993 autem
1079 3929 1175 3994 huius
1209 3931 1468 3996 confirmationis
1502 3941 1634 3994 nostrae
1669 3933 1826 3995 autoritas

175 4034 298 4099 firmior
318 4032 478 4098 habeatur
500 4036 723 4119 potioremque
746 4035 780 4096 in
803 4032 855 4095 dei
877 4033 1009 4096 nomine
1032 4055 1090 4118 per
1113 4033 1322 4098 succedentia
1344 4043 1493 4121 tempora
1520 4033 1682 4098 firmitatis
1705 4057 1826 4099 merea-

126 4153 160 4202 35
177 4146 229 4201 tur
245 4136 390 4201 obtinere
406 4139 560 4221 vigorem,
583 4158 682 4200 manu
697 4137 831 4221 propria
845 4157 918 4200 eam
941 4135 1052 4200 subter
1066 4135 1266 4201 firmavimus
1290 4137 1465 4225 annulique
1488 4140 1590 4203 nostri
1615 4140 1826 4223 impressione

175 4239 286 4306 subter
313 4238 447 4325 sigillari
470 4241 632 4304 iussimus.

279 4377 415 4462 Signum
438 4375 550 4440 domni
574 4375 705 4441 Ottonis
728 4377 924 4441 serenissimi
947 4378 1042 4461 regis.

277 4482 368 4547 Brun
391 4482 608 4547 cancellarius
631 4482 780 4547 advicem
802 4482 960 4546 Friderici
985 4481 1237 4569 archicapellani
1260 4484 1448 4567 recognovi.

279 4621 370 4684 Data
385 4638 436 4684 111.
451 4642 557 4684 nonas
573 4622 702 4704 augusti
718 4642 804 4684 anno
821 4619 1004 4684 dominicae
1019 4622 1255 4685 incarnationis
1274 4619 1420 4685 11011111ο
1443 4635 1667 4684 nccccxcvm
1678 4616 1701 4700 d,
1724 4617 1825 4682 indie-

125 4723 263 4790 atione
286 4741 342 4806 111,
364 4733 520 4808 regnante
544 4721 664 4789 Ottone
686 4746 762 4808 rege
785 4745 871 4788 anno
896 4741 953 4807 1113
976 4734 1086 4789 actum
1108 4723 1306 4807 Tuzahha⁰3
1332 4725 1366 4788 in
1388 4723 1439 4787 dei
1462 4725 1593 4787 nomine
1616 4742 1722 4785 amen.

971 4932 1033 5009 93.

187 5084 266 5161 0110
288 5099 372 5160 aetat
392 5084 458 5161 das
481 5085 625 5160 Kloster
647 5069 872 5161 Ecbtcrnach
893 5087 1025 5160 wieder
1047 5089 1087 5159 in
1110 5085 1180 5158 deu
1203 5086 1320 5159 Besitz
1347 5085 1407 5159 das
1438 5083 1539 5180 Ortes
1562 5085 1729 5161 Iliadem
1756 5087 1824 5161 ein.
1889 5115 1891 5120 ·

1407 5230 1503 5303 Tuscu
1526 5233 1590 5289 947
1611 5227 1730 5301 Ausust
1753 5232 1781 5287 4.

284 5417 531 5494 Originaldiplom
553 5420 587 5476 ia
609 5417 662 5477 der
684 5415 927 5479 Stadtbibliothelr
948 5437 988 5477 aa
1014 5419 1100 5478 Trica·
1123 5415 1186 5497 (A).

127 5568 161 5619 40
280 5557 432 5616 1111111νί11
453 5557 518 5616 suad
539 5557 664 5616 Moerea
685 5557 745 5617 Die
759 5558 911 5618 Eredioec.
928 5557 1008 5615 111111
1029 5562 1059 5628 3,
1084 5561 1125 5617 40
1147 5563 1181 5615 a⁰
1196 5561 1238 5617 13
1259 5573 1316 5615 asa
1331 5553 1484 5626 Absclrrift
1506 5573 1546 5613 aa
1569 5559 1641 5616 948.
1668 5587 1705 5598 -
1730 5555 1828 5629 cher

280 5724 322 5780 02.
351 5727 418 5792 c)A
522 5729 549 5792 d)
568 5728 768 5782 uccoctvmd
873 5731 898 5792 e)
917 5729 1039 5780 Eutzhha
1055 5727 1088 5782 A.
