4560 6420
832 399 957 456 ΟΤΤΟ
979 399 1003 456 1.
1028 394 1219 457 ess-955.
1786 395 1850 459 255

303 581 351 640 en
364 582 630 656 annaneane
651 587 722 642 sees
743 584 848 656 nana
868 583 984 657 yeneno
1005 584 1094 655 nee,
1116 563 1179 643 stu
1200 586 1233 642 a
1255 584 1320 642 am
1342 585 1446 644 neon
1466 603 1525 645 oe
1548 587 1710 645 sesam
1731 587 1770 645 n.
1794 605 1849 645 von

303 687 399 744 εεννιεν
420 685 512 744 Haud
533 704 574 744 eu
596 688 677 743 ἄνεν
697 687 813 744 andan
827 687 1085 760 Berecbnmtpsart
1106 688 1237 761 beqaemt
1259 689 1352 747 beben
1374 689 1436 748 soll.
1476 690 1539 747 Von
1552 690 1663 748 celeber
1677 691 1850 764 Erwdqmro

304 790 471 862 ornyeheod
492 790 599 848 tonate
621 809 692 848 mna
713 789 813 850 DDO.
837 793 1018 850 173-175
1041 792 1107 849 dem
1130 791 1162 850 J.
1187 793 1249 850 955
1271 795 1420 851 aawdsen
1441 793 1505 850 aad
1527 810 1558 852 so
1581 793 1709 851 ordonn:
1731 793 1770 851 D.
1795 793 1851 864 fiir

304 893 463 951 Fisclrbeck
489 897 539 952 10.
564 893 702 962 Januar,
738 893 794 964 far
818 895 988 967 ibietpreht
1010 900 1061 954 31.
1085 894 1221 967 nonest,
1256 895 1312 966 fer
1334 895 1417 954 Cltar
1436 899 1488 954 28.
1512 896 1685 966 December,
1720 913 1752 955 so
1780 896 1850 954 dass

304 997 383 1054 nicht
406 995 484 1067 LA,
508 997 635 1055 sondern
657 997 723 1054 ΕΒ.
747 997 792 1055 als
816 997 969 1056 Selrreiber
989 1016 1045 1056 eon
1066 997 1132 1056 DO.
1149 1003 1212 1057 174
1235 1000 1283 1057 die
1305 999 1520 1070 antinpirende
1537 1000 1731 1074 Bereclmsmq
1746 1001 1852 1058 wieder

302 1101 531 1175 oafqenommeu
552 1103 640 1161 hdtte.
678 1101 759 1160 Olme
776 1103 855 1161 diese
869 1103 1057 1176 Anordnunq
1075 1103 1225 1176 qerodeeu
1246 1102 1408 1173 oerwersen
1429 1093 1480 1160 aa
1492 1103 1602 1174 wellen,
1627 1105 1699 1162 bobo
1714 1105 1760 1162 iob
1775 1104 1851 1162 mnis

305 1203 360 1274 fitr
381 1205 430 1262 die
451 1205 560 1263 andere
582 1222 638 1264 aas
661 1204 816 1278 foleenden
841 1206 986 1264 θνᾱνιᾶενν
1009 1207 1200 1264 entscbieden.
1245 1207 1297 1264 Ich
1318 1207 1414 1264 oraine
1436 1206 1522 1277 dass,
1550 1225 1634 1264 wasa
1655 1208 1764 1266 einmol
1785 1207 1852 1265 dem

305 1308 470 1380 historicen
484 1307 623 1366 Belieben
644 1307 696 1365 der
718 1308 868 1366 einzelnen
882 1309 995 1368 Notore
1016 1311 1050 1366 in
1072 1309 1180 1367 diesem
1194 1310 1311 1368 Pemlote
1332 1309 1425 1367 durch
1447 1312 1511 1367 eine
1525 1310 1582 1368 olle
1597 1311 1743 1369 biodende
1757 1311 1851 1368 Norm

305 1412 354 1467 eia
375 1409 462 1469 Ενιᾶε
480 1412 612 1484 pernoctet
635 1411 744 1481 wurdt,
767 1411 834 1469 LA.
858 1429 890 1470 so
910 1416 964 1485 yut
987 1414 1041 1469 wie
1063 1413 1129 1471 LE.
1153 1413 1217 1470 aad
1238 1411 1340 1484 ospes
1361 1413 1423 1470 sich
1441 1412 1547 1486 qesdet
1568 1414 1663 1472 haben
1683 1414 1774 1484 Ινᾶνννν,
1797 1416 1852 1472 soie

306 1531 338 1570 er
360 1513 437 1570 deam
458 1513 631 1586 jedensolls,
660 1515 792 1572 insoweit
813 1531 847 1572 εν
867 1515 944 1572 autb
964 1515 1038 1572 nocte
1059 1517 1092 1572 in
1114 1515 1172 1572 dea
1193 1514 1349 1588 folpenden
1372 1515 1490 1574 Jatren
1511 1517 1557 1574 als
1578 1516 1716 1575 Dictator
1737 1534 1777 1574 on
1800 1517 1853 1575 der

307 1616 409 1674 Arbeit
431 1616 484 1675 der
505 1617 634 1675 Kanelei
656 1618 801 1690 belbeiliqt
824 1635 894 1687 war,
917 1619 996 1674 seiae
1019 1616 1141 1687 frehero
1158 1616 1353 1689 dassassanq
1374 1619 1455 1675 nicht
1476 1619 1559 1675 otebr
1578 1637 1637 1676 aar
1655 1617 1784 1691 Geltunq
1803 1635 1852 1692 ye-

307 1721 407 1778 broelrt
429 1721 489 1780 hot.
530 1721 674 1780 Zweiteas
696 1723 797 1794 briuqe
819 1721 865 1778 ich
887 1719 980 1778 darete
1001 1723 1117 1778 manen
1139 1719 1256 1778 Amata
1283 1720 1332 1778 die
1360 1720 1703 1794 Johresbeaeiehnanqea
1728 1723 1762 1779 ia
1783 1720 1851 1780 DO.

307 1828 371 1882 173
398 1825 471 1883 necle
497 1843 547 1883 om
575 1825 689 1883 abeston
715 1827 748 1882 in
776 1824 935 1898 Etnlrlooq.
980 1825 1040 1883 Die
1060 1825 1306 1883 Rbnrereioseolel
1332 1823 1451 1894 sreiliels
1480 1825 1590 1882 totnmt
1611 1824 1697 1882 dobei
1718 1825 1797 1882 aiem
1820 1827 1853 1881 ia

307 1927 455 1997 Betracltt,
480 1928 558 1986 dean
580 1928 645 1986 LA.
669 1928 720 1985 hot
742 1930 776 1985 in
797 1927 854 1985 ulle
873 1927 1036 1987 Urleundea
1057 1930 1155 1986 seiner
1169 1928 1261 1985 Hand
1279 1928 1483 2002 qleicbmdssiq
1506 1928 1555 1987 die
1577 1933 1607 1988 7.
1623 1929 1774 1988 Indiction
1790 1931 1853 1986 ein-

305 2033 453 2103 qetroyen,
478 2048 538 2090 roos
560 2032 637 2089 oncle
650 2031 718 2091 IaB.
741 2033 775 2089 in
791 2030 858 2090 n0.
875 2036 937 2091 171
959 2032 1125 2090 ooeboltmt.
1160 2031 1226 2090 Dos
1240 2031 1406 2104 Αενενῄᾶἄν
1428 2033 1491 2092 954
1514 2033 1585 2090 eber
1606 2033 1766 2104 entspn'cltt
1788 2032 1853 2090 ἄεννν

306 2135 496 2206 sisinninm
515 2138 568 2196 20.
587 2137 864 2209 Reyierunquolrre.
907 2135 975 2195 Une
996 2136 1111 2194 endlielr
1132 2135 1244 2193 erltldrt
1265 2136 1327 2193 sich
1348 2135 1401 2192 der
1421 2135 1510 2192 schoa
1535 2136 1681 2194 owdbnte
1709 2135 1854 2194 Uosstand

307 2237 376 2296 dass
404 2239 489 2296 keine
515 2239 656 2298 Urlrrmde
682 2241 736 2296 mit
764 2239 830 2296 dem
856 2242 907 2298 19.
930 2238 1199 2312 Reqiermtquolrre
1225 2237 1359 2310 vallent,
1393 2254 1443 2294 am
1471 2237 1652 2308 leiebtesten,
1686 2255 1771 2296 wem
1799 2240 1855 2296 wir

307 2340 354 2398 die
381 2342 567 2415 Normirany
594 2342 688 2401 dieses
716 2343 848 2400 Punlctes
875 2343 920 2400 als
948 2343 1024 2400 auch
1052 2342 1108 2413 sur
1134 2341 1201 2400 M.
1230 2339 1420 2413 mossqebend
1445 2342 1499 2398 mit
1522 2340 1575 2398 ἄεν
1595 2341 1784 2401 Wiederlrebr
1804 2341 1854 2400 des

307 2444 527 2517 Epocoaeayes
550 2447 592 2502 im
615 2445 647 2504 J.
665 2449 727 2506 954
750 2448 784 2503 ia
808 2447 1065 2520 neumnensium
1088 2448 1219 2520 baianen

156 2671 191 2717 20
310 2647 369 2728 (C.)
392 2649 407 2731 l
427 2647 467 2711 ln
489 2650 621 2712 nomine
645 2657 778 2712 sanctae
806 2658 839 2712 et
859 2647 1049 2714 individuae
1076 2649 1240 2712 trinitatis.
1265 2645 1343 2712 Otto
1364 2647 1476 2714 divina
1498 2659 1660 2713 annuente
1683 2647 1856 2713 clementia

208 2774 277 2814 rex.
366 2752 526 2816 Noverint
546 2751 659 2816 fideles
681 2754 785 2816 nostri
807 2761 976 2836 presentes
998 2762 1031 2815 et
1052 2751 1161 2834 futuri,
1184 2750 1199 2831 ἢ
1220 2750 1333 2837 quod·
1354 2773 1415 2816 nos
1443 2750 1562 2815 clerico
1592 2749 1724 2816 cuidam
1746 2752 1855 2816 Thiet-

209 2854 303 2939 preht
323 2865 440 2919 vocato
459 2854 564 2920 hobas
587 2853 640 2918 Ill
662 2856 870 2940 proprietatis
892 2865 1023 2920 nostrae
1045 2857 1080 2920 in
1102 2855 1176 2919 loco
1198 2853 1324 2920 Zuricb
1345 2877 1385 2918 ac
1413 2856 1447 2919 in
1477 2877 1563 2940 pago
1587 2853 1744 2920 Crouuati
1767 2866 1799 2920 et
1820 2857 1855 2920 in

210 2958 388 3022 ministerio
405 2957 580 3043 Hartuuigi
603 2979 775 3022 consessas
798 2980 882 3043 quae
906 2969 980 3023 sunt
1001 2957 1127 3043 regales
1140 2967 1160 3041 ⁰,
1183 2980 1314 3022 servum
1337 2979 1466 3043 qnoque
1489 2956 1626 3022 Uzezab
1648 2969 1802 3023 vocabum
1824 2967 1857 3022 et

182 3135 186 3142 .
209 3083 346 3126 uxorem
368 3065 438 3127 eius
454 3085 494 3128 ac
509 3062 596 3127 filios
618 3085 677 3148 per
697 3064 914 3127 interventum
937 3063 1046 3127 fratris
1068 3060 1197 3127 nostri‘l
1220 3062 1366 3126 Heinrici
1385 3060 1478 3126 ducis
1499 3063 1534 3126 in
1549 3065 1717 3148 proprium
1740 3062 1856 3126 damus

159 3182 193 3230 an
210 3187 286 3230 cum
309 3165 458 3230 omnibus
474 3167 520 3231 ad
534 3166 666 3231 easdem
680 3165 786 3231 hobas
801 3165 1047 3251 pertinentibus,
1072 3169 1158 3250 agris
1175 3165 1265 3230 silvis
1281 3166 1383 3250 pratis
1399 3167 1530 3249 pascuis
1547 3166 1641 3250 aquis
1656 3185 1857 3249 aquarumve

211 3268 401 3336 decursibus
424 3292 464 3333 ac
487 3269 683 3334 molendinis
705 3271 840 3354 quesitis
863 3279 895 3332 et
916 3269 1130 3353 inquirendis,
1153 3277 1185 3332 et
1208 3269 1235 3332 si
1250 3267 1417 3353 plenitudo
1442 3288 1594 3350 agrorum
1615 3269 1649 3330 in
1671 3266 1736 3331 illis
1761 3266 1857 3331 hobis

210 3396 276 3437 non
298 3375 476 3456 invenitur,
511 3372 707 3458 ubicumque
730 3374 836 3436 iaceat
857 3371 945 3458 quod
970 3381 1118 3436 nostrum
1151 3373 1248 3435 sitin
1271 3373 1443 3456 proximo,
1480 3369 1663 3456 impleatur.
1698 3371 1857 3435 Iussimua

210 3487 320 3540 autem
342 3476 405 3540 hoc
427 3485 618 3562 preceptum
640 3474 821 3558 conscribi,
859 3486 896 3539 ut
923 3474 1010 3540 idem
1039 3475 1178 3540 clericus
1200 3473 1393 3559 Thietpraht
1414 3473 1504 3540 nullo
1526 3473 1772 3539 contradicente
1793 3474 1856 3538 hoc

210 3582 405 3665 potestative
428 3578 596 3665 possideat
618 3577 709 3664 quod
730 3581 759 3642 ei
782 3576 987 3644 donavimus.
1026 3578 1124 3660 Quod
1145 3602 1223 3644 vero
1247 3580 1403 3664 scriptum
1426 3579 1689 3644 confirmavimus
1712 3587 1745 3641 et
1765 3576 1854 3641 anuli

159 3697 193 3744 30
211 3686 312 3748 nostri
335 3684 550 3770 impressione
572 3685 726 3748 iussimus
748 3683 876 3746 muniri.

312 3815 327 3899 Ξ
349 3821 485 3906 Signum
507 3820 619 3887 domni
642 3819 773 3886 Ottonis
795 3821 1000 3885 invictissimi
1022 3822 1108 3905 regis
1130 3817 1145 3900 l
1168 3822 1232 3902 (M.)

313 3925 513 4009 {Lintulfus
535 3924 750 3990 cancellarius
774 3923 921 3988 advicem
943 3923 1108 3988 Brunonis
1131 3924 1330 4007 recognovit.
1352 3919 1367 4000 ᾔ
1390 3925 1447 4005 (SI.
1469 3924 1511 4004 1.)
1775 3923 1858 4004 (SR)

314 4062 404 4128 Data
425 4081 461 4127 11.
484 4063 551 4127 kal.
576 4072 659 4148 sept.
682 4085 768 4127 anno
792 4063 1026 4126 incarnationis
1050 4061 1172 4127 domini
1195 4077 1393 4144 nccccnml,
1416 4060 1593 4126 indictione
1618 4079 1677 4143 vn,
1700 4069 1857 4145 regnante

213 4167 267 4250 pio
289 4188 365 4250 rege
389 4164 509 4232 Ottone
538 4189 623 4231 anno
648 4183 715 4248 xx3
749 4175 860 4231 actum
881 4165 1023 4249 Regina3
1039 4223 1041 4226 .
1057 4166 1091 4230 in
1114 4163 1245 4230 domino
1269 4187 1374 4229 amen.

162 4453 196 4502 ss
992 4424 1076 4497 171

224 4584 303 4658 Ono
319 4595 479 4682 pestottet
495 4582 560 4655 ἄεν
577 4583 746 4655 Matrona
765 4581 956 4655 Helmbnre
970 4581 1011 4652 in
1026 4579 1105 4651 dem
1123 4577 1182 4650 ἄεν
1198 4603 1270 4649 oon
1287 4577 1361 4650 ibon
1377 4575 1479 4650 selbst
1491 4573 1720 4674 pesdteukten
1737 4574 1859 4648 incn-

215 4703 296 4777 beclc
317 4705 377 4776 ein
394 4703 683 4776 Nouuenldoster
705 4730 750 4776 zu
772 4703 946 4777 εννᾶἄᾶεπ
967 4701 1048 4773 nod
1066 4699 1212 4772 υενᾶεᾶἄ
1233 4698 1362 4770 diesem
1385 4695 1451 4769 dos
1474 4694 1681 4785 Woblrecbt,
1705 4693 1764 4766 die
1786 4692 1859 4765 Un-

216 4823 467 4923 abbdnpiqlreit
486 4823 566 4897 und
586 4824 808 4916 Inemquito't.
1367 4854 1509 4927 3212qu
1531 4855 1593 4914 955
1617 4852 1743 4911 Januar
1765 4856 1816 4912 10.

321 5051 568 5126 Oriqinoldiplom
590 5055 632 5110 im
654 5051 845 5122 Stiftsorobio
865 5067 906 5108 aa
928 5047 1085 5108 Fiscbbeck
1106 5045 1168 5126 (A).

165 5196 200 5245 40
319 5190 426 5248 Μαᾶεν
440 5189 511 5250 Ant.
528 5191 683 5250 Bruaseic.
700 5193 763 5251 205
786 5191 855 5248 ¹2⁰6
877 5205 934 5247 aas
952 5185 1104 5256 Abselrrift
1125 5185 1170 5244 uls
1192 5184 1314 5257 Diplom
1332 5181 1366 5243 O.
1383 5191 1439 5242 111.
1463 5181 1527 5242 ἄνιᾶ
1540 5184 1683 5242 aa1002
1704 5204 1745 5235 =
1767 5180 1860 5241 Paul·

305 5373 361 5429 11³.
388 5374 497 5446 [sichel]
601 5379 628 5440 a)
645 5393 692 5428 εον
708 5377 791 5428 diem
808 5375 878 5442 quod
896 5373 951 5424 aad
967 5389 1013 5424 cor
1031 5379 1057 5423 at
1073 5374 1096 5423 si
1114 5371 1250 5437 plenitudo
1268 5373 1298 5420 ia
1313 5369 1361 5421 ἄεν
1379 5372 1405 5423 6.
1425 5367 1586 5432 &lemn
1602 5373 1676 5418 rotate
1693 5370 1750 5418 eine
1766 5367 1861 5417 ανιᾶενε

388 5445 470 5497 Hand
486 5445 537 5498 das
551 5445 620 5498 wore
639 5447 738 5508 desine,
756 5443 917 5512 ἄενφὶείεᾶενι
933 5459 980 5494 εον
997 5444 1066 5510 agris
1084 5441 1159 5492 silvis
1177 5443 1206 5490 in
1223 5441 1271 5491 ἄεν
1287 5443 1313 5490 4.
1331 5439 1386 5490 aua
1401 5455 1448 5490 εον
1464 5439 1591 5490 Inruimus
1608 5440 1638 5487 ia
1649 5436 1696 5486 ἄεν
1709 5440 1735 5487 6.
1748 5435 1861 5498 Senass-

387 5531 451 5583 seile
466 5531 517 5584 ἄεν
533 5531 603 5583 Wort
625 5533 724 5596 scribe,
750 5547 804 5582 wne
820 5537 895 5582 ιειιεν
911 5527 973 5580 Do.
991 5529 1042 5578 221
1063 5527 1133 5577 caea
1149 5523 1301 5590 musnay
1316 5523 1409 5588 findas
1425 5523 1494 5574 wird
1595 5523 1624 5590 b)
1642 5523 1696 5573 hob
1714 5535 1751 5584 11,
1775 5522 1861 5580 Zuric,

389 5603 479 5653 uma
493 5617 545 5654 uon
555 5600 611 5654 LA.
629 5603 658 5651 in
674 5599 858 5666 urspriiuplielt
875 5599 927 5651 ἱεεν
940 5597 1089 5664 quarem
1100 5594 1188 5647 mun
1203 5593 1390 5660 melampus
1492 5594 1517 5655 c)
1536 5609 1605 5659 qnae
1619 5599 1681 5644 sunt
1693 5591 1795 5657 regales
1811 5603 1862 5639 oon

166 5664 200 5714 ⁴5
388 5665 1037 5734 Meinadclfl'flaeeileomdandaufflqt
1140 5665 1405 5728 ‹inornatam-ae.
