4508 6428
293 431 358 496 400
890 439 1340 499 KAISERURKUNDEN.

1070 618 1157 693 285.

304 777 384 854 Otto
405 776 545 851 schenkl
565 776 645 850 dom
667 775 813 848 Klostor
834 773 994 847 Montis
1015 776 1138 847 seimon
1159 773 1350 872 Eipomltos
1365 769 1553 873 Pfesfilcoo
1573 773 1639 846 mit
1661 771 1853 845 Zooetor.

505 937 507 942 ’
1559 914 1683 974 Rusio
1706 915 1774 974 965
1798 947 1844 956 —
1867 946 1914 955 -

395 1087 575 1150 coucam
596 1089 736 1148 ommia
758 1087 808 1146 aas
831 1087 955 1146 oolam
975 1087 1110 1146 omme
1132 1088 1276 1148 orama
1297 1103 1353 1146 vm
1374 1085 1556 1146 aaronem
1576 1103 1634 1145 aas
1656 1085 1725 1144 uem
1740 1085 1879 1159 Ansam
1902 1085 1954 1145 aes

393 1196 443 1254 18.
460 1193 512 1251 Ji.
535 1191 595 1251 Bo.
614 1195 658 1252 32
680 1189 703 1261 f.
727 1187 801 1250 279'
824 1192 866 1248 im
888 1191 915 1248 lc.
932 1190 959 1248 lo.
976 1190 1016 1251 H.
1034 1191 1073 1250 H.
1097 1191 1161 1248 und
1183 1190 1386 1250 Stootsmctio
1407 1208 1448 1250 em
1470 1190 1555 1250 Wm
1577 1187 1640 1268 (A).
1664 1222 1708 1232 -
1730 1189 1774 1248 K.
1792 1189 1828 1249 J.
1846 1189 1984 1256 Factae

395 1297 531 1356 Veterum
552 1297 810 1352 monumentorum
832 1293 967 1364 collectio,
991 1293 1060 1354 MS.
1083 1311 1148 1352 vom
1169 1295 1203 1354 J.
1219 1298 1306 1356 1792
1322 1312 1355 1368 p.
1376 1299 1419 1354 18
1439 1297 1473 1352 io
1495 1293 1547 1352 der
1564 1294 1887 1353 Kommmlbibliotlzek
1908 1312 1949 1352 aa

398 1399 508 1457 Zrtro'olt
532 1395 596 1476 (B).

392 1537 484 1596 Motr
506 1535 568 1596 OD.
591 1537 679 1596 Boot.
704 1541 734 1606 1,
758 1537 798 1597 85
821 1540 855 1593 m⁰
878 1538 919 1596 60
942 1553 998 1596 aus
1020 1536 1059 1597 B.
1082 1570 1127 1580 --
1149 1535 1277 1610 Stampf
1294 1537 1366 1609 Reo.
1390 1539 1463 1596 362.
1487 1569 1528 1580 -
1553 1537 1667 1594 Hidber
1688 1537 1765 1608 Ray.
1790 1539 1888 1596 1081.

393 1675 487 1734 Beidc
509 1673 701 1744 Abschmsteu
720 1675 812 1746 ychen
833 1673 896 1745 uos
915 1677 964 1733 cio
985 1674 1146 1734 ocrlorooes
1163 1672 1342 1747 Copiolbuot
1355 1692 1419 1732 vom
1435 1675 1468 1733 J.
1486 1678 1570 1734 1399
1584 1674 1708 1733 sordet.
1738 1673 1835 1732 Ueber
1849 1673 1945 1732 dieses

392 1781 479 1838 sooria
498 1779 574 1836 aber
596 1777 644 1836 dic
665 1777 853 1850 Eimeittmo
874 1793 898 1836 s,
923 1777 1019 1852 Stctcl
1040 1777 1202 1838 Schweieer
1222 1777 1293 1837 ΚΠ.
1317 1781 1465 1838 48-50,
1964 1781 1993 1828 10

495 1962 535 2026 In
556 1963 688 2026 nomine
711 1971 845 2026 sanctae
867 1971 899 2026 et
916 1961 1105 2026 individuae
1121 1963 1283 2028 trinitatis.
1318 1960 1396 2027 Otto
1413 1961 1524 2027 divina
1540 1961 1712 2028 ordinante
1727 1962 1942 2049 providentia

290 2069 466 2152 imperator
481 2074 650 2149 augustus.
736 2065 874 2129 Noverit
896 2074 1086 2130 cunctorum
1108 2064 1253 2130 fidelium
1276 2074 1410 2130 sanctae
1432 2065 1486 2130 dei
1508 2065 1665 2130 ecclesiae
1683 2075 1940 2152 nostrorumque

289 2171 509 2255 praesentium
530 2177 563 2232 et
586 2169 769 2234 futurorum
792 2168 918 2234 scilicet
945 2169 1120 2252 industria,
1155 2169 1293 2254 qualiter
1314 2192 1375 2235 nos
1399 2169 1441 2235 ob
1464 2171 1678 2234 interventum
1702 2169 1940 2236 dilectissimae

290 2275 437 2357 coniugis
467 2281 598 2338 nostrae
626 2272 829 2338 Adelheidae
859 2275 1074 2359 imperatricis
1104 2283 1263 2358 augustae
1292 2273 1335 2338 ad
1364 2272 1529 2360 quoddam
1561 2275 1797 2338 monasterium
1826 2275 1940 2339 Diser-

288 2377 392 2442 tinum
414 2379 635 2460 nominatum,
665 2378 699 2440 in
721 2399 809 2462 pago
832 2375 1029 2442 Curiorum·
1056 2379 1089 2441 in
1112 2378 1270 2442 comitatu
1292 2375 1489 2442 Adalbertib
1512 2378 1639 2442 comitis
1664 2379 1761 2442 situm
1783 2379 1937 2444 concedi·
1958 2399 1986 2444 rs

288 2503 360 2546 mus
383 2490 508 2545 curtem
529 2483 631 2545 nostri
655 2484 778 2567 proprii
801 2483 881 2547 iuris
897 2481 1193 2566 Phaffingbouum⁰
1215 2481 1339 2548 dictum
1356 2483 1390 2545 in
1407 2503 1494 2567 pago
1510 2481 1698 2566 Thurcgum
1718 2484 1754 2546 in
1776 2484 1937 2548 comitatu

287 2582 470 2648 Burchardi
493 2585 621 2648 comitis
644 2583 774 2670 aliaque
796 2584 871 2650 loca
894 2584 938 2650 ad
960 2585 1163 2670 praedictum
1185 2583 1472 2669 Pbaftinghouund
1500 2587 1584 2650 iuste
1606 2586 1821 2669 pertinentia,
1853 2609 1938 2672 quae

288 2697 364 2752 sunt
385 2687 478 2752 Zella
501 2695 534 2752 ct
555 2687 720 2753 Endiueld
743 2698 776 2754 et
796 2689 1105 2774 Masilinghouum‘‚
1130 2677 1225 2776 quale
1241 2688 1369 2755 videtur
1391 2691 1474 2754 iuste
1495 2689 1655 2774 pertinere
1678 2688 1722 2753 ad
1744 2690 1813 2754 iam
1833 2691 1937 2754 nomi-

288 2799 400 2855 natum
427 2788 692 2874 Phaffingbouun
705 2800 725 2874 ⁰,
755 2813 830 2856 cum
860 2792 1009 2857 omnibus
1034 2793 1082 2878 ad
1108 2795 1174 2857 iam
1201 2794 1371 2858 nominata
1392 2792 1467 2857 loca
1488 2793 1572 2856 iuste
1594 2791 1848 2877 pertinentibus,
1872 2792 1936 2856 hoc

289 2903 338 2958 est
360 2892 506 2958 ecclesiis
530 2895 710 2978 ceterisque
733 2893 891 2960 aedificiis
914 2897 1007 2960 terris
1030 2896 1126 2960 cultis
1149 2906 1181 2960 et
1201 2895 1332 2961 incultis
1355 2898 1442 2980 agris
1466 2895 1556 2961 silvis
1578 2896 1682 2980 pratis
1710 2898 1806 2980 aquis
1834 2917 1934 2982 aqua·
1952 2913 1985 2959 ao

289 3019 403 3062 rumve
427 2996 618 3063 decursibus
640 2997 835 3064 molendinis
858 2997 1001 3063 exitibus
1023 3008 1056 3063 et
1077 2998 1277 3083 regressibus
1298 3021 1443 3065 necnon
1461 3000 1633 3084 mancipiis
1649 3000 1818 3084 utriusque
1833 3023 1933 3064 sexus

287 3099 331 3166 ad
353 3101 543 3187 supradicta
565 3101 801 3187 pertinentibus
824 3101 909 3183 loca,
932 3103 1170 3188 piscationibus
1194 3105 1346 3190 omnique
1368 3125 1430 3168 usu
1452 3102 1497 3167 ad
1519 3125 1559 3166 ea
1580 3102 1828 3187 pertinentibus,
1856 3127 1934 3190 qua-

286 3215 380 3270 tenus
395 3205 476 3270 inibi
491 3207 524 3269 in
541 3205 729 3290 supradicto
745 3207 942 3270 monasterio
958 3207 1131 3271 Desertino
1146 3203 1158 3244 ¹
1176 3208 1386 3292 congregatio
1406 3207 1640 3272 monachorum
1657 3205 1792 3272 assidue
1814 3207 1933 3272 divinis

287 3306 451 3395 obsequiis
475 3310 645 3395 sanctique
667 3307 800 3373 Martini
823 3310 915 3374 cuius
938 3309 1117 3374 inhonore
1143 3310 1347 3395 praedictum
1369 3313 1602 3376 monasterium
1624 3319 1852 3376 constructum
1874 3321 1932 3394 est,

284 3411 436 3477 famulari
459 3423 529 3477 tam
551 3434 610 3498 pro
633 3411 729 3477 nobis
753 3434 852 3498 quam
874 3434 933 3498 pro
957 3414 1056 3477 totius
1071 3414 1163 3496 regni
1182 3413 1285 3478 salute
1300 3413 1396 3479 nobis
1410 3415 1576 3480 commissi
1593 3412 1723 3477 divinae
1738 3413 1933 3478 clementiae
1951 3428 1983 3476 ao

285 3514 394 3580 valeat
415 3515 612 3601 supplicare.
646 3514 697 3580 Ac
721 3516 748 3580 si
771 3517 843 3600 quis
866 3513 952 3579 hanc
975 3514 1184 3581 traditionem
1206 3526 1331 3599 renuat,
1355 3516 1486 3581 divinae
1508 3515 1697 3580 clementiae
1721 3517 1933 3602 omniumque

214 3705 215 3708 Ἴ
285 3626 472 3682 sanctorum
502 3619 648 3682 incurrat
676 3617 797 3683 odium.
834 3617 880 3682 Et
901 3627 937 3683 ut
958 3617 1040 3682 haec
1062 3628 1193 3684 nostrae
1215 3621 1418 3685 auctoritatis
1446 3619 1576 3703 largitio
1600 3620 1721 3684 nostris
1747 3620 1932 3706 futirrisque

283 3719 487 3807 temporibus
509 3720 732 3786 inviolabilem
756 3719 902 3786 obtineat
923 3721 1125 3804 firmitatem,
1159 3744 1258 3788 manu
1285 3725 1418 3809 propria
1445 3725 1556 3790 subter
1577 3747 1650 3790 eam
1672 3724 1878 3790 firmavimus
1901 3735 1934 3790 et

284 3824 394 3890 annuli
417 3826 520 3890 nostri
543 3826 757 3910 impressione
779 3826 940 3909 assignari
963 3826 1198 3912 praecepimus.

386 3960 522 4046 Signum
545 3962 682 4027 domni⁸
705 3960 837 4027 Ottonis
859 3964 1064 4028 invictissimi
1086 3964 1293 4049 imperatoris
1315 3966 1457 4050 augusti.
1946 3983 1982 4052 ¹oo

384 4064 482 4131 Anno
512 4066 696 4131 dominicae
724 4068 960 4132 iucarnationis
987 4081 1179 4151 Dccccnxv,
1208 4067 1385 4133 indictione
1410 4087 1489 4152 vm,
1520 4067 1641 4134 Ottone
1663 4070 1861 4154 imperatore
1883 4095 1931 4136 re-

282 4179 402 4252 gnante
424 4192 511 4235 anno
534 4188 581 4253 lv,
604 4171 695 4256 regni
717 4179 828 4235 autem
849 4173 924 4256 eius,
942 4188 1033 4255 xxx3
1049 4183 1168 4240 ‘acuum
1188 4171 1380 4257 Eresteinh3
1405 4177 1441 4240 in
1464 4175 1516 4240 dei
1538 4176 1668 4240 nomine
1691 4197 1798 4240 amen.

1059 4360 1146 4436 286.

290 4510 370 4588 Otto
398 4513 559 4612 bastdtiqt
583 4513 654 4588 deo
674 4515 853 4590 Monoleum
877 4541 950 4589 ooo
972 4512 1008 4590 S.
1030 4515 1134 4590 Remi
1155 4543 1200 4591 zo
1222 4518 1342 4593 Boium
1364 4519 1434 4592 dom
1457 4519 1574 4593 Basitz
1596 4519 1655 4592 dos
1671 4519 1788 4619 Hofcs
1805 4521 1928 4596 Kosel.

1476 4643 1636 4717 Iooeltoim
1658 4644 1720 4704 965
1737 4643 1809 4703 Mai
1829 4648 1883 4704 23.
1947 4647 1979 4696 3⁵

383 4810 498 4870 Murlot
519 4811 599 4870 Hist.
622 4810 777 4871 Rommois
800 4816 830 4883 1,
854 4815 916 4872 604
939 4829 996 4872 aas
1019 4810 1171 4885 Absotrift
1192 4811 1245 4893 (B)
1269 4839 1308 4868 =
1331 4813 1469 4890 Bottqmct
1492 4820 1521 4886 9,
1544 4817 1609 4876 387
1629 4821 1664 4873 m⁰
1678 4819 1707 4876 9.
1731 4849 1776 4858 -
1797 4816 1930 4875 Bolomer

381 4912 453 4986 Boo.
476 4917 551 4974 291.
574 4947 618 4956 —-
640 4912 769 4988 Stamps
785 4915 858 4988 Boo.
882 4917 955 4976 364.

386 5049 613 5124 metatorum
634 5068 690 5110 oon
710 5049 779 5112 DO.
796 5054 869 5124 156,
885 5051 991 5126 jodoci
1009 5070 1089 5126 poma
1111 5052 1201 5125 fretos
1222 5055 1326 5114 Dictat
1348 5055 1398 5116 dos
1420 5056 1490 5117 LH.

484 5219 524 5283 In
551 5221 683 5284 nomine
711 5230 846 5286 sanctae
874 5231 906 5286 et
932 5220 1121 5288 individuae
1149 5224 1314 5290 trinitatis.
1358 5223 1436 5291 Otto
1461 5225 1572 5292 divina
1598 5223 1728 5290 favente
1749 5223 1928 5292 clementia

279 5319 455 5404 imperator
483 5331 651 5404 augustus.
753 5323 918 5406 Quoniam
944 5326 1198 5412 imperatoriae⁸
1231 5327 1399 5413 dignitatis
1430 5328 1575 5395 officium
1604 5351 1675 5394 esse
1705 5337 1853 5413 constat,
1888 5341 1927 5396 ut
1943 5341 1978 5388 40

363 5489 422 5544 ²85.
450 5491 720 5562 [omnum-sicko]
832 5498 859 5558 a)
877 5495 928 5549 AB
1039 5499 1066 5564 b)
1082 5499 1219 5552 Adelbsrti
1242 5499 1269 5550 B
1382 5503 1406 5566 c)
1423 5501 1456 5566 B,
1484 5498 1727 5569 PbulfinghoweA
1841 5501 1870 5567 d)
1889 5501 1926 5562 B,

447 5561 740 5696 {poliliqqusqqqqumlq'd
857 5567 882 5627 e)
901 5566 935 5628 B,
958 5567 1174 5635 Massilinghowe
1198 5566 1221 5620 A
1338 5569 1510 5634 ODisertino
1534 5571 1561 5622 B
1675 5569 1703 5644 g)
1723 5567 1794 5631 sebit
1819 5571 1849 5618 ia
1872 5568 1927 5621 AB

362 5709 421 5765 280.
450 5710 560 5781 [Uhlira]
664 5717 690 5780 a)
706 5717 878 5782 imperativus
895 5719 930 5771 B.
