4538 6436
406 400 470 466 512
1002 393 1460 475 narsnsunnunojsn.

514 591 575 650 Voo
598 591 638 648 lt.
662 589 699 646 B.
730 589 801 646 ohne
823 587 1004 659 Benorouoy
1026 603 1081 644 ooo
1104 585 1169 644 DO.
1187 588 1251 646 353
1279 584 1408 655 corsosst
1434 584 1499 642 01111
1527 583 1713 670 1101111111,
1747 580 1786 640 do
1808 583 1850 640 iro
1875 579 2054 653 Copiolbaclr

509 697 573 755 seio
590 692 748 752 Chrismoo
770 691 930 763 oooeoiloet
952 688 1069 749 worden
1091 691 1140 758 ist,
1164 707 1219 748 1011
1241 689 1303 746 ihm
1322 689 1515 761 peschriebea.
1558 687 1684 746 Werden
1705 704 1754 743 om
1778 685 1896 744 8111111
1914 685 2057 756 Prr'icoptr

513 797 605 856 Korls
628 795 693 854 uod
714 793 859 866 111-(111191
881 793 1101 851 audecuria
1124 792 1218 850 dieser
1239 789 1429 862 Reiloeofolqe
1451 790 1591 858 eroortlmt,
1618 806 1651 846 so
1673 789 1789 846 1111111
1811 779 1904 844 demit
1926 785 2057 843 nordio

510 901 563 958 der
585 899 624 956 K.
648 897 777 969 Ludwip
793 907 833 957 ΙΙ.
857 895 921 954 uod
943 895 1022 954 Korl
1037 903 1095 953 ΙΙΙ.
1121 896 1248 967 prorant
1276 895 1349 952 seio.
1387 893 1488 951 Dereo
1517 909 1575 950 11111
1603 889 1784 963 vorlieqeode
1811 888 1974 948 Urluodeo
2002 887 2058 957 sor

462 1067 467 1078 ,
514 1003 591 1062 Coeo
612 1019 707 1060 aureo
735 1001 879 1058 oerleibeo
900 1000 1005 1072 jodoclr
1033 999 1114 1056 1110111
1142 998 1351 1056 (111111-11011101
1373 997 1427 1056 dos
1449 997 1540 1054 Reclrt
1562 994 1797 1067 Besestiquapoa
1823 993 1994 1065 1111111911,
2024 1005 2092 1051 sos

512 1105 581 1163 coss
605 1105 697 1162 dieses
715 1104 805 1162 Reeht
829 1103 903 1161 100111
923 1120 986 1161 oar
1006 1119 1062 1160 ous
1086 1101 1151 1159 (11011
1173 1103 1206 1158 io
1228 1100 1359 1159 1111111111
1383 1100 1479 1160 Weise
1500 1099 1770 1171 ousoesproeheneo
1792 1091 2056 1172 Versuoonqsreelu

511 1206 652 1279 qefoloert
675 1207 784 1264 warde,

615 1391 654 1457 In
676 1391 808 1456 nomine
832 1400 943 1455 sancte
966 1388 1199 1475 individuaque
1221 1381 1386 1453 trinitatis.
1421 1387 1499 1454 Otto
1524 1389 1635 1454 divina
1659 1385 1829 1453 ordinante
1851 1383 2058 1473 providentia

409 1497 587 1580 imperator
615 1504 783 1579 augustus.
881 1494 935 1557 Ad
962 1493 1025 1558 hoc
1053 1515 1114 1557 nos
1144 1492 1254 1558 divina
1283 1494 1431 1576 potentia
1459 1491 1503 1557 ad
1531 1491 1709 1578 imperialis
1732 1491 1882 1556 culminis
1905 1491 2059 1576 provexit

409 1601 552 1682 apicem,
583 1607 619 1661 ut
647 1598 791 1662 omnium
819 1598 963 1662 maxime
992 1597 1202 1661 divinoruma
1229 1597 1330 1662 cultui
1362 1599 1624 1682 mancipatorum
1654 1595 1802 1680 frugibus
1835 1593 2056 1674 consulamus,
2078 1599 2111 1644 1⁰

409 1711 570 1789 quatenus
595 1723 761 1765 servorum
785 1700 837 1765 dei
860 1699 981 1764 ibidem
1003 1699 1210 1784 vigilantium
1232 1709 1266 1763 et
1289 1702 1451 1765 orantium
1474 1699 1660 1785 precatibus
1684 1709 1787 1764 status
1810 1698 1937 1783 imperii
1955 1697 2057 1760 nostri

410 1807 492 1869 serie
515 1803 691 1889 tranquilla
714 1801 897 1888 dirigaturb
929 1812 962 1866 et
989 1813 1065 1888 post
1093 1803 1189 1867 huius
1220 1805 1410 1890 temporalis
1439 1806 1505 1869 vite
1534 1804 1704 1870 decessum
1730 1803 1895 1867 felicitatis
1927 1810 2058 1886 eternae

410 1906 683 1972 contubernium⁰
709 1906 806 1971 nobis
838 1929 905 1970 non
933 1905 1121 1991 denegetur.
1167 1905 1332 1987 Quocirca
1361 1911 1490 1973 noverit
1520 1910 1664 1973 omnium
1695 1915 1807 1972 sancte
1837 1905 1888 1969 dei
1921 1903 2059 1969 ecclesie

410 2009 555 2075 fidelium
576 2018 827 2095 nostrorumque
850 2011 1049 2094 presentium
1072 2007 1197 2074 scilicet
1220 2031 1259 2072 ac
1282 2008 1463 2076 futuromm
1486 2013 1698 2093 universitas,
1729 2008 1824 2075 nobis
1847 2006 2058 2073 redeuntibus

412 2112 451 2177 de
475 2110 630 2176 Calabria
653 2135 752 2199 quam
774 2121 886 2177 nostro
910 2111 1049 2177 subdere
1070 2114 1180 2177 conati
1205 2135 1315 2178 sumus
1338 2116 1484 2201 imperio,
1509 2113 1693 2178 Hubertum
1708 2112 1928 2177 venerabilem
1946 2121 2058 2175 sancte
2079 2120 2111 2168 15

411 2217 596 2281 Parmensis
618 2216 757 2282 ecclesie
780 2218 970 2302 episcopum
994 2225 1026 2279 11
1049 2215 1374 2282 archicancellarium
1396 2227 1542 2284 nostram
1565 2215 1709 2282 adiissed
1733 2216 1956 2298 clementiam,
1981 2237 2058 2300 qua·

411 2329 505 2386 tenus
528 2321 707 2386 venerabili
731 2320 844 2385 abbati
867 2321 940 2386 Ade
964 2318 1137 2386 desudanti
1161 2323 1195 2384 in
1217 2331 1329 2386 nostro
1354 2326 1485 2388 servitio
1510 2333 1541 2388 et
1564 2345 1623 2409 pro
1651 2321 1746 2386 nobis
1775 2330 1925 2406 statuque
1955 2320 2058 2383 nostri

411 2425 503 2508 regni
527 2426 632 2488 oranti
655 2423 922 2490 confirmaremus
951 2434 983 2489 et
1012 2424 1297 2490 corroboraremus
1326 2435 1440 2493 nostra
1466 2425 1644 2513 preceptali
1674 2427 1868 2490 auctoritate
1896 2431 2057 2487 monaste-

410 2530 494 2592 rium
524 2551 618 2592 suum
646 2528 834 2592 dedicatum
862 2530 896 2592 in
922 2528 1046 2594 honore
1077 2540 1188 2595 sancte
1212 2530 1381 2595 Trinitatis
1411 2532 1445 2594 in
1468 2529 1541 2595 loco
1566 2531 1620 2614 qui
1642 2527 1762 2592 dicitur
1784 2523 1890 2590 ins'ula
1911 2525 2059 2589 Piscaria

411 2639 443 2694 et
466 2652 527 2717 que
549 2640 687 2696 vocatur
710 2629 797 2696 Casa
819 2653 918 2696 aurea
925 2681 933 2714 ,
963 2631 1019 2696 ubi
1050 2654 1169 2718 corpus
1197 2632 1286 2697 beati
1316 2631 1494 2699 Clementis
1522 2631 1728 2698 reconditum
1751 2640 1810 2694 est.
1855 2627 1956 2692 Cuius
1979 2627 2059 2712 peti·
2079 2636 2113 2684 20

411 2735 556 2798 1101111ο
579 2743 747 2818 gratanter
769 2736 967 2819 accipientes
991 2735 1221 2800 confirmamus
1245 2744 1278 2799 et
1300 2736 1549 2801 corroboramus
1572 2737 1699 2823 prefato
1723 2733 1837 2800 abbati
1854 2732 1928 2798 Ado
1946 2754 2061 2817 supra-

414 2836 537 2901 dictum
559 2840 792 2902 monasterium
816 2859 890 2901 cum
914 2837 1064 2902 omnibus
1086 2837 1184 2902 rebus
1212 2851 1245 2902 et
1272 2839 1528 2925 proprietatibus
1557 2842 1641 2922 suis,
1671 2838 1824 2904 videlicet
1851 2837 1892 2901 de
1923 2834 2059 2900 castello

413 2942 519 3005 sancti
541 2941 636 3006 Helie
659 2941 748 3028 quod
770 2940 817 3005 illi
848 2940 997 3025 legaliter
1025 2945 1179 3027 pertinet,
1215 2951 1247 3007 et
1274 2952 1398 3007 cortem
1428 2943 1468 3008 de
1497 2943 1659 3025 Querceto
1690 2952 1722 3006 11
1749 2965 1800 3006 111
1831 2963 1911 3027 quas
1943 2939 2062 3004 obtulit

411 3044 575 3110 Iohannes
597 3044 703 3108 eidem
725 3043 873 3128 ecclesie,
897 3054 930 3108 et
952 3053 1076 3109 cortem
1099 3046 1139 3110 de
1162 3047 1283 3111 Linare
1307 3056 1338 3110 11
1356 3069 1407 3110 111
1424 3046 1465 3111 11
1481 3045 1618 3128 Corano,
1642 3063 1696 3110 res
1717 3047 1816 3110 etiam
1838 3066 1920 3130 quas
1943 3042 2063 3108 obtulit

414 3147 644 3232 Magelfredus‚
668 3157 700 3212 et
722 3157 847 3213 cortem
870 3147 910 3212 de
933 3147 1073 3214 Selcano
1097 3158 1130 3213 et
1150 3173 1202 3214 res
1226 3173 1288 3236 que
1310 3151 1441 3215 fuerunt
1464 3149 1630 3236 quondam
1652 3149 1792 3231 Minoni,
1816 3157 1848 3212 et
1873 3157 1996 3212 cortem
2020 3146 2060 3211 de
2079 3153 2112 3200 26

414 3249 555 3315 Corneto
579 3262 612 3316 et
634 3261 756 3317 cortem
780 3251 820 3317 de
844 3250 955 3316 Saline
978 3261 1010 3316 et
1032 3262 1156 3316 cortem
1179 3252 1220 3317 de
1242 3253 1352 3318 Lauro
1377 3263 1408 3316 11
1436 3263 1559 3316 cortem
1588 3252 1629 3316 de
1651 3253 1844 3316 Vestiniano
1875 3259 1907 3314 et
1936 3259 2062 3314 cortem

414 3353 454 3419 de
476 3354 603 3420 Trisclo
627 3365 660 3418 et
681 3365 806 3419 cortem
830 3354 869 3419 11
893 3354 1072 3421 Sereniano
1096 3365 1128 3420 et
1150 3365 1273 3420 cortem
1297 3355 1337 3420 de
1355 3355 1464 3420 Domo
1487 3365 1519 3420 et
1541 3366 1664 3420 cortem
1687 3354 1728 3420 de
1749 3355 1887 3419 Mitiano
1911 3363 1944 3418 et
1965 3376 2018 3417 res
2042 3374 2062 3416 1

412 3459 558 3524 Fulrado
582 3459 733 3524 dimissas
756 3469 788 3524 et
811 3459 927 3525 cellam
951 3459 991 3523 de
1014 3458 1142 3524 Alisina
1166 3461 1269 3522 sancti
1294 3457 1471 3524 Clementis
1495 3482 1570 3523 cum
1593 3461 1775 3545 piscatione
1798 3458 1838 3522 de
1856 3459 2005 3522 Pantano
2029 3465 2062 3520 et

413 3585 487 3628 cum
511 3564 584 3648 ipsa
605 3564 694 3628 Foco
717 3573 750 3627 11
771 3572 892 3626 terram
914 3565 1016 3648 ipsius
1035 3563 1125 3625 Foce
1148 3585 1223 3626 cum
1245 3562 1352 3627 insula
1375 3585 1437 3648 que
1460 3572 1510 3627 est
1531 3565 1615 3627 inter
1638 3585 1727 3627 mare
1751 3572 1783 3627 et
1804 3562 2005 3644 Pantanum,
2030 3569 2062 3624 et

413 3688 465 3729 res
489 3687 551 3751 quc
574 3667 704 3730 fuerunt
726 3665 892 3752 quondam
915 3663 1065 3748 Coruini,
1097 3675 1129 3730 et
1151 3675 1274 3731 cortem
1299 3665 1338 3730 de
1360 3665 1500 3731 Baniolo
1524 3677 1557 3730 et
1580 3665 1621 3730 de
1643 3664 1751 3730 Viano
1779 3675 1811 3730 et
1833 3687 1884 3730 res
1908 3687 1971 3750 que
1993 3664 2060 3728 fue·
2080 3669 2114 3718 ³⁰

414 3778 490 3834 runt
512 3768 678 3855 quondam
696 3769 754 3834 filii
771 3770 915 3852 Scatolfi,
934 3782 968 3834 et
981 3779 1125 3835 montem
1142 3769 1212 3834 Soti
1232 3792 1307 3834 cum
1329 3771 1465 3855 rupibus
1488 3779 1520 3835 11
1543 3770 1632 3834 silvis
1657 3772 1725 3834 eius
1750 3779 1781 3834 et
1802 3791 1854 3834 res
1878 3767 2063 3833 de'Blunza

415 3881 447 3936 et
470 3872 510 3937 de
528 3873 688 3938 Petiliano
712 3895 786 3937 cum
808 3873 880 3959 ipso
904 3873 1040 3938 castello
1064 3883 1096 3937 et
1117 3896 1169 3939 res
1187 3873 1360 3938 Garibaldi
1384 3875 1467 3939 sicut
1489 3877 1523 3938 iu
1545 3873 1671 3938 cartula
1693 3873 1736 3938 ab
1761 3896 1799 3938 eo
1822 3873 1912 3938 facta
1934 3872 2062 3957 legitur,

414 3997 489 4038 cum
513 3975 664 4039 omnibus
688 3975 882 4040 adiacentiis
905 3985 937 4041 11
963 3978 1166 4062 pertinentiis
1196 3980 1279 4060 suis,
1314 4000 1388 4041 cum
1419 3977 1577 4063 cappellis
1606 3978 1722 4042 castris
1751 3978 1838 4042 casis
1866 3976 2063 4046 domnicatis

414 4079 540 4165 campis
563 4081 666 4166 pratis
688 4081 792 4144 vineis
816 4080 907 4146 silvis
930 4083 1023 4167 aquis
1046 4103 1269 4168 aquarumque
1292 4079 1485 4174 decursibus
1508 4081 1703 4146 molendinis
1726 4079 1964 4167 piscationibus
1987 4102 2064 4165 pas·

414 4184 484 4246 cuis
505 4182 640 4268 rupibus
664 4183 861 4268 planitiebus
884 4185 1050 4250 montibus
1074 4184 1202 4270 alpibus
1226 4208 1293 4251 una
1315 4207 1391 4249 cum
1413 4187 1515 4250 servis
1538 4195 1570 4250 et
1592 4185 1720 4251 ancillis
1744 4185 1839 4250 aldiis
1858 4195 1890 4250 et
1908 4183 2062 4248 aldiabus
2082 4193 2115 4242 31

415 4296 447 4350 11
468 4288 636 4373 utriusque
659 4309 757 4351 sexus
779 4287 912 4353 familiis
935 4288 1170 4375 prestandariis
1193 4288 1361 4354 cartulatis
1384 4287 1561 4372 libellariis,
1589 4299 1625 4354 ut
1646 4288 1767 4354 habeat
1788 4297 1897 4353 teneat
1919 4288 2063 4352 firmum-

415 4413 477 4475 que
507 4388 675 4474 possideat
704 4398 772 4454 tam
800 4393 871 4477 ipse
899 4391 1096 4456 venerabilis
1125 4392 1230 4457 abbas
1259 4390 1368 4456 Adam
1396 4413 1560 4479 quamque
1584 4394 1633 4457 sui
1656 4393 1778 4479 posteri
1801 4394 1834 4456 in
1857 4401 2062 4478 perpetuum.

414 4493 568 4558 Preterea
591 4496 774 4558 sanccimus
797 4505 896 4581 atque
919 4498 1091 4560 statuimus
1115 4505 1151 4560 ut
1172 4495 1280 4560 nullus
1304 4498 1479 4582 episcopus
1502 4497 1571 4561 dux
1595 4520 1652 4562 seu
1676 4496 1820 4562 marchio
1844 4517 1954 4560 comes
1976 4497 2063 4559 vice·

414 4619 525 4663 comes
554 4598 719 4664 sculdasio
748 4599 911 4684 gastaldio
939 4610 997 4664 aut
1023 4600 1142 4686 aliquis
1164 4603 1210 4665 rei
1235 4599 1365 4685 publice
1388 4603 1534 4665 minister
1557 4622 1614 4665 seu
1638 4600 1781 4685 quelibet
1803 4621 1924 4683 magna
1946 4620 2064 4684 parva-

415 4723 478 4785 que
506 4702 610 4766 nostri
640 4700 731 4786 regni
760 4724 901 4787 persona
932 4701 972 4766 de
1003 4702 1153 4767 omnibus
1184 4725 1246 4789 que
1275 4701 1318 4766 ad
1349 4705 1509 4788 prefatum
1539 4705 1771 4768 monasterium
1802 4705 1964 4788 pertinent
1994 4711 2063 4766 tam
2082 4714 2116 4760 40

413 4803 511 4868 rebus
535 4825 633 4888 quam
657 4802 799 4886 familiis,
828 4826 903 4869 eum
931 4805 1102 4870 disvestire
1126 4815 1182 4870 aut
1203 4807 1386 4892 inquietare
1410 4805 1529 4870 audeat
1551 4805 1603 4871 vel
1627 4807 1668 4870 de
1692 4804 1842 4870 omnibus
1867 4802 2064 4890 supradictis

417 4909 485 4970 sine
508 4906 640 4971 licentia
662 4907 780 4993 prefati
803 4907 933 4972 abbatis
957 4929 1247 4994 successorumque
1270 4911 1340 4972 eius
1364 4932 1398 4972 11
1420 4911 1633 4974 intromittere
1655 4918 1836 4995 presumat,
1871 4907 1930 4971 sed
1953 4909 2064 4972 omnia

415 5009 535 5074 iudicio
564 5019 597 5074 et
625 5012 778 5096 potestati
809 5013 878 5076 eius
907 5012 961 5096 qui
990 5033 1048 5096 pro
1079 5022 1224 5098 tempore
1252 5015 1350 5079 firerit
1378 5024 1581 5078 reserventur
1610 5022 1708 5100 atque
1732 5011 1923 5077 subdantur.
1968 5011 2013 5075 Et
2037 5013 2063 5074 si

417 5111 554 5177 castella
583 5122 641 5178 aut
668 5112 824 5177 ecclesias
852 5113 905 5177 vel
935 5113 1046 5199 aliqua
1075 5114 1202 5179 edificia
1225 5119 1260 5180 in
1283 5116 1405 5182 eisdem
1428 5117 1525 5181 rebus
1549 5127 1736 5182 construere
1759 5115 1912 5197 voluerit,
1941 5113 2066 5179 habeat

416 5214 581 5280 licentiam
611 5216 784 5281 ordinandi
812 5217 1045 5302 augmentandi
1069 5219 1303 5304 commutandi,
1328 5220 1602 5306 quemadmodum
1620 5243 1640 5283 a
1655 5221 1775 5285 nostris
1798 5218 2062 5283 antecessoribus
2081 5225 2116 5275 46

416 5318 540 5384 Karolo
563 5317 717 5383 videlicet
739 5328 836 5405 atque
858 5320 1051 5387 Lodouuieo
1079 5345 1138 5409 per
1165 5323 1365 5409 preceptalia
1395 5327 1516 5410 scripta
1543 5324 1650 5390 eidem
1677 5323 1877 5388 monasterio
1906 5343 2065 5386 concessa

418 5433 507 5506 sunt,
542 5424 686 5487 omnium
713 5422 880 5489 hominum
912 5425 1172 5491 contradictione
1200 5437 1335 5492 remota.
1381 5427 1416 5493 Si
1444 5430 1516 5514 quis
1544 5429 1642 5512 igitur
1669 5426 1764 5492 huius
1792 5427 1897 5490 nostri
1919 5428 2065 5512 precepti

503 5611 562 5666 ³7³.
591 5609 686 5680 [Foltz]
790 5613 817 5680 a)
835 5613 867 5678 A,
893 5615 1006 5666 1011101
1032 5615 1093 5667 Do.
1111 5619 1177 5682 408,
1204 5617 1329 5668 1011111111
1350 5620 1380 5668 in
1403 5617 1463 5669 Do.
1480 5619 1537 5668 866
1563 5617 1687 5683 1111111911
1703 5619 1817 5667 maxime
1836 5616 1953 5668 locorum
1972 5616 2064 5666 divino

590 5683 619 5746 b)
638 5681 823 5748 mergantur
927 5689 951 5748 c)
971 5685 1204 5738 contubemuml
1307 5688 1333 5751 d)
1351 5686 1479 5738 adisseA
1584 5688 1608 5752 e)
1625 5689 1747 5753 petitioni
1765 5684 1797 5736 A.
