<?xml version="1.0" encoding="UTF-8"?>
<!DOCTYPE html PUBLIC "-//W3C//DTD XHTML 1.0 Transitional//EN"
    "http://www.w3.org/TR/xhtml1/DTD/xhtml1-transitional.dtd">
<html xmlns="http://www.w3.org/1999/xhtml" xml:lang="en" lang="en">
 <head>
  <title>
</title>
<meta http-equiv="Content-Type" content="text/html;charset=utf-8" />
  <meta name='ocr-system' content='tesseract 3.04.00' />
  <meta name='ocr-capabilities' content='ocr_page ocr_carea ocr_par ocr_line ocrx_word'/>
</head>
<body>
  <div class='ocr_page' id='page_1' title='image "./monumentagerman00gescgoog/monumentagerman00gescgoog_0171.png"; bbox 0 0 4554 6414; ppageno 0'>
   <div class='ocr_carea' id='block_1_1' title="bbox 998 383 1452 460">
    <p class='ocr_par' dir='ltr' id='par_1_1' title="bbox 998 383 1452 460">
     <span class='ocr_line' id='line_1_1' title="bbox 998 383 1452 460; baseline 0.002 -4"><span class='ocrx_word' id='word_1_1' title='bbox 998 383 1452 460; x_wconf 75' lang='lat' dir='ltr'><strong>narsnauauuunnu.</strong></span> 
     </span>
    </p>
   </div>
   <div class='ocr_carea' id='block_1_2' title="bbox 502 581 2067 764">
    <p class='ocr_par' dir='ltr' id='par_1_2' title="bbox 502 581 2067 764">
     <span class='ocr_line' id='line_1_2' title="bbox 502 581 2067 664; baseline 0.004 -22"><span class='ocrx_word' id='word_1_2' title='bbox 502 585 600 664; x_wconf 82' lang='lat' dir='ltr'><strong>(Helle</strong></span> <span class='ocrx_word' id='word_1_3' title='bbox 621 584 684 643; x_wconf 79' lang='lat' dir='ltr'><strong>aad</strong></span> <span class='ocrx_word' id='word_1_4' title='bbox 708 585 908 644; x_wconf 81' lang='lat' dir='ltr'><strong>Nordhousea</strong></span> <span class='ocrx_word' id='word_1_5' title='bbox 931 585 1027 664; x_wconf 78' lang='lat'><em>1839)</em></span> <span class='ocrx_word' id='word_1_6' title='bbox 1053 581 1097 656; x_wconf 64' lang='lat'><strong>4‘1,</strong></span> <span class='ocrx_word' id='word_1_7' title='bbox 1113 591 1178 647; x_wconf 85' lang='lat'><strong>137</strong></span> <span class='ocrx_word' id='word_1_8' title='bbox 1192 593 1258 646; x_wconf 80' lang='lat' dir='ltr'><strong>n⁰1</strong></span> <span class='ocrx_word' id='word_1_9' title='bbox 1276 605 1332 647; x_wconf 83' lang='lat' dir='ltr'><strong>aus</strong></span> <span class='ocrx_word' id='word_1_10' title='bbox 1347 586 1386 648; x_wconf 82' lang='lat' dir='ltr'><strong>A.</strong></span> <span class='ocrx_word' id='word_1_11' title='bbox 1409 622 1451 632; x_wconf 94' lang='lat'>-</span> <span class='ocrx_word' id='word_1_12' title='bbox 1473 589 1561 648; x_wconf 78' lang='lat' dir='ltr'><strong>Foco.</strong></span> <span class='ocrx_word' id='word_1_13' title='bbox 1577 590 1610 646; x_wconf 79' lang='lat' dir='ltr'><strong>in</strong></span> <span class='ocrx_word' id='word_1_14' title='bbox 1627 585 1695 648; x_wconf 79' lang='lat' dir='ltr'><strong>Chr.</strong></span> <span class='ocrx_word' id='word_1_15' title='bbox 1715 587 1807 647; x_wconf 78' lang='lat' dir='ltr'><strong>Gotso.</strong></span> <span class='ocrx_word' id='word_1_16' title='bbox 1825 591 1889 648; x_wconf 85' lang='lat'><strong>161</strong></span> <span class='ocrx_word' id='word_1_17' title='bbox 1909 593 1948 645; x_wconf 68' lang='grc' dir='ltr'><strong>η’</strong></span> <span class='ocrx_word' id='word_1_18' title='bbox 1962 590 1998 648; x_wconf 78' lang='lat'><strong>2.</strong></span> <span class='ocrx_word' id='word_1_19' title='bbox 2027 618 2067 627; x_wconf 95' lang='lat'>-</span> 
     </span>
     <span class='ocr_line' id='line_1_3' title="bbox 503 689 1231 764; baseline 0.001 -17"><span class='ocrx_word' id='word_1_20' title='bbox 503 689 634 748; x_wconf 63' lang='lat' dir='ltr'><strong>Bootae</strong></span> <span class='ocrx_word' id='word_1_21' title='bbox 655 689 727 762; x_wconf 64' lang='lat' dir='ltr'><strong>Rea.</strong></span> <span class='ocrx_word' id='word_1_22' title='bbox 752 693 824 750; x_wconf 78' lang='lat'><em>122.</em></span> <span class='ocrx_word' id='word_1_23' title='bbox 851 723 890 732; x_wconf 95' lang='lat'><em>-</em></span> <span class='ocrx_word' id='word_1_24' title='bbox 917 689 1045 763; x_wconf 66' lang='lat' dir='ltr'><strong>§temps</strong></span> <span class='ocrx_word' id='word_1_25' title='bbox 1062 691 1135 764; x_wconf 64' lang='lat' dir='ltr'><strong>Res.</strong></span> <span class='ocrx_word' id='word_1_26' title='bbox 1159 696 1231 751; x_wconf 85' lang='lat'><em>117.</em></span> 
     </span>
    </p>
   </div>
   <div class='ocr_carea' id='block_1_3' title="bbox 502 828 1093 903">
    <p class='ocr_par' dir='ltr' id='par_1_3' title="bbox 502 828 1093 903">
     <span class='ocr_line' id='line_1_4' title="bbox 502 828 1093 903; baseline 0 -16"><span class='ocrx_word' id='word_1_27' title='bbox 502 828 636 899; x_wconf 78' lang='lat' dir='ltr'><strong>Verfosst</strong></span> <span class='ocrx_word' id='word_1_28' title='bbox 659 829 724 887; x_wconf 82' lang='lat' dir='ltr'><strong>aad</strong></span> <span class='ocrx_word' id='word_1_29' title='bbox 742 830 927 903; x_wconf 70' lang='lat' dir='ltr'><strong>peselsrs&#39;ebea</strong></span> <span class='ocrx_word' id='word_1_30' title='bbox 948 846 1004 888; x_wconf 79' lang='lat' dir='ltr'><strong>eon</strong></span> <span class='ocrx_word' id='word_1_31' title='bbox 1026 829 1093 887; x_wconf 90' lang='lat' dir='ltr'><strong>BB.</strong></span> 
     </span>
    </p>
   </div>
   <div class='ocr_carea' id='block_1_4' title="bbox 398 1013 2116 1932">
    <p class='ocr_par' dir='ltr' id='par_1_4' title="bbox 398 1013 2116 1932">
     <span class='ocr_line' id='line_1_5' title="bbox 504 1013 2067 1098; baseline 0.001 -20"><span class='ocrx_word' id='word_1_32' title='bbox 504 1015 563 1095; x_wconf 83' lang='lat' dir='ltr'>(C.)</span> <span class='ocrx_word' id='word_1_33' title='bbox 586 1015 601 1098; x_wconf 60' lang='grc' dir='ltr'><em>ᾖ</em></span> <span class='ocrx_word' id='word_1_34' title='bbox 622 1015 661 1079; x_wconf 94' lang='lat' dir='ltr'><strong>In</strong></span> <span class='ocrx_word' id='word_1_35' title='bbox 683 1018 814 1080; x_wconf 90' lang='lat' dir='ltr'><strong>nominc</strong></span> <span class='ocrx_word' id='word_1_36' title='bbox 838 1025 971 1080; x_wconf 87' lang='lat' dir='ltr'><strong>sanctae</strong></span> <span class='ocrx_word' id='word_1_37' title='bbox 994 1025 1026 1080; x_wconf 90' lang='lat' dir='ltr'><strong>et</strong></span> <span class='ocrx_word' id='word_1_38' title='bbox 1048 1014 1234 1080; x_wconf 83' lang='lat' dir='ltr'><strong>individuae</strong></span> <span class='ocrx_word' id='word_1_39' title='bbox 1256 1016 1419 1080; x_wconf 80' lang='lat' dir='ltr'><strong>trinitatis,</strong></span> <span class='ocrx_word' id='word_1_40' title='bbox 1456 1013 1534 1079; x_wconf 88' lang='lat' dir='ltr'><strong>Otto</strong></span> <span class='ocrx_word' id='word_1_41' title='bbox 1551 1016 1662 1080; x_wconf 88' lang='lat' dir='ltr'><strong>divina</strong></span> <span class='ocrx_word' id='word_1_42' title='bbox 1681 1015 1857 1080; x_wconf 79' lang='lat' dir='ltr'><strong>faventae·</strong></span> <span class='ocrx_word' id='word_1_43' title='bbox 1878 1017 2067 1082; x_wconf 89' lang='lat' dir='ltr'><strong>clementia</strong></span> 
     </span>
     <span class='ocr_line' id='line_1_6' title="bbox 399 1117 2102 1204; baseline 0.001 -22"><span class='ocrx_word' id='word_1_44' title='bbox 399 1141 468 1182; x_wconf 79' lang='lat' dir='ltr'><strong>rex.</strong></span> <span class='ocrx_word' id='word_1_45' title='bbox 566 1117 702 1182; x_wconf 83' lang='lat' dir='ltr'><strong>Noverit</strong></span> <span class='ocrx_word' id='word_1_46' title='bbox 725 1122 868 1184; x_wconf 89' lang='lat' dir='ltr'><strong>omnium</strong></span> <span class='ocrx_word' id='word_1_47' title='bbox 890 1118 1034 1184; x_wconf 90' lang='lat' dir='ltr'><strong>fidolium</strong></span> <span class='ocrx_word' id='word_1_48' title='bbox 1057 1131 1242 1184; x_wconf 88' lang='lat' dir='ltr'><strong>nostrorum</strong></span> <span class='ocrx_word' id='word_1_49' title='bbox 1266 1129 1332 1182; x_wconf 90' lang='lat' dir='ltr'><strong>tam</strong></span> <span class='ocrx_word' id='word_1_50' title='bbox 1359 1117 1374 1203; x_wconf 62' lang='grc' dir='ltr'><em>ᾗ</em></span> <span class='ocrx_word' id='word_1_51' title='bbox 1400 1122 1599 1203; x_wconf 89' lang='lat' dir='ltr'><strong>presentium</strong></span> <span class='ocrx_word' id='word_1_52' title='bbox 1622 1141 1719 1204; x_wconf 87' lang='lat' dir='ltr'><strong>quam</strong></span> <span class='ocrx_word' id='word_1_53' title='bbox 1742 1131 1773 1184; x_wconf 87' lang='lat' dir='ltr'><strong>et</strong></span> <span class='ocrx_word' id='word_1_54' title='bbox 1795 1121 1986 1186; x_wconf 72' lang='lat' dir='ltr'><strong>hunnorum</strong></span> <span class='ocrx_word' id='word_1_55' title='bbox 2015 1123 2102 1184; x_wconf 75' lang='lat' dir='ltr'><strong>ino</strong></span> 
     </span>
     <span class='ocr_line' id='line_1_7' title="bbox 401 1221 2063 1308; baseline 0.001 -22"><span class='ocrx_word' id='word_1_56' title='bbox 401 1222 534 1304; x_wconf 87' lang='lat' dir='ltr'><strong>dustria,</strong></span> <span class='ocrx_word' id='word_1_57' title='bbox 558 1222 696 1308; x_wconf 84' lang='lat' dir='ltr'><strong>qualiter</strong></span> <span class='ocrx_word' id='word_1_58' title='bbox 717 1245 777 1287; x_wconf 92' lang='lat' dir='ltr'><strong>nos</strong></span> <span class='ocrx_word' id='word_1_59' title='bbox 800 1247 859 1308; x_wconf 93' lang='lat' dir='ltr'><strong>per</strong></span> <span class='ocrx_word' id='word_1_60' title='bbox 880 1225 1096 1287; x_wconf 78' lang='lat' dir='ltr'><strong>interventum</strong></span> <span class='ocrx_word' id='word_1_61' title='bbox 1119 1222 1228 1286; x_wconf 89' lang='lat' dir='ltr'><strong>dilecti</strong></span> <span class='ocrx_word' id='word_1_62' title='bbox 1251 1224 1397 1306; x_wconf 76' lang='lat' dir='ltr'><strong>germani</strong></span> <span class='ocrx_word' id='word_1_63' title='bbox 1421 1223 1529 1287; x_wconf 89' lang='lat' dir='ltr'><strong>fratris</strong></span> <span class='ocrx_word' id='word_1_64' title='bbox 1550 1225 1653 1287; x_wconf 88' lang='lat' dir='ltr'><strong>nostri</strong></span> <span class='ocrx_word' id='word_1_65' title='bbox 1672 1224 1818 1288; x_wconf 90' lang='lat' dir='ltr'><strong>Heinrici</strong></span> <span class='ocrx_word' id='word_1_66' title='bbox 1835 1234 1867 1287; x_wconf 87' lang='lat' dir='ltr'><strong>et</strong></span> <span class='ocrx_word' id='word_1_67' title='bbox 1883 1221 2063 1288; x_wconf 88' lang='lat' dir='ltr'><strong>Cuonradi</strong></span> 
     </span>
     <span class='ocr_line' id='line_1_8' title="bbox 400 1324 2065 1412; baseline 0.001 -22"><span class='ocrx_word' id='word_1_68' title='bbox 400 1329 528 1390; x_wconf 83' lang='lat' dir='ltr'><strong>comitis</strong></span> <span class='ocrx_word' id='word_1_69' title='bbox 551 1325 698 1412; x_wconf 89' lang='lat' dir='ltr'><strong>predium</strong></span> <span class='ocrx_word' id='word_1_70' title='bbox 724 1327 856 1410; x_wconf 94' lang='lat' dir='ltr'><strong>Billingi</strong></span> <span class='ocrx_word' id='word_1_71' title='bbox 888 1327 974 1391; x_wconf 92' lang='lat' dir='ltr'><strong>illius</strong></span> <span class='ocrx_word' id='word_1_72' title='bbox 1005 1327 1138 1391; x_wconf 86' lang='lat' dir='ltr'><strong>vassalli</strong></span> <span class='ocrx_word' id='word_1_73' title='bbox 1166 1326 1264 1410; x_wconf 90' lang='lat' dir='ltr'><strong>legali</strong></span> <span class='ocrx_word' id='word_1_74' title='bbox 1293 1324 1413 1390; x_wconf 92' lang='lat' dir='ltr'><strong>iudicio</strong></span> <span class='ocrx_word' id='word_1_75' title='bbox 1443 1329 1511 1390; x_wconf 91' lang='lat' dir='ltr'><strong>iure</strong></span> <span class='ocrx_word' id='word_1_76' title='bbox 1539 1326 1716 1391; x_wconf 79' lang='lat' dir='ltr'><strong>fiseatumb</strong></span> <span class='ocrx_word' id='word_1_77' title='bbox 1744 1327 1852 1393; x_wconf 89' lang='lat' dir='ltr'><strong>denuo</strong></span> <span class='ocrx_word' id='word_1_78' title='bbox 1882 1327 1996 1393; x_wconf 88' lang='lat' dir='ltr'><strong>eidem</strong></span> <span class='ocrx_word' id='word_1_79' title='bbox 2028 1330 2065 1392; x_wconf 92' lang='lat' dir='ltr'><strong>in</strong></span> 
     </span>
     <span class='ocr_line' id='line_1_9' title="bbox 399 1430 2064 1518; baseline 0.001 -23"><span class='ocrx_word' id='word_1_80' title='bbox 399 1433 566 1516; x_wconf 91' lang='lat' dir='ltr'><strong>proprium</strong></span> <span class='ocrx_word' id='word_1_81' title='bbox 589 1430 782 1496; x_wconf 76' lang='lat' dir='ltr'><strong>donavimus</strong></span> <span class='ocrx_word' id='word_1_82' title='bbox 805 1453 879 1496; x_wconf 92' lang='lat' dir='ltr'><strong>eum</strong></span> <span class='ocrx_word' id='word_1_83' title='bbox 904 1431 1056 1496; x_wconf 92' lang='lat' dir='ltr'><strong>omnibus</strong></span> <span class='ocrx_word' id='word_1_84' title='bbox 1078 1430 1155 1495; x_wconf 91' lang='lat' dir='ltr'><strong>illuc</strong></span> <span class='ocrx_word' id='word_1_85' title='bbox 1177 1433 1247 1495; x_wconf 90' lang='lat' dir='ltr'><strong>iure</strong></span> <span class='ocrx_word' id='word_1_86' title='bbox 1269 1431 1520 1515; x_wconf 75' lang='lat' dir='ltr'><strong>pertinentibuS‚</strong></span> <span class='ocrx_word' id='word_1_87' title='bbox 1553 1431 1721 1496; x_wconf 86' lang='lat' dir='ltr'><strong>aecclesiis</strong></span> <span class='ocrx_word' id='word_1_88' title='bbox 1744 1433 1919 1518; x_wconf 85' lang='lat' dir='ltr'><strong>mancipiis</strong></span> <span class='ocrx_word' id='word_1_89' title='bbox 1943 1430 2064 1496; x_wconf 87' lang='lat' dir='ltr'><strong>aedifi·</strong></span> 
     </span>
     <span class='ocr_line' id='line_1_10' title="bbox 399 1534 2062 1622; baseline 0.001 -25"><span class='ocrx_word' id='word_1_90' title='bbox 399 1536 458 1598; x_wconf 93' lang='lat' dir='ltr'><strong>ciis</strong></span> <span class='ocrx_word' id='word_1_91' title='bbox 481 1537 568 1618; x_wconf 89' lang='lat' dir='ltr'><strong>agris</strong></span> <span class='ocrx_word' id='word_1_92' title='bbox 591 1537 692 1620; x_wconf 91' lang='lat' dir='ltr'><strong>pratis</strong></span> <span class='ocrx_word' id='word_1_93' title='bbox 715 1537 847 1620; x_wconf 86' lang='lat' dir='ltr'><strong>pascuis</strong></span> <span class='ocrx_word' id='word_1_94' title='bbox 875 1535 964 1600; x_wconf 89' lang='lat' dir='ltr'><strong>silvis</strong></span> <span class='ocrx_word' id='word_1_95' title='bbox 995 1540 1088 1620; x_wconf 88' lang='lat' dir='ltr'><strong>aquis</strong></span> <span class='ocrx_word' id='word_1_96' title='bbox 1118 1557 1339 1620; x_wconf 87' lang='lat' dir='ltr'><strong>aquarumque</strong></span> <span class='ocrx_word' id='word_1_97' title='bbox 1368 1534 1558 1599; x_wconf 89' lang='lat' dir='ltr'><strong>decursibus</strong></span> <span class='ocrx_word' id='word_1_98' title='bbox 1587 1534 1781 1601; x_wconf 89' lang='lat' dir='ltr'><strong>molendinis</strong></span> <span class='ocrx_word' id='word_1_99' title='bbox 1810 1535 2062 1622; x_wconf 87' lang='lat' dir='ltr'><strong>piscationibus</strong></span> 
     </span>
     <span class='ocr_line' id='line_1_11' title="bbox 399 1637 2116 1726; baseline 0.001 -25"><span class='ocrx_word' id='word_1_100' title='bbox 399 1638 540 1703; x_wconf 82' lang='lat' dir='ltr'><strong>exitibus</strong></span> <span class='ocrx_word' id='word_1_101' title='bbox 558 1649 590 1702; x_wconf 90' lang='lat' dir='ltr'><strong>et</strong></span> <span class='ocrx_word' id='word_1_102' title='bbox 608 1637 765 1703; x_wconf 84' lang='lat' dir='ltr'><strong>reditibus</strong></span> <span class='ocrx_word' id='word_1_103' title='bbox 785 1641 918 1725; x_wconf 88' lang='lat' dir='ltr'><strong>quesitis</strong></span> <span class='ocrx_word' id='word_1_104' title='bbox 941 1651 973 1704; x_wconf 90' lang='lat' dir='ltr'><strong>et</strong></span> <span class='ocrx_word' id='word_1_105' title='bbox 995 1639 1195 1726; x_wconf 89' lang='lat' dir='ltr'><strong>inquirendis</strong></span> <span class='ocrx_word' id='word_1_106' title='bbox 1220 1638 1433 1724; x_wconf 88' lang='lat' dir='ltr'><strong>omnibusque</strong></span> <span class='ocrx_word' id='word_1_107' title='bbox 1455 1637 1553 1703; x_wconf 89' lang='lat' dir='ltr'><strong>rebus</strong></span> <span class='ocrx_word' id='word_1_108' title='bbox 1575 1638 1750 1704; x_wconf 91' lang='lat' dir='ltr'><strong>mobilibus</strong></span> <span class='ocrx_word' id='word_1_109' title='bbox 1773 1651 1805 1704; x_wconf 88' lang='lat' dir='ltr'><strong>et</strong></span> <span class='ocrx_word' id='word_1_110' title='bbox 1826 1638 2061 1704; x_wconf 87' lang='lat' dir='ltr'><strong>inmobilibus.</strong></span> <span class='ocrx_word' id='word_1_111' title='bbox 2083 1657 2116 1704; x_wconf 88' lang='lat'><strong>10</strong></span> 
     </span>
     <span class='ocr_line' id='line_1_12' title="bbox 398 1741 2063 1829; baseline 0.002 -25"><span class='ocrx_word' id='word_1_112' title='bbox 398 1741 555 1806; x_wconf 85' lang='lat' dir='ltr'><strong>Iussirnus</strong></span> <span class='ocrx_word' id='word_1_113' title='bbox 584 1764 714 1828; x_wconf 91' lang='lat' dir='ltr'><strong>quoque</strong></span> <span class='ocrx_word' id='word_1_114' title='bbox 742 1743 805 1807; x_wconf 94' lang='lat' dir='ltr'><strong>hoc</strong></span> <span class='ocrx_word' id='word_1_115' title='bbox 834 1753 1025 1829; x_wconf 90' lang='lat' dir='ltr'><strong>preceptum</strong></span> <span class='ocrx_word' id='word_1_116' title='bbox 1054 1743 1129 1808; x_wconf 88' lang='lat' dir='ltr'><strong>inde</strong></span> <span class='ocrx_word' id='word_1_117' title='bbox 1152 1743 1316 1808; x_wconf 89' lang='lat' dir='ltr'><strong>conscribi</strong></span> <span class='ocrx_word' id='word_1_118' title='bbox 1339 1766 1439 1809; x_wconf 89' lang='lat' dir='ltr'><strong>manu</strong></span> <span class='ocrx_word' id='word_1_119' title='bbox 1460 1752 1573 1808; x_wconf 84' lang='lat' dir='ltr'><strong>nostra</strong></span> <span class='ocrx_word' id='word_1_120' title='bbox 1596 1745 1757 1828; x_wconf 87' lang='lat' dir='ltr'><strong>signatum</strong></span> <span class='ocrx_word' id='word_1_121' title='bbox 1780 1753 1812 1807; x_wconf 91' lang='lat' dir='ltr'><strong>et</strong></span> <span class='ocrx_word' id='word_1_122' title='bbox 1835 1743 1927 1808; x_wconf 88' lang='lat' dir='ltr'><strong>anuli</strong></span> <span class='ocrx_word' id='word_1_123' title='bbox 1950 1745 2063 1808; x_wconf 84' lang='lat' dir='ltr'><strong>nostri</strong></span> 
     </span>
     <span class='ocr_line' id='line_1_13' title="bbox 398 1847 836 1932; baseline 0.007 -23"><span class='ocrx_word' id='word_1_124' title='bbox 398 1848 613 1932; x_wconf 87' lang='lat' dir='ltr'><strong>impressione</strong></span> <span class='ocrx_word' id='word_1_125' title='bbox 635 1847 836 1912; x_wconf 89' lang='lat' dir='ltr'><strong>roboratum.</strong></span> 
     </span>
    </p>
   </div>
   <div class='ocr_carea' id='block_1_5' title="bbox 499 2001 2060 2211">
    <p class='ocr_par' dir='ltr' id='par_1_5' title="bbox 499 2001 2060 2211">
     <span class='ocr_line' id='line_1_14' title="bbox 500 2001 1452 2090; baseline 0 -23"><span class='ocrx_word' id='word_1_126' title='bbox 500 2005 514 2087; x_wconf 70' lang='grc' dir='ltr'>ξ</span> <span class='ocrx_word' id='word_1_127' title='bbox 536 2001 672 2087; x_wconf 88' lang='lat' dir='ltr'><strong>Signum</strong></span> <span class='ocrx_word' id='word_1_128' title='bbox 697 2003 808 2068; x_wconf 90' lang='lat' dir='ltr'><strong>domni</strong></span> <span class='ocrx_word' id='word_1_129' title='bbox 832 2002 963 2070; x_wconf 89' lang='lat' dir='ltr'><strong>Ottonis</strong></span> <span class='ocrx_word' id='word_1_130' title='bbox 987 2006 1052 2086; x_wconf 82' lang='lat' dir='ltr'><strong>(M.)</strong></span> <span class='ocrx_word' id='word_1_131' title='bbox 1077 2005 1297 2070; x_wconf 77' lang='lat' dir='ltr'><strong>serenissimi⁰</strong></span> <span class='ocrx_word' id='word_1_132' title='bbox 1319 2006 1452 2090; x_wconf 53' lang='lat' dir='ltr'><strong>regis}</strong></span> 
     </span>
     <span class='ocr_line' id='line_1_15' title="bbox 499 2122 2060 2211; baseline 0 -23"><span class='ocrx_word' id='word_1_133' title='bbox 499 2122 513 2204; x_wconf 63' lang='grc' dir='ltr'><strong>,ἓ</strong></span> <span class='ocrx_word' id='word_1_134' title='bbox 534 2125 624 2189; x_wconf 90' lang='lat' dir='ltr'><strong>Brun</strong></span> <span class='ocrx_word' id='word_1_135' title='bbox 640 2125 855 2190; x_wconf 90' lang='lat' dir='ltr'><strong>cancellarius</strong></span> <span class='ocrx_word' id='word_1_136' title='bbox 872 2126 1020 2192; x_wconf 87' lang='lat' dir='ltr'><strong>advicem</strong></span> <span class='ocrx_word' id='word_1_137' title='bbox 1035 2126 1198 2191; x_wconf 86' lang='lat' dir='ltr'><strong>Fridurici</strong></span> <span class='ocrx_word' id='word_1_138' title='bbox 1214 2125 1490 2211; x_wconf 88' lang='lat' dir='ltr'><strong>archicappellani</strong></span> <span class='ocrx_word' id='word_1_139' title='bbox 1506 2125 1692 2208; x_wconf 84' lang='lat' dir='ltr'><strong>recognovi.</strong></span> <span class='ocrx_word' id='word_1_140' title='bbox 1710 2129 1724 2210; x_wconf 66' lang='grc' dir='ltr'>ξ</span> <span class='ocrx_word' id='word_1_141' title='bbox 1748 2127 1818 2206; x_wconf 84' lang='lat' dir='ltr'>(SR.</span> <span class='ocrx_word' id='word_1_142' title='bbox 1830 2126 1908 2204; x_wconf 72' lang='lat' dir='ltr'><strong>Nu.)</strong></span> <span class='ocrx_word' id='word_1_143' title='bbox 1937 2126 1998 2206; x_wconf 84' lang='lat' dir='ltr'><strong>(Sl.</strong></span> <span class='ocrx_word' id='word_1_144' title='bbox 2017 2127 2060 2205; x_wconf 94' lang='lat'><strong>1.)</strong></span> 
     </span>
    </p>
   </div>
   <div class='ocr_carea' id='block_1_6' title="bbox 398 2278 2113 2467">
    <p class='ocr_par' dir='ltr' id='par_1_6' title="bbox 398 2278 2113 2467">
     <span class='ocr_line' id='line_1_16' title="bbox 500 2278 2113 2365; baseline -0.001 -22"><span class='ocrx_word' id='word_1_145' title='bbox 500 2280 589 2345; x_wconf 88' lang='lat' dir='ltr'><strong>Data</strong></span> <span class='ocrx_word' id='word_1_146' title='bbox 612 2299 686 2346; x_wconf 80' lang='lat' dir='ltr'>x111.</span> <span class='ocrx_word' id='word_1_147' title='bbox 709 2281 777 2345; x_wconf 83' lang='lat' dir='ltr'><strong>kal.</strong></span> <span class='ocrx_word' id='word_1_148' title='bbox 808 2292 871 2346; x_wconf 90' lang='lat' dir='ltr'><strong>oct.</strong></span> <span class='ocrx_word' id='word_1_149' title='bbox 901 2305 987 2346; x_wconf 90' lang='lat' dir='ltr'><strong>anno</strong></span> <span class='ocrx_word' id='word_1_150' title='bbox 1016 2283 1251 2347; x_wconf 87' lang='lat' dir='ltr'><strong>incarnationis</strong></span> <span class='ocrx_word' id='word_1_151' title='bbox 1282 2281 1404 2347; x_wconf 91' lang='lat' dir='ltr'><strong>domini</strong></span> <span class='ocrx_word' id='word_1_152' title='bbox 1433 2297 1661 2365; x_wconf 80' lang='lat' dir='ltr'><strong>occccxmm,</strong></span> <span class='ocrx_word' id='word_1_153' title='bbox 1695 2278 1872 2344; x_wconf 87' lang='lat' dir='ltr'><strong>indictione</strong></span> <span class='ocrx_word' id='word_1_154' title='bbox 1895 2297 1928 2363; x_wconf 85' lang='lat'><strong>1,</strong></span> <span class='ocrx_word' id='word_1_155' title='bbox 1965 2303 2059 2345; x_wconf 88' lang='lat' dir='ltr'><strong>anno</strong></span> <span class='ocrx_word' id='word_1_156' title='bbox 2080 2295 2113 2342; x_wconf 78' lang='lat'><strong>15</strong></span> 
     </span>
     <span class='ocr_line' id='line_1_17' title="bbox 398 2382 1155 2467; baseline 0.004 -20"><span class='ocrx_word' id='word_1_157' title='bbox 398 2382 510 2448; x_wconf 93' lang='lat' dir='ltr'><strong>domni</strong></span> <span class='ocrx_word' id='word_1_158' title='bbox 533 2382 664 2450; x_wconf 86' lang='lat' dir='ltr'><strong>Ottonis</strong></span> <span class='ocrx_word' id='word_1_159' title='bbox 688 2402 781 2467; x_wconf 77' lang='lat' dir='ltr'><strong>vnn3</strong></span> <span class='ocrx_word' id='word_1_160' title='bbox 804 2397 915 2451; x_wconf 88' lang='lat' dir='ltr'><strong>actum</strong></span> <span class='ocrx_word' id='word_1_161' title='bbox 937 2389 972 2450; x_wconf 92' lang='lat' dir='ltr'><strong>in</strong></span> <span class='ocrx_word' id='word_1_162' title='bbox 993 2385 1155 2450; x_wconf 86' lang='lat' dir='ltr'><strong>Botfelde.</strong></span> 
     </span>
    </p>
   </div>
   <div class='ocr_carea' id='block_1_7' title="bbox 1191 2627 1251 2700">
    <p class='ocr_par' dir='ltr' id='par_1_7' title="bbox 1191 2627 1251 2700">
     <span class='ocr_line' id='line_1_18' title="bbox 1191 2627 1251 2700; baseline 0.033 -2"><span class='ocrx_word' id='word_1_163' title='bbox 1191 2627 1251 2700; x_wconf 77' lang='lat' dir='ltr'><strong>os.</strong></span> 
     </span>
    </p>
   </div>
   <div class='ocr_carea' id='block_1_8' title="bbox 395 2779 2060 3011">
    <p class='ocr_par' dir='ltr' id='par_1_8' title="bbox 395 2779 2060 3011">
     <span class='ocr_line' id='line_1_19' title="bbox 405 2779 2060 2878; baseline -0.001 -23"><span class='ocrx_word' id='word_1_164' title='bbox 405 2779 485 2856; x_wconf 78' lang='lat' dir='ltr'><strong>Ouo</strong></span> <span class='ocrx_word' id='word_1_165' title='bbox 508 2782 650 2855; x_wconf 77' lang='lat' dir='ltr'><strong>schenkt</strong></span> <span class='ocrx_word' id='word_1_166' title='bbox 670 2782 750 2855; x_wconf 84' lang='lat' dir='ltr'><strong>dem</strong></span> <span class='ocrx_word' id='word_1_167' title='bbox 768 2781 1058 2855; x_wconf 79' lang='lat' dir='ltr'><strong>Nonnealcloster</strong></span> <span class='ocrx_word' id='word_1_168' title='bbox 1079 2808 1124 2854; x_wconf 83' lang='lat' dir='ltr'><strong>za</strong></span> <span class='ocrx_word' id='word_1_169' title='bbox 1147 2779 1396 2878; x_wconf 71' lang='lat' dir='ltr'><strong>Quodliaburq</strong></span> <span class='ocrx_word' id='word_1_170' title='bbox 1414 2781 1473 2853; x_wconf 85' lang='lat' dir='ltr'><strong>eia</strong></span> <span class='ocrx_word' id='word_1_171' title='bbox 1495 2780 1611 2852; x_wconf 82' lang='lat' dir='ltr'><strong>bisher</strong></span> <span class='ocrx_word' id='word_1_172' title='bbox 1628 2779 1707 2852; x_wconf 78' lang='lat' dir='ltr'><strong>dero</strong></span> <span class='ocrx_word' id='word_1_173' title='bbox 1725 2779 1848 2878; x_wconf 77' lang='lat' dir='ltr'><strong>Aploo</strong></span> <span class='ocrx_word' id='word_1_174' title='bbox 1867 2807 1915 2852; x_wconf 83' lang='lat' dir='ltr'><strong>za</strong></span> <span class='ocrx_word' id='word_1_175' title='bbox 1930 2782 2060 2854; x_wconf 80' lang='lat' dir='ltr'><strong>Labeo</strong></span> 
     </span>
     <span class='ocr_line' id='line_1_20' title="bbox 395 2902 2013 3011; baseline -0.001 -37"><span class='ocrx_word' id='word_1_176' title='bbox 395 2903 607 2976; x_wconf 80' lang='lat' dir='ltr'><strong>cerlielzeucs</strong></span> <span class='ocrx_word' id='word_1_177' title='bbox 630 2902 704 2979; x_wconf 65' lang='lat' dir='ltr'><strong>Grae</strong></span> <span class='ocrx_word' id='word_1_178' title='bbox 726 2904 766 2975; x_wconf 80' lang='lat' dir='ltr'><strong>ia</strong></span> <span class='ocrx_word' id='word_1_179' title='bbox 787 2903 977 3001; x_wconf 77' lang='lat' dir='ltr'><strong>Ks&#39;alinpo.</strong></span> <span class='ocrx_word' id='word_1_180' title='bbox 1478 2939 1655 3011; x_wconf 50' lang='lat' dir='ltr'><strong><em>Domum</em></strong></span> <span class='ocrx_word' id='word_1_181' title='bbox 1678 2942 1739 2999; x_wconf 69' lang='lat'><strong>944</strong></span> <span class='ocrx_word' id='word_1_182' title='bbox 1764 2937 1934 3011; x_wconf 62' lang='lat' dir='ltr'><strong>Septem</strong></span> <span class='ocrx_word' id='word_1_183' title='bbox 1957 2944 2013 2998; x_wconf 87' lang='lat'><strong>30.</strong></span> 
     </span>
    </p>
   </div>
   <div class='ocr_carea' id='block_1_9' title="bbox 502 3129 2113 3213">
    <p class='ocr_par' dir='ltr' id='par_1_9' title="bbox 502 3129 2113 3213">
     <span class='ocr_line' id='line_1_21' title="bbox 502 3129 2113 3213; baseline -0.002 -25"><span class='ocrx_word' id='word_1_184' title='bbox 502 3129 750 3203; x_wconf 68' lang='lat' dir='ltr'><strong>Oripiaoldiplom</strong></span> <span class='ocrx_word' id='word_1_185' title='bbox 774 3133 816 3188; x_wconf 81' lang='lat' dir='ltr'><strong>im</strong></span> <span class='ocrx_word' id='word_1_186' title='bbox 837 3131 865 3188; x_wconf 79' lang='lat' dir='ltr'><strong>lc.</strong></span> <span class='ocrx_word' id='word_1_187' title='bbox 890 3130 1093 3190; x_wconf 80' lang='lat' dir='ltr'><strong>Stoatsorchiu</strong></span> <span class='ocrx_word' id='word_1_188' title='bbox 1113 3149 1154 3189; x_wconf 75' lang='lat' dir='ltr'><strong>aa</strong></span> <span class='ocrx_word' id='word_1_189' title='bbox 1176 3129 1283 3188; x_wconf 79' lang='lat' dir='ltr'><strong>Berlin</strong></span> <span class='ocrx_word' id='word_1_190' title='bbox 1304 3129 1367 3208; x_wconf 80' lang='lat' dir='ltr'><em>(A).</em></span> <span class='ocrx_word' id='word_1_191' title='bbox 1527 3201 1535 3213; x_wconf 37' lang='lat'>¹</span> <span class='ocrx_word' id='word_1_192' title='bbox 2079 3137 2113 3184; x_wconf 74' lang='lat'><strong>20</strong></span> 
     </span>
    </p>
   </div>
   <div class='ocr_carea' id='block_1_10' title="bbox 499 3265 2060 3551">
    <p class='ocr_par' dir='ltr' id='par_1_10' title="bbox 499 3265 2060 3551">
     <span class='ocr_line' id='line_1_22' title="bbox 499 3265 2060 3344; baseline 0 -18"><span class='ocrx_word' id='word_1_193' title='bbox 499 3270 624 3326; x_wconf 80' lang='lat' dir='ltr'><strong>Kettncr</strong></span> <span class='ocrx_word' id='word_1_194' title='bbox 652 3270 734 3328; x_wconf 85' lang='lat' dir='ltr'><strong>Diss.</strong></span> <span class='ocrx_word' id='word_1_195' title='bbox 765 3271 801 3327; x_wconf 84' lang='lat' dir='ltr'><strong>de</strong></span> <span class='ocrx_word' id='word_1_196' title='bbox 817 3272 922 3342; x_wconf 82' lang='lat' dir='ltr'><strong>primo</strong></span> <span class='ocrx_word' id='word_1_197' title='bbox 951 3271 1047 3329; x_wconf 80' lang='lat' dir='ltr'><strong>abbat.</strong></span> <span class='ocrx_word' id='word_1_198' title='bbox 1078 3274 1096 3328; x_wconf 73' lang='lat'><strong><em>4</em></strong></span> <span class='ocrx_word' id='word_1_199' title='bbox 1126 3293 1166 3322; x_wconf 94' lang='lat'><strong><em>=</em></strong></span> <span class='ocrx_word' id='word_1_200' title='bbox 1196 3271 1299 3344; x_wconf 68' lang='lat' dir='ltr'><strong>Laniy</strong></span> <span class='ocrx_word' id='word_1_201' title='bbox 1326 3270 1394 3330; x_wconf 75' lang='grc' dir='ltr'><strong>ΒΛ.</strong></span> <span class='ocrx_word' id='word_1_202' title='bbox 1425 3265 1488 3340; x_wconf 79' lang='lat'><strong><em>10⁶,</em></strong></span> <span class='ocrx_word' id='word_1_203' title='bbox 1518 3272 1580 3328; x_wconf 78' lang='lat'><strong>855</strong></span> <span class='ocrx_word' id='word_1_204' title='bbox 1610 3274 1645 3325; x_wconf 60' lang='grc' dir='ltr'><strong>πο</strong></span> <span class='ocrx_word' id='word_1_205' title='bbox 1665 3271 1717 3326; x_wconf 83' lang='lat'><strong>27.</strong></span> <span class='ocrx_word' id='word_1_206' title='bbox 1752 3299 1790 3309; x_wconf 94' lang='lat'><em>-</em></span> <span class='ocrx_word' id='word_1_207' title='bbox 1822 3267 1954 3326; x_wconf 80' lang='lat' dir='ltr'><strong>Kettaer</strong></span> <span class='ocrx_word' id='word_1_208' title='bbox 1982 3267 2060 3328; x_wconf 73' lang='lat' dir='ltr'><strong>Ant.</strong></span> 
     </span>
     <span class='ocr_line' id='line_1_23' title="bbox 500 3371 2059 3450; baseline -0.003 -22"><span class='ocrx_word' id='word_1_209' title='bbox 500 3371 653 3448; x_wconf 78' lang='lat' dir='ltr'><strong>Quedliab.</strong></span> <span class='ocrx_word' id='word_1_210' title='bbox 677 3378 721 3433; x_wconf 78' lang='lat'><strong>12</strong></span> <span class='ocrx_word' id='word_1_211' title='bbox 742 3377 810 3432; x_wconf 68' lang='lat' dir='ltr'><strong>reo</strong></span> <span class='ocrx_word' id='word_1_212' title='bbox 832 3373 897 3450; x_wconf 66' lang='lat' dir='ltr'><strong>(apl.</strong></span> <span class='ocrx_word' id='word_1_213' title='bbox 917 3392 950 3446; x_wconf 84' lang='lat' dir='ltr'><strong>p.</strong></span> <span class='ocrx_word' id='word_1_214' title='bbox 970 3373 1044 3449; x_wconf 78' lang='lat'>692)</span> <span class='ocrx_word' id='word_1_215' title='bbox 1066 3391 1122 3433; x_wconf 74' lang='lat' dir='ltr'><strong>arcs</strong></span> <span class='ocrx_word' id='word_1_216' title='bbox 1138 3376 1175 3433; x_wconf 83' lang='grc' dir='ltr'><strong>Α.</strong></span> <span class='ocrx_word' id='word_1_217' title='bbox 1201 3407 1239 3417; x_wconf 93' lang='grc'><strong>-</strong></span> <span class='ocrx_word' id='word_1_218' title='bbox 1264 3374 1380 3447; x_wconf 72' lang='lat' dir='ltr'><strong>Bariaq</strong></span> <span class='ocrx_word' id='word_1_219' title='bbox 1397 3371 1497 3432; x_wconf 83' lang='lat' dir='ltr'><strong>Gloois</strong></span> <span class='ocrx_word' id='word_1_220' title='bbox 1519 3373 1591 3444; x_wconf 78' lang='lat' dir='ltr'><strong>dipl.</strong></span> <span class='ocrx_word' id='word_1_221' title='bbox 1616 3371 1659 3429; x_wconf 87' lang='lat' dir='ltr'><strong>cd.</strong></span> <span class='ocrx_word' id='word_1_222' title='bbox 1679 3379 1703 3442; x_wconf 86' lang='lat'><strong>1,</strong></span> <span class='ocrx_word' id='word_1_223' title='bbox 1728 3377 1768 3431; x_wconf 83' lang='lat'><strong>19</strong></span> <span class='ocrx_word' id='word_1_224' title='bbox 1792 3375 1865 3430; x_wconf 65' lang='lat'><strong>22⁰2</strong></span> <span class='ocrx_word' id='word_1_225' title='bbox 1886 3389 1946 3430; x_wconf 80' lang='lat' dir='ltr'><strong>aas</strong></span> <span class='ocrx_word' id='word_1_226' title='bbox 1962 3373 1990 3429; x_wconf 80' lang='grc' dir='ltr'><em>Α</em></span> <span class='ocrx_word' id='word_1_227' title='bbox 2018 3397 2059 3424; x_wconf 81' lang='grc'><strong>--</strong></span> 
     </span>
     <span class='ocr_line' id='line_1_24' title="bbox 500 3475 1596 3551; baseline -0.001 -17"><span class='ocrx_word' id='word_1_228' title='bbox 500 3476 610 3549; x_wconf 66' lang='lat' dir='ltr'><strong>edll,</strong></span> <span class='ocrx_word' id='word_1_229' title='bbox 635 3481 675 3537; x_wconf 85' lang='lat'><strong>15</strong></span> <span class='ocrx_word' id='word_1_230' title='bbox 698 3483 732 3534; x_wconf 57' lang='grc' dir='ltr'><strong>πθ</strong></span> <span class='ocrx_word' id='word_1_231' title='bbox 754 3483 784 3537; x_wconf 83' lang='lat'><strong>2.</strong></span> <span class='ocrx_word' id='word_1_232' title='bbox 808 3511 851 3520; x_wconf 96' lang='lat'>-</span> <span class='ocrx_word' id='word_1_233' title='bbox 873 3478 1002 3536; x_wconf 76' lang='lat' dir='ltr'><strong>Boluaer</strong></span> <span class='ocrx_word' id='word_1_234' title='bbox 1023 3479 1096 3551; x_wconf 67' lang='lat' dir='ltr'><strong>aa.</strong></span> <span class='ocrx_word' id='word_1_235' title='bbox 1120 3481 1192 3539; x_wconf 83' lang='lat'><em>123.</em></span> <span class='ocrx_word' id='word_1_236' title='bbox 1217 3511 1260 3520; x_wconf 96' lang='lat'>-</span> <span class='ocrx_word' id='word_1_237' title='bbox 1282 3475 1410 3549; x_wconf 78' lang='lat' dir='ltr'><strong>Stampf</strong></span> <span class='ocrx_word' id='word_1_238' title='bbox 1427 3477 1498 3550; x_wconf 70' lang='lat' dir='ltr'><strong>Ray.</strong></span> <span class='ocrx_word' id='word_1_239' title='bbox 1524 3479 1596 3535; x_wconf 82' lang='lat'><em>118.</em></span> 
     </span>
    </p>
   </div>
   <div class='ocr_carea' id='block_1_11' title="bbox 503 3616 1096 3691">
    <p class='ocr_par' dir='ltr' id='par_1_11' title="bbox 503 3616 1096 3691">
     <span class='ocr_line' id='line_1_25' title="bbox 503 3616 1096 3691; baseline 0.003 -17"><span class='ocrx_word' id='word_1_240' title='bbox 503 3616 637 3688; x_wconf 81' lang='lat' dir='ltr'><strong>Versusst</strong></span> <span class='ocrx_word' id='word_1_241' title='bbox 659 3617 723 3676; x_wconf 82' lang='lat' dir='ltr'><strong>aad</strong></span> <span class='ocrx_word' id='word_1_242' title='bbox 742 3617 929 3691; x_wconf 65' lang='lat' dir='ltr'><strong>pesderieben</strong></span> <span class='ocrx_word' id='word_1_243' title='bbox 951 3635 1006 3676; x_wconf 83' lang='lat' dir='ltr'><strong>aon</strong></span> <span class='ocrx_word' id='word_1_244' title='bbox 1029 3618 1096 3676; x_wconf 93' lang='lat' dir='ltr'><strong>BB.</strong></span> 
     </span>
    </p>
   </div>
   <div class='ocr_carea' id='block_1_12' title="bbox 394 3801 2114 4925">
    <p class='ocr_par' dir='ltr' id='par_1_12' title="bbox 394 3801 2114 4925">
     <span class='ocr_line' id='line_1_26' title="bbox 500 3801 2110 3886; baseline 0.001 -20"><span class='ocrx_word' id='word_1_245' title='bbox 500 3805 559 3884; x_wconf 86' lang='lat' dir='ltr'><strong>(C.)</strong></span> <span class='ocrx_word' id='word_1_246' title='bbox 582 3802 597 3884; x_wconf 70' lang='grc' dir='ltr'>ξ</span> <span class='ocrx_word' id='word_1_247' title='bbox 617 3805 656 3868; x_wconf 93' lang='lat' dir='ltr'><strong>In</strong></span> <span class='ocrx_word' id='word_1_248' title='bbox 678 3806 810 3869; x_wconf 91' lang='lat' dir='ltr'><strong>nomine</strong></span> <span class='ocrx_word' id='word_1_249' title='bbox 834 3815 968 3870; x_wconf 87' lang='lat' dir='ltr'><strong>sanctae</strong></span> <span class='ocrx_word' id='word_1_250' title='bbox 991 3813 1023 3868; x_wconf 88' lang='lat' dir='ltr'><strong>ct</strong></span> <span class='ocrx_word' id='word_1_251' title='bbox 1044 3803 1233 3868; x_wconf 90' lang='lat' dir='ltr'><strong>individuae</strong></span> <span class='ocrx_word' id='word_1_252' title='bbox 1256 3804 1420 3866; x_wconf 88' lang='lat' dir='ltr'><strong>trinitatis.</strong></span> <span class='ocrx_word' id='word_1_253' title='bbox 1459 3801 1538 3867; x_wconf 88' lang='lat' dir='ltr'><strong>Otto</strong></span> <span class='ocrx_word' id='word_1_254' title='bbox 1562 3801 1612 3866; x_wconf 93' lang='lat' dir='ltr'><strong>dei</strong></span> <span class='ocrx_word' id='word_1_255' title='bbox 1631 3803 1737 3886; x_wconf 88' lang='lat' dir='ltr'><strong>gratia</strong></span> <span class='ocrx_word' id='word_1_256' title='bbox 1754 3825 1823 3867; x_wconf 88' lang='lat' dir='ltr'><strong>rex.</strong></span> <span class='ocrx_word' id='word_1_257' title='bbox 1913 3802 2058 3867; x_wconf 86' lang='lat' dir='ltr'><strong>Noverit</strong></span> <span class='ocrx_word' id='word_1_258' title='bbox 2076 3821 2110 3868; x_wconf 74' lang='lat' dir='ltr'><strong>aa</strong></span> 
     </span>
     <span class='ocr_line' id='line_1_27' title="bbox 396 3905 2060 3992; baseline -0.003 -18"><span class='ocrx_word' id='word_1_259' title='bbox 396 3911 539 3974; x_wconf 92' lang='lat' dir='ltr'><strong>omnium</strong></span> <span class='ocrx_word' id='word_1_260' title='bbox 562 3907 708 3974; x_wconf 85' lang='lat' dir='ltr'><strong>fidelium</strong></span> <span class='ocrx_word' id='word_1_261' title='bbox 728 3918 914 3972; x_wconf 90' lang='lat' dir='ltr'><strong>nostrorum</strong></span> <span class='ocrx_word' id='word_1_262' title='bbox 937 3917 1004 3972; x_wconf 89' lang='lat' dir='ltr'><strong>tam</strong></span> <span class='ocrx_word' id='word_1_263' title='bbox 1028 3909 1227 3992; x_wconf 88' lang='lat' dir='ltr'><strong>presentium</strong></span> <span class='ocrx_word' id='word_1_264' title='bbox 1251 3929 1349 3991; x_wconf 92' lang='lat' dir='ltr'><strong>quam</strong></span> <span class='ocrx_word' id='word_1_265' title='bbox 1372 3915 1404 3969; x_wconf 89' lang='lat' dir='ltr'><strong>et</strong></span> <span class='ocrx_word' id='word_1_266' title='bbox 1426 3906 1609 3972; x_wconf 86' lang='lat' dir='ltr'><strong>futurorum</strong></span> <span class='ocrx_word' id='word_1_267' title='bbox 1637 3906 1812 3988; x_wconf 86' lang='lat' dir='ltr'><strong>industria,</strong></span> <span class='ocrx_word' id='word_1_268' title='bbox 1842 3905 1935 3992; x_wconf 90' lang='lat' dir='ltr'><strong>quod</strong></span> <span class='ocrx_word' id='word_1_269' title='bbox 1956 3905 2060 3984; x_wconf 63' lang='lat' dir='ltr'><strong>nos}</strong></span> 
     </span>
     <span class='ocr_line' id='line_1_28' title="bbox 395 4008 2058 4096; baseline -0.001 -20"><span class='ocrx_word' id='word_1_270' title='bbox 395 4011 439 4077; x_wconf 88' lang='lat' dir='ltr'><strong>ad</strong></span> <span class='ocrx_word' id='word_1_271' title='bbox 460 4013 694 4076; x_wconf 86' lang='lat' dir='ltr'><strong>monasterium</strong></span> <span class='ocrx_word' id='word_1_272' title='bbox 714 4010 985 4095; x_wconf 76' lang='lat' dir='ltr'><strong>Quidilingaburc</strong></span> <span class='ocrx_word' id='word_1_273' title='bbox 1009 4021 1242 4092; x_wconf 85' lang='lat' dir='ltr'><strong>constructum,</strong></span> <span class='ocrx_word' id='word_1_274' title='bbox 1266 4009 1321 4075; x_wconf 94' lang='lat' dir='ltr'><strong>ubi</strong></span> <span class='ocrx_word' id='word_1_275' title='bbox 1345 4008 1484 4074; x_wconf 91' lang='lat' dir='ltr'><strong>domnus</strong></span> <span class='ocrx_word' id='word_1_276' title='bbox 1508 4032 1547 4074; x_wconf 88' lang='lat' dir='ltr'><strong>ac</strong></span> <span class='ocrx_word' id='word_1_277' title='bbox 1569 4012 1697 4094; x_wconf 88' lang='lat' dir='ltr'><strong>genitor</strong></span> <span class='ocrx_word' id='word_1_278' title='bbox 1719 4019 1831 4074; x_wconf 85' lang='lat' dir='ltr'><strong>noster</strong></span> <span class='ocrx_word' id='word_1_279' title='bbox 1853 4013 1908 4096; x_wconf 72' lang='lat' dir='ltr'><strong>pie</strong></span> <span class='ocrx_word' id='word_1_280' title='bbox 1932 4032 2058 4075; x_wconf 91' lang='lat' dir='ltr'><strong>memo-</strong></span> 
     </span>
     <span class='ocr_line' id='line_1_29' title="bbox 394 4113 2059 4200; baseline 0 -22"><span class='ocrx_word' id='word_1_281' title='bbox 394 4117 462 4178; x_wconf 89' lang='lat' dir='ltr'><strong>riae</strong></span> <span class='ocrx_word' id='word_1_282' title='bbox 484 4137 544 4178; x_wconf 84' lang='lat' dir='ltr'><strong>rex</strong></span> <span class='ocrx_word' id='word_1_283' title='bbox 567 4114 741 4179; x_wconf 90' lang='lat' dir='ltr'><strong>Heinricus</strong></span> <span class='ocrx_word' id='word_1_284' title='bbox 764 4126 855 4180; x_wconf 81' lang='lat' dir='ltr'><strong>extat</strong></span> <span class='ocrx_word' id='word_1_285' title='bbox 878 4114 1055 4180; x_wconf 87' lang='lat' dir='ltr'><strong>tumulatus</strong></span> <span class='ocrx_word' id='word_1_286' title='bbox 1063 4165 1072 4197; x_wconf 79' lang='lat'><em>‚</em></span> <span class='ocrx_word' id='word_1_287' title='bbox 1107 4137 1166 4198; x_wconf 93' lang='lat' dir='ltr'><strong>pro</strong></span> <span class='ocrx_word' id='word_1_288' title='bbox 1197 4113 1342 4178; x_wconf 90' lang='lat' dir='ltr'><strong>remedio</strong></span> <span class='ocrx_word' id='word_1_289' title='bbox 1366 4116 1494 4200; x_wconf 88' lang='lat' dir='ltr'><strong>animae</strong></span> <span class='ocrx_word' id='word_1_290' title='bbox 1522 4113 1625 4196; x_wconf 86' lang='lat' dir='ltr'><strong>illius,</strong></span> <span class='ocrx_word' id='word_1_291' title='bbox 1660 4125 1790 4177; x_wconf 89' lang='lat' dir='ltr'><strong>nostrae</strong></span> <span class='ocrx_word' id='word_1_292' title='bbox 1820 4115 1922 4178; x_wconf 89' lang='lat' dir='ltr'><strong>etiam</strong></span> <span class='ocrx_word' id='word_1_293' title='bbox 1953 4137 2059 4180; x_wconf 86' lang='lat' dir='ltr'><strong>causa</strong></span> 
     </span>
     <span class='ocr_line' id='line_1_30' title="bbox 396 4216 2058 4304; baseline 0.001 -23"><span class='ocrx_word' id='word_1_294' title='bbox 396 4217 528 4300; x_wconf 88' lang='lat' dir='ltr'><strong>salutis,</strong></span> <span class='ocrx_word' id='word_1_295' title='bbox 563 4222 640 4304; x_wconf 91' lang='lat' dir='ltr'><strong>quin</strong></span> <span class='ocrx_word' id='word_1_296' title='bbox 664 4229 695 4282; x_wconf 90' lang='lat' dir='ltr'><strong>et</strong></span> <span class='ocrx_word' id='word_1_297' title='bbox 718 4222 752 4283; x_wconf 94' lang='lat' dir='ltr'><strong>in</strong></span> <span class='ocrx_word' id='word_1_298' title='bbox 774 4219 952 4283; x_wconf 90' lang='lat' dir='ltr'><strong>elemosina</strong></span> <span class='ocrx_word' id='word_1_299' title='bbox 975 4218 1062 4282; x_wconf 91' lang='lat' dir='ltr'><strong>filiae</strong></span> <span class='ocrx_word' id='word_1_300' title='bbox 1085 4229 1217 4282; x_wconf 89' lang='lat' dir='ltr'><strong>nostrae</strong></span> <span class='ocrx_word' id='word_1_301' title='bbox 1241 4216 1441 4300; x_wconf 89' lang='lat' dir='ltr'><strong>Liutgardae</strong></span> <span class='ocrx_word' id='word_1_302' title='bbox 1463 4238 1522 4301; x_wconf 93' lang='lat' dir='ltr'><strong>pro</strong></span> <span class='ocrx_word' id='word_1_303' title='bbox 1546 4217 1639 4280; x_wconf 91' lang='lat' dir='ltr'><strong>cuius</strong></span> <span class='ocrx_word' id='word_1_304' title='bbox 1662 4216 1848 4280; x_wconf 87' lang='lat' dir='ltr'><strong>infirmitate</strong></span> <span class='ocrx_word' id='word_1_305' title='bbox 1871 4216 1955 4280; x_wconf 89' lang='lat' dir='ltr'><strong>haec</strong></span> <span class='ocrx_word' id='word_1_306' title='bbox 1979 4241 2058 4304; x_wconf 86' lang='lat' dir='ltr'><strong>spo·</strong></span> 
     </span>
     <span class='ocr_line' id='line_1_31' title="bbox 395 4317 2111 4408; baseline 0.001 -23"><span class='ocrx_word' id='word_1_307' title='bbox 395 4321 579 4405; x_wconf 91' lang='lat' dir='ltr'><strong>pondimus,</strong></span> <span class='ocrx_word' id='word_1_308' title='bbox 603 4322 751 4408; x_wconf 91' lang='lat' dir='ltr'><strong>predium</strong></span> <span class='ocrx_word' id='word_1_309' title='bbox 770 4322 922 4386; x_wconf 90' lang='lat' dir='ltr'><strong>videlicet</strong></span> <span class='ocrx_word' id='word_1_310' title='bbox 945 4322 1034 4407; x_wconf 94' lang='lat' dir='ltr'><strong>quod</strong></span> <span class='ocrx_word' id='word_1_311' title='bbox 1049 4322 1207 4386; x_wconf 89' lang='lat' dir='ltr'><strong>hacteuus</strong></span> <span class='ocrx_word' id='word_1_312' title='bbox 1223 4322 1257 4384; x_wconf 89' lang='lat' dir='ltr'><strong>in</strong></span> <span class='ocrx_word' id='word_1_313' title='bbox 1271 4319 1429 4403; x_wconf 87' lang='lat' dir='ltr'><strong>Kinlinga</strong></span> <span class='ocrx_word' id='word_1_314' title='bbox 1444 4319 1589 4405; x_wconf 85' lang='lat' dir='ltr'><strong>Aginoni</strong></span> <span class='ocrx_word' id='word_1_315' title='bbox 1612 4321 1842 4386; x_wconf 86' lang='lat' dir='ltr'><strong>beneficiatum</strong></span> <span class='ocrx_word' id='word_1_316' title='bbox 1865 4317 2058 4404; x_wconf 86' lang='lat' dir='ltr'><strong>habuimus,</strong></span> <span class='ocrx_word' id='word_1_317' title='bbox 2077 4346 2111 4393; x_wconf 84' lang='lat'><strong>30</strong></span> 
     </span>
     <span class='ocr_line' id='line_1_32' title="bbox 395 4423 2058 4510; baseline 0.001 -20"><span class='ocrx_word' id='word_1_318' title='bbox 395 4449 469 4492; x_wconf 91' lang='lat' dir='ltr'><strong>cum</strong></span> <span class='ocrx_word' id='word_1_319' title='bbox 500 4427 652 4492; x_wconf 91' lang='lat' dir='ltr'><strong>omnibus</strong></span> <span class='ocrx_word' id='word_1_320' title='bbox 680 4427 756 4492; x_wconf 91' lang='lat' dir='ltr'><strong>illuc</strong></span> <span class='ocrx_word' id='word_1_321' title='bbox 786 4429 855 4492; x_wconf 88' lang='lat' dir='ltr'><strong>iure</strong></span> <span class='ocrx_word' id='word_1_322' title='bbox 885 4425 1136 4510; x_wconf 77' lang='lat' dir='ltr'><strong>pertinentibuS,</strong></span> <span class='ocrx_word' id='word_1_323' title='bbox 1172 4427 1259 4510; x_wconf 86' lang='lat' dir='ltr'><strong>agris</strong></span> <span class='ocrx_word' id='word_1_324' title='bbox 1288 4423 1445 4488; x_wconf 86' lang='lat' dir='ltr'><strong>aedificiis</strong></span> <span class='ocrx_word' id='word_1_325' title='bbox 1474 4427 1646 4510; x_wconf 88' lang='lat' dir='ltr'><strong>mancipiis</strong></span> <span class='ocrx_word' id='word_1_326' title='bbox 1677 4427 1778 4510; x_wconf 89' lang='lat' dir='ltr'><strong>pratis</strong></span> <span class='ocrx_word' id='word_1_327' title='bbox 1801 4428 1938 4510; x_wconf 89' lang='lat' dir='ltr'><strong>pascuis</strong></span> <span class='ocrx_word' id='word_1_328' title='bbox 1962 4426 2058 4491; x_wconf 90' lang='lat' dir='ltr'><strong>silvis</strong></span> 
     </span>
     <span class='ocr_line' id='line_1_33' title="bbox 395 4527 2059 4616; baseline 0.002 -22"><span class='ocrx_word' id='word_1_329' title='bbox 395 4533 488 4616; x_wconf 92' lang='lat' dir='ltr'><strong>aquis</strong></span> <span class='ocrx_word' id='word_1_330' title='bbox 518 4553 741 4616; x_wconf 87' lang='lat' dir='ltr'><strong>aquarumque</strong></span> <span class='ocrx_word' id='word_1_331' title='bbox 769 4530 961 4595; x_wconf 89' lang='lat' dir='ltr'><strong>decursibus</strong></span> <span class='ocrx_word' id='word_1_332' title='bbox 991 4528 1185 4595; x_wconf 89' lang='lat' dir='ltr'><strong>molendinis</strong></span> <span class='ocrx_word' id='word_1_333' title='bbox 1215 4527 1357 4592; x_wconf 88' lang='lat' dir='ltr'><strong>exitibus</strong></span> <span class='ocrx_word' id='word_1_334' title='bbox 1390 4538 1422 4592; x_wconf 89' lang='lat' dir='ltr'><strong>et</strong></span> <span class='ocrx_word' id='word_1_335' title='bbox 1447 4528 1604 4593; x_wconf 88' lang='lat' dir='ltr'><strong>reditibus</strong></span> <span class='ocrx_word' id='word_1_336' title='bbox 1628 4531 1761 4614; x_wconf 89' lang='lat' dir='ltr'><strong>quesitis</strong></span> <span class='ocrx_word' id='word_1_337' title='bbox 1784 4541 1816 4593; x_wconf 89' lang='lat' dir='ltr'><strong>et</strong></span> <span class='ocrx_word' id='word_1_338' title='bbox 1837 4531 2059 4615; x_wconf 79' lang='lat' dir='ltr'><strong>inquirendis,</strong></span> 
     </span>
     <span class='ocr_line' id='line_1_34' title="bbox 394 4631 2059 4719; baseline 0.002 -21"><span class='ocrx_word' id='word_1_339' title='bbox 394 4637 427 4698; x_wconf 91' lang='lat' dir='ltr'><strong>in</strong></span> <span class='ocrx_word' id='word_1_340' title='bbox 456 4658 534 4701; x_wconf 93' lang='lat' dir='ltr'><strong>usus</strong></span> <span class='ocrx_word' id='word_1_341' title='bbox 561 4638 723 4719; x_wconf 88' lang='lat' dir='ltr'><strong>virginum</strong></span> <span class='ocrx_word' id='word_1_342' title='bbox 751 4634 832 4700; x_wconf 92' lang='lat' dir='ltr'><strong>inibi</strong></span> <span class='ocrx_word' id='word_1_343' title='bbox 861 4633 923 4699; x_wconf 92' lang='lat' dir='ltr'><strong>deo</strong></span> <span class='ocrx_word' id='word_1_344' title='bbox 952 4633 1179 4699; x_wconf 88' lang='lat' dir='ltr'><strong>famulantium</strong></span> <span class='ocrx_word' id='word_1_345' title='bbox 1206 4633 1275 4697; x_wconf 91' lang='lat' dir='ltr'><strong>iure</strong></span> <span class='ocrx_word' id='word_1_346' title='bbox 1298 4634 1430 4717; x_wconf 90' lang='lat' dir='ltr'><strong>perenni</strong></span> <span class='ocrx_word' id='word_1_347' title='bbox 1453 4634 1488 4697; x_wconf 95' lang='lat' dir='ltr'><strong>in</strong></span> <span class='ocrx_word' id='word_1_348' title='bbox 1511 4634 1678 4717; x_wconf 91' lang='lat' dir='ltr'><strong>proprium</strong></span> <span class='ocrx_word' id='word_1_349' title='bbox 1702 4631 1907 4698; x_wconf 90' lang='lat' dir='ltr'><strong>donavimus.</strong></span> <span class='ocrx_word' id='word_1_350' title='bbox 1954 4635 2059 4701; x_wconf 90' lang='lat' dir='ltr'><strong>Iussi·</strong></span> 
     </span>
     <span class='ocr_line' id='line_1_35' title="bbox 394 4736 2060 4825; baseline 0 -21"><span class='ocrx_word' id='word_1_351' title='bbox 394 4761 465 4804; x_wconf 89' lang='lat' dir='ltr'><strong>mus</strong></span> <span class='ocrx_word' id='word_1_352' title='bbox 489 4762 617 4825; x_wconf 91' lang='lat' dir='ltr'><strong>quoque</strong></span> <span class='ocrx_word' id='word_1_353' title='bbox 640 4740 702 4804; x_wconf 93' lang='lat' dir='ltr'><strong>hoc</strong></span> <span class='ocrx_word' id='word_1_354' title='bbox 725 4749 915 4825; x_wconf 90' lang='lat' dir='ltr'><strong>preceptum</strong></span> <span class='ocrx_word' id='word_1_355' title='bbox 938 4737 1013 4824; x_wconf 88' lang='lat' dir='ltr'><strong>inde</strong></span> <span class='ocrx_word' id='word_1_356' title='bbox 1037 4736 1200 4801; x_wconf 90' lang='lat' dir='ltr'><strong>conscribi</strong></span> <span class='ocrx_word' id='word_1_357' title='bbox 1223 4758 1323 4800; x_wconf 91' lang='lat' dir='ltr'><strong>manu</strong></span> <span class='ocrx_word' id='word_1_358' title='bbox 1345 4746 1458 4801; x_wconf 91' lang='lat' dir='ltr'><strong>nostra</strong></span> <span class='ocrx_word' id='word_1_359' title='bbox 1486 4738 1650 4820; x_wconf 86' lang='lat' dir='ltr'><strong>signatum</strong></span> <span class='ocrx_word' id='word_1_360' title='bbox 1680 4746 1711 4800; x_wconf 90' lang='lat' dir='ltr'><strong>et</strong></span> <span class='ocrx_word' id='word_1_361' title='bbox 1740 4736 1829 4800; x_wconf 87' lang='lat' dir='ltr'><strong>anuli</strong></span> <span class='ocrx_word' id='word_1_362' title='bbox 1859 4741 1966 4803; x_wconf 86' lang='lat' dir='ltr'><strong>nostri</strong></span> <span class='ocrx_word' id='word_1_363' title='bbox 1997 4741 2060 4805; x_wconf 90' lang='lat' dir='ltr'><strong>im-</strong></span> 
     </span>
     <span class='ocr_line' id='line_1_36' title="bbox 397 4842 2114 4925; baseline 0.005 -20"><span class='ocrx_word' id='word_1_364' title='bbox 397 4845 563 4925; x_wconf 86' lang='lat' dir='ltr'><strong>pressione</strong></span> <span class='ocrx_word' id='word_1_365' title='bbox 585 4842 785 4908; x_wconf 89' lang='lat' dir='ltr'><strong>roboratum.</strong></span> <span class='ocrx_word' id='word_1_366' title='bbox 2080 4865 2114 4913; x_wconf 82' lang='lat'><strong>35</strong></span> 
     </span>
    </p>
   </div>
   <div class='ocr_carea' id='block_1_13' title="bbox 495 4977 2061 5170">
    <p class='ocr_par' dir='ltr' id='par_1_13' title="bbox 495 4977 2061 5170">
     <span class='ocr_line' id='line_1_37' title="bbox 496 4977 1451 5065; baseline -0.003 -20"><span class='ocrx_word' id='word_1_367' title='bbox 496 4977 510 5056; x_wconf 66' lang='grc' dir='ltr'>ξ</span> <span class='ocrx_word' id='word_1_368' title='bbox 532 4980 667 5064; x_wconf 88' lang='lat' dir='ltr'><strong>Signum</strong></span> <span class='ocrx_word' id='word_1_369' title='bbox 691 4981 801 5046; x_wconf 92' lang='lat' dir='ltr'><strong>domni</strong></span> <span class='ocrx_word' id='word_1_370' title='bbox 827 4979 957 5044; x_wconf 88' lang='lat' dir='ltr'><strong>Ottonis</strong></span> <span class='ocrx_word' id='word_1_371' title='bbox 983 4980 1072 5060; x_wconf 74' lang='lat' dir='ltr'>(MP.)</span> <span class='ocrx_word' id='word_1_372' title='bbox 1098 4980 1295 5043; x_wconf 88' lang='lat' dir='ltr'><strong>serenissimi</strong></span> <span class='ocrx_word' id='word_1_373' title='bbox 1318 4980 1451 5065; x_wconf 61' lang='lat' dir='ltr'><strong>regis}</strong></span> 
     </span>
     <span class='ocr_line' id='line_1_38' title="bbox 495 5082 2061 5170; baseline 0.001 -22"><span class='ocrx_word' id='word_1_374' title='bbox 495 5082 510 5163; x_wconf 71' lang='grc' dir='ltr'>ξ</span> <span class='ocrx_word' id='word_1_375' title='bbox 531 5085 621 5148; x_wconf 90' lang='lat' dir='ltr'><strong>Brun</strong></span> <span class='ocrx_word' id='word_1_376' title='bbox 637 5083 854 5148; x_wconf 91' lang='lat' dir='ltr'><strong>cancellarius</strong></span> <span class='ocrx_word' id='word_1_377' title='bbox 870 5083 1019 5148; x_wconf 89' lang='lat' dir='ltr'><strong>advicom</strong></span> <span class='ocrx_word' id='word_1_378' title='bbox 1034 5083 1196 5148; x_wconf 88' lang='lat' dir='ltr'><strong>Fridurici</strong></span> <span class='ocrx_word' id='word_1_379' title='bbox 1214 5082 1490 5170; x_wconf 87' lang='lat' dir='ltr'><strong>archicappellani</strong></span> <span class='ocrx_word' id='word_1_380' title='bbox 1506 5085 1693 5168; x_wconf 83' lang='lat' dir='ltr'><strong>recognovi.</strong></span> <span class='ocrx_word' id='word_1_381' title='bbox 1709 5087 1722 5168; x_wconf 65' lang='grc' dir='ltr'>ξ</span> <span class='ocrx_word' id='word_1_382' title='bbox 1739 5085 1808 5162; x_wconf 76' lang='lat' dir='ltr'><strong>(SR</strong></span> <span class='ocrx_word' id='word_1_383' title='bbox 1825 5083 1904 5163; x_wconf 79' lang='lat' dir='ltr'>NN.)</span> <span class='ocrx_word' id='word_1_384' title='bbox 1934 5087 1997 5166; x_wconf 87' lang='lat' dir='ltr'>(SI.</span> <span class='ocrx_word' id='word_1_385' title='bbox 2016 5089 2061 5167; x_wconf 93' lang='lat'><strong>1.)</strong></span> 
     </span>
    </p>
   </div>
   <div class='ocr_carea' id='block_1_14' title="bbox 393 5217 2062 5407">
    <p class='ocr_par' dir='ltr' id='par_1_14' title="bbox 393 5217 2062 5407">
     <span class='ocr_line' id='line_1_39' title="bbox 495 5217 2062 5306; baseline 0 -21"><span class='ocrx_word' id='word_1_386' title='bbox 495 5221 585 5286; x_wconf 87' lang='lat' dir='ltr'><strong>Data</strong></span> <span class='ocrx_word' id='word_1_387' title='bbox 613 5239 648 5286; x_wconf 89' lang='lat'><strong>11.</strong></span> <span class='ocrx_word' id='word_1_388' title='bbox 672 5221 739 5286; x_wconf 83' lang='lat' dir='ltr'><strong>kal.</strong></span> <span class='ocrx_word' id='word_1_389' title='bbox 771 5232 835 5285; x_wconf 88' lang='lat' dir='ltr'><strong>oet.</strong></span> <span class='ocrx_word' id='word_1_390' title='bbox 867 5243 953 5285; x_wconf 87' lang='lat' dir='ltr'><strong>anno</strong></span> <span class='ocrx_word' id='word_1_391' title='bbox 983 5223 1218 5285; x_wconf 87' lang='lat' dir='ltr'><strong>incarnationis</strong></span> <span class='ocrx_word' id='word_1_392' title='bbox 1248 5221 1370 5296; x_wconf 89' lang='lat' dir='ltr'><strong>domini</strong></span> <span class='ocrx_word' id='word_1_393' title='bbox 1400 5238 1632 5305; x_wconf 73' lang='lat' dir='ltr'><strong>Dccccxhun,</strong></span> <span class='ocrx_word' id='word_1_394' title='bbox 1666 5217 1842 5286; x_wconf 88' lang='lat' dir='ltr'><strong>indictione</strong></span> <span class='ocrx_word' id='word_1_395' title='bbox 1866 5232 1926 5306; x_wconf 68' lang='grc' dir='ltr'><strong>ν’,</strong></span> <span class='ocrx_word' id='word_1_396' title='bbox 1967 5248 2062 5292; x_wconf 81' lang='lat' dir='ltr'><strong>anno</strong></span> 
     </span>
     <span class='ocr_line' id='line_1_40' title="bbox 393 5323 1197 5407; baseline 0.001 -20"><span class='ocrx_word' id='word_1_397' title='bbox 393 5323 503 5388; x_wconf 92' lang='lat' dir='ltr'><strong>domni</strong></span> <span class='ocrx_word' id='word_1_398' title='bbox 528 5323 658 5389; x_wconf 87' lang='lat' dir='ltr'><strong>Ottonis</strong></span> <span class='ocrx_word' id='word_1_399' title='bbox 682 5342 780 5407; x_wconf 79' lang='lat' dir='ltr'><strong>vnn3</strong></span> <span class='ocrx_word' id='word_1_400' title='bbox 808 5335 917 5388; x_wconf 89' lang='lat' dir='ltr'><strong>actum</strong></span> <span class='ocrx_word' id='word_1_401' title='bbox 940 5326 975 5388; x_wconf 92' lang='lat' dir='ltr'><strong>in</strong></span> <span class='ocrx_word' id='word_1_402' title='bbox 996 5323 1197 5388; x_wconf 86' lang='lat' dir='ltr'><strong>Tarncburc.</strong></span> 
     </span>
    </p>
   </div>
   <div class='ocr_carea' id='block_1_15' title="bbox 496 5511 2121 5649">
    <p class='ocr_par' dir='ltr' id='par_1_15' title="bbox 496 5511 2121 5649">
     <span class='ocr_line' id='line_1_41' title="bbox 496 5511 2121 5582; baseline -0.002 -15"><span class='ocrx_word' id='word_1_403' title='bbox 496 5512 537 5570; x_wconf 69' lang='lat'><strong>⁶⁰.</strong></span> <span class='ocrx_word' id='word_1_404' title='bbox 567 5513 662 5582; x_wconf 79' lang='lat' dir='ltr'><strong>[Foltz]</strong></span> <span class='ocrx_word' id='word_1_405' title='bbox 760 5517 787 5580; x_wconf 86' lang='lat' dir='ltr'><strong>a)</strong></span> <span class='ocrx_word' id='word_1_406' title='bbox 805 5513 828 5564; x_wconf 82' lang='lat' dir='ltr'><em>A</em></span> <span class='ocrx_word' id='word_1_407' title='bbox 917 5515 944 5579; x_wconf 91' lang='lat' dir='ltr'><strong>b)</strong></span> <span class='ocrx_word' id='word_1_408' title='bbox 962 5531 1028 5563; x_wconf 67' lang='lat' dir='ltr'><strong>corr.</strong></span> <span class='ocrx_word' id='word_1_409' title='bbox 1047 5531 1095 5563; x_wconf 74' lang='lat' dir='ltr'><strong>arcs</strong></span> <span class='ocrx_word' id='word_1_410' title='bbox 1112 5515 1143 5563; x_wconf 85' lang='lat' dir='ltr'><strong>fir</strong></span> <span class='ocrx_word' id='word_1_411' title='bbox 1231 5519 1256 5578; x_wconf 89' lang='lat' dir='ltr'><strong>c)</strong></span> <span class='ocrx_word' id='word_1_412' title='bbox 1274 5516 1360 5566; x_wconf 67' lang='lat' dir='ltr'><strong>indm</strong></span> <span class='ocrx_word' id='word_1_413' title='bbox 1377 5513 1419 5566; x_wconf 79' lang='lat' dir='ltr'><strong>die</strong></span> <span class='ocrx_word' id='word_1_414' title='bbox 1436 5515 1550 5580; x_wconf 56' lang='lat' dir='ltr'><strong>&amp;aaa</strong></span> <span class='ocrx_word' id='word_1_415' title='bbox 1569 5517 1604 5565; x_wconf 87' lang='lat' dir='ltr'><strong>mi</strong></span> <span class='ocrx_word' id='word_1_416' title='bbox 1622 5517 1651 5564; x_wconf 80' lang='lat' dir='ltr'><strong>ia</strong></span> <span class='ocrx_word' id='word_1_417' title='bbox 1669 5517 1711 5564; x_wconf 75' lang='lat' dir='ltr'><strong>eia</strong></span> <span class='ocrx_word' id='word_1_418' title='bbox 1728 5511 1800 5564; x_wconf 72' lang='lat' dir='ltr'><strong>Loca</strong></span> <span class='ocrx_word' id='word_1_419' title='bbox 1818 5513 1866 5564; x_wconf 74' lang='lat' dir='ltr'><strong>dec</strong></span> <span class='ocrx_word' id='word_1_420' title='bbox 1884 5515 2067 5582; x_wconf 63' lang='lat' dir='ltr'><strong>Pes-paam</strong></span> <span class='ocrx_word' id='word_1_421' title='bbox 2085 5523 2121 5572; x_wconf 77' lang='grc'><strong>40</strong></span> 
     </span>
     <span class='ocr_line' id='line_1_42' title="bbox 561 5582 1165 5649; baseline 0.003 -16"><span class='ocrx_word' id='word_1_422' title='bbox 561 5584 673 5649; x_wconf 57' lang='lat' dir='ltr'><strong>periet,</strong></span> <span class='ocrx_word' id='word_1_423' title='bbox 697 5584 785 5634; x_wconf 60' lang='lat' dir='ltr'><strong>aas&amp;</strong></span> <span class='ocrx_word' id='word_1_424' title='bbox 802 5586 840 5633; x_wconf 76' lang='lat' dir='ltr'><strong>eie</strong></span> <span class='ocrx_word' id='word_1_425' title='bbox 859 5583 991 5634; x_wconf 70' lang='lat' dir='ltr'><strong>melma</strong></span> <span class='ocrx_word' id='word_1_426' title='bbox 1008 5582 1165 5635; x_wconf 73' lang='lat' dir='ltr'><strong>wiederholt.</strong></span> 
     </span>
    </p>
   </div>
   <div class='ocr_carea' id='block_1_16' title="bbox 494 5684 1715 5754">
    <p class='ocr_par' dir='ltr' id='par_1_16' title="bbox 494 5684 1715 5754">
     <span class='ocr_line' id='line_1_43' title="bbox 494 5684 1715 5754; baseline 0 -16"><span class='ocrx_word' id='word_1_427' title='bbox 494 5684 536 5738; x_wconf 75' lang='lat'><strong>⁸1.</strong></span> <span class='ocrx_word' id='word_1_428' title='bbox 568 5685 675 5754; x_wconf 84' lang='lat' dir='ltr'><strong>[Siekel]</strong></span> <span class='ocrx_word' id='word_1_429' title='bbox 780 5689 808 5748; x_wconf 87' lang='lat' dir='ltr'><strong>a)</strong></span> <span class='ocrx_word' id='word_1_430' title='bbox 826 5703 876 5738; x_wconf 84' lang='lat' dir='ltr'><strong>oon</strong></span> <span class='ocrx_word' id='word_1_431' title='bbox 894 5685 955 5737; x_wconf 89' lang='lat' dir='ltr'><strong>BB.</strong></span> <span class='ocrx_word' id='word_1_432' title='bbox 974 5688 1137 5752; x_wconf 62' lang='lat' dir='ltr'><strong>malassar</strong></span> <span class='ocrx_word' id='word_1_433' title='bbox 1153 5687 1209 5738; x_wconf 75' lang='lat' dir='ltr'><strong>aad</strong></span> <span class='ocrx_word' id='word_1_434' title='bbox 1225 5704 1275 5739; x_wconf 82' lang='lat' dir='ltr'><strong>oon</strong></span> <span class='ocrx_word' id='word_1_435' title='bbox 1293 5687 1404 5739; x_wconf 69' lang='lat' dir='ltr'><strong>orsdm</strong></span> <span class='ocrx_word' id='word_1_436' title='bbox 1420 5687 1504 5738; x_wconf 80' lang='lat' dir='ltr'><strong>Hand</strong></span> <span class='ocrx_word' id='word_1_437' title='bbox 1522 5687 1715 5753; x_wconf 72' lang='lat' dir='ltr'><strong>mehyetropea</strong></span> 
     </span>
    </p>
   </div>
   <div class='ocr_carea' id='block_1_17' title="bbox 0 0 2282 6407">
    <p class='ocr_par' dir='ltr' id='par_1_17' title="bbox 0 0 2282 6407">
     <span class='ocr_line' id='line_1_44' title="bbox 0 0 2282 6407; baseline 0 0"><span class='ocrx_word' id='word_1_438' title='bbox 0 0 2282 6407; x_wconf 95' lang='lat' dir='ltr'><strong> </strong></span> 
     </span>
    </p>
   </div>
  </div>
 </body>
</html>
