4538 6436
880 434 1004 492 ΟΤΤΟ
1027 435 1052 489 1.
1076 429 1147 487 969.
1772 425 1832 490 511

188 617 390 704 diversisque
410 616 540 680 familiis
556 639 615 701 per
630 615 691 680 hoc
706 625 854 680 nostrum
869 615 979 699 regale
995 623 1183 700 preceptum
1200 614 1259 684 sub
1276 623 1390 679 nostra
1405 636 1693 701 successorumque
1709 627 1835 685 nostro·

187 745 258 786 rum
282 721 470 788 defensione
494 720 657 786 salvantes
681 720 872 804 recepimus,
897 718 1129 782 confirmantes
1144 716 1296 782 videlicet
1314 721 1361 783 eis
1379 741 1473 785 omne
1488 723 1708 806 conquisitum
1723 745 1835 788 eorum

187 835 255 889 tam
284 827 318 889 in
343 828 436 890 terris
459 834 491 888 et
512 825 617 888 vineis
646 844 744 908 quam
772 823 805 886 in
834 821 970 885 diversis
1001 821 1232 905 speciminibus
1262 822 1413 887 domibus
1443 833 1541 909 atque
1570 827 1834 910 possessionibus

186 951 245 1015 per
268 928 395 1014 singula
418 938 453 992 ut
476 927 619 992 diximus
641 926 716 990 loca
738 936 770 989 et
791 927 963 1004 territoria,
992 924 1218 1010 undecumque
1247 924 1311 988 illis
1334 947 1392 1010 per
1419 925 1676 1012 quemcumque‘
1704 928 1835 993 modurn

153 1031 237 1096 ovel
261 1032 390 1096 titulum
413 1030 586 1096 advenisse
608 1039 788 1095 noscuntur
809 1029 862 1093 vel
885 1031 1018 1094 inantea
1039 1028 1263 1116 adquisierint,
1289 1031 1357 1094 sive
1381 1031 1478 1095 etiarn
1503 1029 1714 1096 concedimus
1738 1043 1835 1119 atque

186 1135 418 1199 confirmamus
440 1134 633 1220 generaliter
656 1133 812 1220 predictis
837 1133 985 1198 omnibus
1009 1134 1178 1197 canonicis
1198 1143 1309 1216 sancte
1325 1133 1544 1199 Bononiensis
1563 1135 1681 1220 eclesie
1699 1135 1835 1201 inlibate

186 1237 310 1324 absque
333 1237 471 1303 alicuius
493 1236 757 1302 contradiccione
782 1236 937 1322 quicquid
959 1236 1181 1301 condonatum
1200 1236 1253 1300 vel
1276 1258 1469 1301 concessum
1490 1238 1553 1302 fuit
1574 1237 1638 1302 illis
1661 1237 1714 1303 vel
1737 1261 1833 1302 cano-

185 1343 258 1424 nice
282 1340 412 1405 illorum
435 1341 477 1404 ab
501 1363 615 1405 eorum
637 1341 801 1425 episcopis
824 1349 881 1405 aut
904 1362 924 1404 a
947 1338 1145 1424 quibuslibet
1168 1339 1264 1404 deum
1287 1341 1475 1404 timentibus
1501 1339 1688 1406 hominibus
1711 1351 1779 1406 tam
1802 1344 1835 1405 in

186 1441 332 1507 curtibus
353 1465 450 1529 quam
469 1445 503 1508 in
517 1441 603 1507 villis
628 1465 685 1506 seu
707 1444 907 1507 massariciis
930 1442 982 1506 vel
1005 1440 1175 1507 libellariis
1198 1464 1257 1506 nec
1281 1465 1347 1506 non
1370 1445 1458 1506 etin
1482 1443 1740 1529 quibuscumque
1759 1467 1834 1509 con-

136 1561 168 1609 10
187 1545 390 1610 cessionibus
420 1548 488 1610 sive
518 1568 576 1630 per
603 1555 792 1632 preceptum
815 1546 868 1610 vel
897 1569 955 1632 per
983 1545 1119 1632 aliquod
1146 1548 1371 1610 concessionis
1400 1546 1529 1612 titulum
1558 1546 1741 1632 possidere,
1774 1571 1834 1612 nec

185 1671 251 1714 non
275 1659 307 1713 et
329 1649 539 1714 concedimus
567 1649 631 1713 illis
659 1672 717 1735 per
739 1648 823 1715 banc
845 1651 948 1714 nostri
972 1650 1117 1735 precepti
1139 1649 1191 1713 vel
1215 1650 1436 1714 concessionis
1460 1651 1614 1735 paginam
1636 1653 1833 1736 portaticum

186 1751 352 1818 toloneum
375 1754 550 1838 ripaticum
573 1761 723 1838 paratam
745 1761 777 1816 et
801 1753 1027 1818 abataticumg
1049 1762 1081 1816 et
1104 1752 1229 1838 absque
1252 1752 1363 1837 aliqua
1387 1752 1520 1837 publica
1543 1754 1708 1820 functione
1728 1757 1834 1841 quiete

184 1857 293 1920 vivere
316 1855 376 1920 sub
399 1857 463 1920 hoc
486 1865 597 1920 nostro
621 1855 720 1920 divali
744 1865 898 1942 precepto
923 1865 955 1919 et
977 1856 1206 1936 concessione,
1238 1863 1273 1918 ut
1302 1854 1362 1918 deo
1391 1857 1576 1942 sanctisque
1601 1857 1750 1921 omnibus
1773 1879 1833 1942 pro

186 1960 363 2026 stabilitate
392 1961 496 2026 nostri
525 1961 652 2044 imperii
683 1981 796 2044 preces
823 1961 1024 2023 incessanter
1045 1956 1193 2022 fundant.
1238 1957 1452 2042 Pracipiendo
1476 1980 1605 2044 quoque
1627 1957 1776 2023 iubemus
1799 1969 1834 2022 ut

135 2077 167 2124 16
185 2063 291 2129 nullus
320 2061 488 2127 iudiciaria
516 2063 689 2147 potestatis
719 2061 787 2126 dux
813 2060 959 2126 marchio
982 2083 1092 2125 comes
1116 2063 1300 2124 vicecomes
1324 2059 1528 2140 sculdascius
1552 2061 1754 2147 locopositus
1778 2072 1835 2127 aut

186 2165 338 2254 quislibet
359 2164 511 2252 publicus
539 2175 675 2229 exactor
703 2187 807 2251 neque
836 2165 947 2250 aliqua
975 2186 1115 2249 persona
1144 2165 1398 2249 uniuscuiusque
1429 2163 1552 2228 ordinis
1583 2173 1639 2228 aut
1667 2163 1834 2248 dignitatis

186 2292 288 2356 parva
311 2269 362 2334 vel
385 2291 506 2354 magna
528 2289 669 2354 persona
690 2271 724 2332 in
747 2267 845 2333 rebus
867 2271 970 2353 ipsius
994 2267 1152 2352 canonice
1180 2267 1339 2353 placitum
1365 2253 1475 2332 tenere
1497 2290 1603 2353 neque
1625 2269 1660 2331 in
1683 2266 1834 2333 domibus

184 2396 295 2437 eorum
319 2371 453 2459 aliquod
475 2373 747 2437 mansionaticum
771 2371 880 2436 facere
902 2394 1007 2457 neque
1030 2369 1177 2434 homines
1197 2392 1308 2434 eorum
1328 2369 1585 2457 cuiluscumque]
1604 2369 1726 2436 ordinis
1744 2370 1835 2436 cleri-

186 2496 242 2539 cos
266 2474 317 2539 vel
339 2473 443 2540 laicos
464 2472 586 2539 liberos
609 2471 830 2539 conditicios¹¹
854 2471 1059 2557 libell[arios]
1084 2495 1123 2536 ac
1146 2473 1325 2539 cartulatos
1348 2473 1400 2538 vel
1424 2485 1662 2559 superterram
1688 2477 1833 2561 ipsorum

134 2591 168 2639 ao
185 2577 363 2642 residentes
387 2599 493 2663 neque
516 2599 627 2641 servos
643 2577 694 2641 vel
717 2575 853 2641 ancillas
875 2579 1043 2662 utriusque
1067 2598 1166 2640 sexus
1190 2575 1233 2640 ad
1257 2575 1412 2660 placitum
1439 2575 1569 2658 [ducere
1589 2599 1649 2641 nec
1667 2576 1834 2662 pilgnumi

186 2681 299 2748 tollere
323 2691 380 2746 aut
405 2680 578 2746 molestare
605 2679 657 2746 vel
686 2679 853 2764 flagellare
882 2679 1078 2764 presuma[t,
1111 2679 1168 2744 sed
1198 2681 1296 2744 liceat
1326 2677 1492 2766 predictlis
1522 2682 1690 2746 canonicis
1721 2691 1835 2745 sancte

186 2786 405 2850 Bononiensis
434 2784 552 2869 eclesie
582 2805 776 2868 suorumque
800 2781 1045 2848 successoribus
1070 2783 1221 2848 omnibus
1244 2781 1341 2847 rebus
1365 2793 1396 2846 et
1416 2782 1549 2847 familiis
1573 2806 1685 2849 eorum
1708 2806 1833 2848 eorum·

185 2910 246 2974 que
273 2887 451 2980 [canonicis
476 2885 604 2972 omlnik
626 2895 772 2972 tempore
795 2886 855 2951 sub
872 2887 1025 2951 tuicionis
1040 2897 1150 2971 nostre
1166 2889 1343 2951 munimine
1361 2889 1468 2971 quiete
1486 2885 1530 2970 [et
1544 2887 1680 2972 pacifice
1695 2887 1832 2970 remota]

184 2992 290 3055 tocius
313 2993 486 3076 potestatis
509 2989 732 3077 inquietudine
755 3011 954 3075 permanere.
1000 2990 1035 3055 si
1059 2992 1131 3076 quis
1154 3000 1264 3054 autem
1287 2992 1478 3055 temerarius
1502 3001 1616 3056 contra
1637 2990 1700 3055 hoc
1723 3001 1833 3074 nostre

134 3108 168 3156 aa
187 3094 449 3159 confirmacionis
479 3095 765 3178 concessionisque
795 3114 835 3157 ac
865 3094 1017 3158 tuicionis
1047 3103 1237 3179 preceptum
1266 3095 1312 3156 ire
1343 3091 1563 3178 temptaver[it
1591 3103 1648 3159 aut
1676 3091 1833 3180 aliquam]

184 3197 453 3262 molestacionem
474 3197 592 3261 inferre
616 3195 814 3282 aliquando¹
839 3199 1073 3282 presumpserit
1095 3205 1128 3260 et
1152 3219 1214 3282 que
1239 3199 1385 3282 superius
1410 3199 1532 3282 scripta
1550 3206 1627 3261 sunt
1644 3218 1710 3262 non
1726 3196 1834 3260 obser-

184 3303 346 3382 vaveritm,
370 3298 455 3364 siatd
479 3323 513 3365 se
536 3302 795 3385 compositurum
819 3301 888 3364 auri
914 3299 1026 3364 obtimi
1049 3299 1151 3364 libras
1175 3311 1315 3383 centum,
1338 3300 1546 3365 medietatem
1568 3300 1697 3387 palacio
1721 3310 1833 3365 nostro

185 3413 217 3468 et
239 3405 446 3470 medietatem
469 3403 625 3491 predictis
648 3404 816 3468 canonicis
842 3403 972 3490 suisque
996 3404 1252 3468 successoribus.
1287 3404 1331 3468 Et
1349 3415 1385 3469 ut
1402 3404 1444 3469 ab
1469 3403 1620 3469 omnibus
1636 3405 1744 3468 verius
1767 3426 1834 3468 cre-

186 3507 282 3572 datur
304 3507 561 3593 diligenciusque
585 3506 784 3589 observetur,
809 3507 908 3572 anulo
931 3516 1045 3572 nostro
1069 3509 1102 3572 in
1125 3508 1218 3572 calce
1240 3509 1393 3572 iussimus
1418 3507 1563 3593 sigillari.

135 3665 169 3716 30

287 3747 519 3830 {Ambrosius
547 3748 764 3813 cancellarius
792 3747 943 3814 advicem
965 3749 1105 3813 Huberti
1128 3749 1276 3834 episcopi
1300 3758 1332 3812 et
1354 3747 1633 3814 archicancellarii
1657 3754 1834 3835 recognovi

185 3862 218 3918 et
240 3852 430 3938 subscripsi.
452 3852 466 3934 ξ

286 3991 377 4055 Data
405 4008 470 4054 1111.
499 3990 566 4054 kal.
596 3993 672 4055 mai.
702 4013 789 4057 anno
818 3990 980 4076 dominice
1010 3993 1252 4056 incarnacionis
1281 4007 1534 4075 Dccccnxvnn,
1569 3993 1746 4058 indictione
1771 4012 1833 4076 ΧΗ,

185 4095 312 4180 imperii
335 4116 413 4158 vero
436 4094 548 4158 domni
571 4092 730 4158 Ottonis¹¹
759 4096 897 4182 piissimi
928 4095 1050 4179 cesaris
1074 4113 1154 4177 V1113
1189 4105 1298 4160 actum
1320 4097 1356 4160 in
1377 4095 1524 4181 Appulia
1545 4099 1628 4160 inter
1651 4097 1733 4162 duas
1756 4099 1833 4162 civi·

136 4215 168 4264 aa
188 4207 271 4262 tates
294 4197 453 4262 Asculum
475 4207 507 4262 et
529 4197 723 4279 Biuinum⁰;
745 4196 893 4262 feliciter.

964 4387 1051 4461 373.

195 4539 274 4616 Otto
302 4541 463 4639 bestatipt
488 4539 568 4614 dem
594 4539 741 4614 Klostcr
767 4539 862 4617 Casa
888 4567 1003 4613 ostrea
1029 4568 1074 4614 aa
1101 4541 1257 4615 Pescoro
1283 4527 1501 4641 aeraerdiaps
1521 4543 1590 4616 dea
1609 4543 1837 4616 Besitastoad

188 4661 267 4734 aad
291 4663 350 4735 die
378 4662 592 4734 Imtozaaitat
617 4663 696 4734 aad
722 4662 858 4735 ertbcilt
883 4662 955 4734 dat
983 4662 1041 4734 die
1068 4663 1263 4760 Befapaiss
1289 4662 1569 4762 Besastipaapea
1596 4663 1676 4736 aad
1701 4663 1835 4736 cadere

188 4781 339 4856 Bcatca¹
357 4809 402 4855 za
429 4783 613 4857 emesae.
1445 4805 1559 4865 Boiano
1582 4808 1645 4867 969
1669 4806 1739 4864 Mai
1762 4809 1790 4864 1.

137 5005 171 5052 4ο
289 4989 454 5049 chronicon
477 4990 674 5050 Casaarieasc
700 5009 757 5050 aas
786 4992 851 5050 dem
879 4991 966 5050 Eride
995 4992 1046 5050 des
1073 4997 1126 5052 12.
1149 4992 1202 5052 Jh.
1234 4992 1259 5063 s.
1283 4997 1363 5065 135,
1391 4996 1467 5068 jetat
1491 4993 1560 5054 Ood.
1591 4995 1642 5054 lat.
1671 4997 1752 5056 5411
1784 4994 1837 5052 der

289 5096 589 5156 Natioaalbibliothek
610 5115 651 5156 aa
673 5098 763 5156 Poris
788 5095 852 5174 (A).

287 5231 424 5307 Docbery
446 5233 547 5307 Spicil.
571 5233 615 5293 cd.
636 5243 660 5306 l,
685 5237 715 5306 5,
739 5238 802 5294 408
831 5235 1050 5309 aavollstdndip
1072 5253 1129 5295 aas
1152 5237 1179 5294 A
1204 5261 1243 5290 =
1266 5237 1310 5298 ed.
1331 5247 1372 5308 11,
1394 5241 1426 5308 2,
1450 5241 1514 5298 943
1538 5261 1579 5291 =
1602 5238 1756 5296 Maratori
1780 5235 1833 5296 SS.

286 5329 331 5405 2⁶,
355 5339 428 5397 829.
451 5371 494 5378 —
516 5338 646 5397 Bobmer
667 5340 741 5411 aa.
764 5341 838 5398 358.
861 5371 904 5388 -ν-
926 5339 1054 5412 Stamps
1072 5341 1145 5414 Rep.
1170 5344 1241 5400 466.

272 5501 330 5555 ³72.
356 5505 571 5573 OquacfiqneB
650 5509 677 5573 g)
694 5509 711 5558 b
730 5523 795 5556 con.
808 5524 891 5574 amp
972 5508 999 5572 b)
1017 5508 1081 5558 ΒΗ.
1096 5519 1133 5571 11,
1152 5509 1316 5560 condaticios
1329 5511 1356 5561 Β
1436 5511 1456 5573 i)
1474 5509 1621 5562 11:123.
1635 5521 1665 5563 Π.
1749 5510 1777 5576 k)
1796 5526 1834 5560 er·

137 5570 170 5618 45
353 5579 430 5640 ydrost
452 5575 520 5626 nacla
543 5574 608 5626 ΒΗ.
622 5584 667 5636 m,
694 5575 800 5626 welches
817 5593 867 5626 aar
884 5575 934 5627 das
951 5583 1016 5626 aare
1034 5594 1125 5628 eorum
1143 5577 1266 5640 mutaret,
1294 5581 1330 5629 im
1353 5579 1460 5646 libs-ipen
1483 5580 1545 5630 aber
1565 5596 1614 5630 am
1635 5579 1679 5630 dia
1701 5579 1835 5629 Amrahme

355 5643 495 5710 nasama
513 5645 576 5694 dara
593 5644 626 5696 11.
639 5643 674 5694 D.
693 5643 751 5694 tter
767 5644 811 5695 die
828 5645 933 5696 For-aral
949 5645 1032 5696 ama
1044 5646 1150 5697 annae
1165 5647 1220 5696 mad
1237 5647 1427 5714 Amlasmapoa
1446 5654 1515 5711 (cnm
1534 5649 1656 5700 omnibus
1674 5649 1763 5712 rebus)
1779 5664 1835 5698 aar·

355 5713 475 5764 mtaltat
497 5713 542 5764 bat
638 5713 659 5778 l)
678 5715 803 5780 aliquado
823 5717 848 5766 Β
944 5717 980 5780 m)
999 5717 1199 5768 observaverint
1215 5717 1242 5767 Β
1339 5719 1368 5786 n)
1384 5719 1494 5771 Octonia
1513 5719 1540 5769 Β
1633 5721 1660 5782 o)
1679 5718 1778 5768 Bininu
1798 5719 1831 5772 Β.
