4530 6434
889 434 1014 491 orno
1036 435 1061 492 1.
1085 431 1157 491 scr.
1727 509 1730 514 ¹
1786 427 1852 491 ιιι

199 618 304 684 dimus
327 626 426 704 atque
447 617 511 680 isto
534 623 688 701 precepto
712 614 890 680 firmamus.
929 613 1069 679 Omnem
1093 622 1245 700 quoque⁰
1266 614 1433 701 publicam
1453 615 1656 681 firnctionem
1670 640 1691 681 a
1706 617 1850 682 castellis

198 723 301 808 ipsius
325 743 387 807 que
409 741 495 785 nunc
520 727 595 784 sunt
617 727 650 783 ει
671 719 911 804 imperpetuum
934 717 977 782 ed
1000 717 1138 783 eandem
1161 716 1335 802 ecclesiam
1361 721 1558 804 pertinentia
1585 730 1693 803 erunt,
1726 722 1772 786 ita
1795 721 1850 786 ab·

200 826 356 891 scidimus
379 846 418 889 ac
441 845 647 888 removemus
670 832 707 888 ut
729 841 834 909 neque
858 843 967 886 comes
989 843 1094 908 neque
1108 822 1294 887 vicecomes
1317 843 1422 907 neque
1446 821 1630 887 sculdascio
1654 833 1851 907 potestatem

198 928 299 994 ullam
321 931 355 993 in
378 929 424 992 eis
447 927 600 992 manendi
617 925 669 990 vel
692 925 836 1013 aliquem
857 925 1003 992 habeant
1025 927 1250 1011 distringendi,
1275 927 1333 991 sed
1356 949 1469 991 omnes
1492 929 1526 991 in
1544 928 1590 992 eis
1607 938 1851 994 commanentes
1884 921 1889 931 ’

164 1049 180 1097 5
198 1034 245 1097 ita
261 1031 320 1097 sub
337 1039 536 1116 potestatem
550 1029 602 1095 vel
620 1031 714 1095 istius
730 1029 782 1094 vel
803 1029 891 1097 illius
915 1032 994 1116 qui⁰
1017 1051 1075 1114 per
1098 1033 1322 1096 successiones
1345 1041 1530 1117 temporum
1548 1035 1614 1096 iam
1630 1032 1716 1098 dicte
1732 1030 1850 1118 eclesie

197 1135 385 1222 prefuerint,
408 1143 572 1217 maneant,
594 1141 812 1220 utnusquam
834 1156 891 1198 eos
915 1133 1110 1218 distringere
1133 1133 1244 1221 eliqua
1265 1132 1401 1198 nostrot
1421 1136 1557 1220 imperio
1581 1135 1728 1200 subiecta
1750 1136 1848 1204 licen·

197 1241 278 1304 tiam
305 1237 426 1303 habeat
454 1246 602 1324 potestas
610 1288 619 1321 ,
655 1237 714 1302 sed
742 1240 769 1302 si
800 1237 878 1324 quid
909 1259 1081 1322 perperam
1103 1237 1156 1302 vel
1179 1262 1200 1304 a
1222 1242 1396 1305 mensariis
1419 1241 1472 1306 vel
1501 1265 1521 1306 a
1543 1241 1730 1308 castellanis
1751 1243 1848 1308 vele

197 1341 350 1429 plectitiis
365 1341 417 1406 vel
440 1342 608 1406 incensitis
624 1341 677 1406 vel
700 1363 720 1405 a
743 1339 946 1406 comendetis
961 1339 1014 1405 vel
1034 1339 1161 1406 clericis
1176 1342 1228 1406 vel
1251 1343 1381 1408 famulis
1404 1345 1507 1430 ipsius
1529 1345 1627 1409 fuerit
1650 1355 1768 1429 actum,
1792 1355 1849 1411 aut

198 1446 240 1513 ab
268 1449 340 1532 ipso
371 1455 428 1512 aut
456 1469 477 1510 a
505 1444 708 1510 ministeriali
737 1447 840 1531 ipsius
870 1445 912 1510 sit
940 1446 1023 1509 iuste
1052 1455 1084 1509 ει
1111 1443 1260 1529 legaliter
1287 1447 1505 1512 emendatum.
1550 1449 1590 1513 In
1613 1451 1679 1513 suis
1703 1458 1850 1534 preterea

147 1552 291 1637 nequis
314 1572 410 1615 nemo
433 1557 602 1636 presumat
623 1550 762 1634 piscari,
791 1549 854 1612 nisi
879 1548 975 1612 sicuti
997 1549 1176 1634 antiquitus
1199 1547 1331 1614 licentia
1355 1551 1425 1615 firit.
1469 1551 1515 1615 Et
1537 1553 1614 1638 quia
1636 1554 1707 1638 ipse
1730 1575 1850 1636 egenus

197 1664 229 1719 et
251 1653 380 1719 advena
402 1663 436 1717 ει
458 1653 546 1717 omni
570 1673 702 1733 carens,
731 1651 794 1716 nisi
819 1648 870 1713 dei
894 1659 926 1714 et
948 1651 1051 1715 nostri
1075 1649 1214 1733 auxilio,
1243 1653 1371 1717 multag
1400 1655 1467 1726 ianr
1488 1664 1538 1718 est
1565 1677 1738 1740 perpessus
1761 1658 1850 1722 inco·

196 1757 310 1841 moda,
339 1757 404 1821 hoc
426 1755 561 1822 iuvandi
584 1757 715 1841 ingenio
739 1777 814 1820 eum
835 1753 986 1819 volumus
1009 1754 1172 1836 relevere,
1208 1765 1243 1819 ut
1266 1766 1374 1841 preter
1395 1758 1430 1822 id
1453 1759 1541 1844 quod
1564 1767 1614 1824 est
1635 1769 1672 1824 ut
1694 1764 1792 1825 ceteri
1815 1763 1848 1826 in

195 1882 296 1947 regno
325 1869 437 1924 noster
466 1861 656 1945 episcopus,
688 1859 730 1922 sit
759 1860 858 1922 etiam
887 1857 1135 1923 mundeburde⁸
1163 1868 1275 1924 nostro
1299 1869 1367 1925 tam
1391 1861 1520 1946 spetiali
1543 1865 1752 1948 prerogativa
1775 1887 1848 1950 pro-

195 1973 300 2029 tectus
323 1972 375 2044 ut,
410 1965 437 2027 si
461 1965 532 2049 quis
556 1985 629 2026 eum
653 1961 794 2047 amplius
815 1971 976 2046 utusque
1004 1983 1091 2026 nunc
1120 1965 1355 2048 presumpserit
1382 1966 1562 2049 inquietare
1584 1976 1642 2031 aut
1662 1966 1794 2032 rebellis
1818 1970 1846 2032 ei

147 2085 178 2134 15
197 2070 336 2134 existere
358 2064 411 2131 vel
434 2063 523 2130 decl
552 2063 789 2130 contradixerit
812 2065 925 2151 quodg
955 2087 1049 2129 suum
1078 2065 1292 2132 ministerium
1315 2077 1365 2132 est
1393 2067 1541 2151 exibere,
1577 2071 1603 2134 si
1628 2069 1764 2136 clericus
1787 2081 1846 2155 est,

196 2171 346 2237 omnibus
370 2193 432 2256 que
454 2170 553 2235 habet
574 2171 608 2233 in
631 2179 828 2254 potestatem
850 2171 954 2256 ipsius
977 2168 1169 2235 rcddactis²
1197 2171 1238 2236 de
1265 2172 1433 2256 ecclesiag
1458 2193 1561 2259 usqne
1584 2173 1628 2238 ed
1651 2175 1846 2241 satisfactio·

194 2300 269 2342 nem
291 2277 471 2360 legitimam
493 2285 591 2361 atque
614 2274 812 2358 condignam
834 2275 989 2361 pellatur,
1026 2277 1052 2340 si
1082 2297 1211 2360 servus,
1246 2276 1334 2363 quod
1357 2298 1525 2341 servorum
1549 2287 1599 2341 est
1622 2276 1737 2342 subeat
1759 2288 1791 2343 et
1812 2281 1846 2343 in

195 2388 392 2466 potestatem
414 2379 518 2464 ipsius
540 2387 577 2442 ιιι
599 2401 641 2442 ex
665 2377 836 2442 debitum²
858 2387 1004 2461 maneat,
1028 2377 1234 2466 habeantque
1255 2377 1389 2444 fidelesi
1412 2389 1445 2443 ει
1467 2381 1563 2445 amici
1585 2381 1750 2446 licentiam
1773 2382 1846 2446 abs-

197 2506 259 2569 que
281 2482 379 2548 ullius
402 2481 649 2567 compositionis
672 2482 787 2546 timore
809 2480 901 2547 illum
924 2492 956 2548 et
977 2482 1017 2548 dc
1039 2484 1111 2547 istis
1130 2493 1163 2548 ει
1178 2483 1218 2547 de
1235 2481 1386 2548 omnibus
1403 2505 1465 2568 que
1479 2483 1525 2547 illi
1542 2484 1723 2569 expediunt
1738 2505 1845 2568 agere,

146 2603 179 2650 20
197 2608 256 2672 pro
293 2607 391 2672 posse
423 2588 553 2667 iuvere;
588 2585 615 2648 si
647 2607 756 2650 comes
787 2586 972 2652 vicecomes
1008 2585 1192 2652 sculdascio
1229 2597 1286 2653 aut
1322 2584 1473 2672 aliques²
1506 2586 1662 2672 secularis
1698 2597 1846 2673 potestas

197 2688 259 2754 hoc
275 2690 377 2773 egerit
392 2698 424 2754 et
439 2686 480 2752 de
498 2710 537 2752 εο
561 2687 649 2772 quod
672 2689 735 2773 ipsi
758 2689 925 2774 proprium
949 2698 1000 2754 cst
1023 2711 1057 2754 se
1080 2699 1197 2755 contre
1218 2689 1421 2754 voluntatem
1443 2691 1546 2775 ipsius
1569 2690 1788 2774 inframiserit,
1811 2690 1845 2755 id

197 2802 246 2857 est
268 2802 304 2858 ut
326 2802 445 2856 terram
475 2792 577 2876 ipsius
604 2791 729 2876 absque
757 2790 844 2858 illius
875 2792 952 2856 dato
981 2794 1120 2858 tenuerit
1148 2803 1205 2858 aut
1233 2792 1389 2858 clericum
1416 2777 1518 2878 ipsius
1545 2793 1599 2858 vel
1626 2793 1783 2859 famulum
1811 2796 1845 2858 in

196 2896 481 2962 comendationcm
500 2897 573 2981 ipso
592 2919 659 2960 non
680 2897 971 2963 conconcedente⁸
990 2900 1150 2983 receperit
1172 2907 1230 2964 aut
1252 2896 1377 2984 aliquid
1399 2894 1503 2961 simile
1526 2895 1572 2961 illi
1594 2895 1748 2981 intulerit,
1772 2920 1845 2964 ocn-
1933 2975 1934 2978 Ἴ

196 3011 265 3067 tum
287 3000 388 3066 libras
412 3002 481 3065 auri
504 2999 599 3065 nobis
623 3009 814 3085 componet,
851 2999 1029 3086 dampnum
1057 3004 1189 3087 insuper
1211 2999 1300 3086 quod
1322 3002 1350 3064 ei
1374 2998 1482 3064 intulit
1505 3022 1563 3085 per
1584 2997 1703 3084 leg[em
1726 2999 1845 3084 e]idem

145 3117 178 3165 at
196 3113 372 3186 restauret3
406 3102 531 3167 nullum
554 3105 651 3168 etiam
680 3103 895 3169 castellanum
917 3106 1020 3190 ipsius
1043 3128 1064 3169 a
1086 3104 1221 3170 castello
1244 3103 1331 3169 illius
1355 3103 1491 3167 seducat
1513 3112 1545 3168 et
1566 3105 1601 3168 in
1624 3126 1733 3186 suum,
1768 3106 1845 3191 quia

195 3210 259 3274 hoc
290 3217 339 3273 est
367 3208 630 3290 iniustisimum⁸,
665 3207 819 3291 collocet,
854 3216 887 3272 et
910 3209 938 3272 si
959 3208 1090 3292 fecerit,
1124 3208 1338 3274 immunitatis
1361 3207 1540 3271 fracturam
1562 3206 1625 3289 illi,
1647 3206 1744 3272 nobis
1766 3229 1843 3273 vero

195 3311 340 3376 bannum
363 3319 499 3394 cogatur
522 3309 709 3393 exsolvere;
732 3310 819 3376 idem
839 3308 988 3394 legaliter
1010 3331 1168 3395 passurus
1191 3311 1246 3397 qui
1271 3310 1310 3374 de
1333 3308 1401 3374 ulla
1423 3332 1458 3373 re
1477 3331 1590 3375 eorum
1605 3331 1667 3396 que
1684 3309 1728 3375 ad
1742 3311 1845 3375 eccle-

196 3417 262 3480 sias
285 3414 417 3479 easdem
440 3414 611 3499 pertinent,
635 3414 664 3476 ei
687 3413 950 3497 contradi[xerit]
973 3413 1061 3498 quod
1083 3413 1145 3478 sibi
1168 3415 1337 3499 proprium
1360 3423 1392 3478 et
1415 3413 1476 3478 deo
1500 3422 1549 3478 est
1564 3413 1721 3499 placitum
1737 3436 1843 3498 agere,

195 3521 297 3606 etqui
313 3527 401 3584 tutor
418 3517 571 3585 defensor
594 3527 626 3582 et
648 3519 872 3602 patrocinator
895 3518 1033 3583 alicuius
1056 3540 1168 3582 eorum
1190 3520 1224 3582 in
1247 3526 1338 3582 tanto
1363 3517 1485 3582 scelere
1507 3519 1740 3602 presumpserit
1762 3539 1843 3582 esse.

145 3634 178 3683 30
196 3621 376 3687 Libelleria
398 3622 636 3685 comutationes
659 3620 711 3685 vel
734 3623 881 3705 precarie
904 3621 1034 3704 dolose,
1065 3643 1108 3685 ex
1131 3643 1194 3707 quo
1218 3623 1394 3706 episcopus
1418 3630 1467 3685 est
1490 3619 1676 3704 ordinatus,
1708 3623 1734 3684 ai
1756 3620 1843 3684 facte

196 3727 261 3790 sint
282 3723 406 3810 alique,
433 3722 584 3788 volumus
607 3733 704 3809 atque
728 3726 925 3810 precipimus
949 3734 985 3789 ut
1006 3724 1234 3789 rescindantur
1257 3727 1389 3790 omnino
1414 3733 1447 3789 ει
1470 3723 1647 3789 secundum
1671 3722 1759 3808 quod
1782 3724 1843 3789 deo

194 3829 351 3916 placitum
379 3837 429 3891 est
458 3826 685 3910 emendentur,
720 3829 871 3912 quatinus
900 3828 943 3894 ab
974 3827 1125 3893 omnibus
1152 3825 1262 3892 liber¹¹
1292 3849 1354 3913 que
1383 3849 1549 3892 removere
1579 3827 1620 3892 ab
1651 3849 1689 3892 eo
1713 3825 1842 3892 Christo

194 3934 324 3998 favente
352 3930 515 4014 valemus,
549 3929 747 4014 incomodis,
783 3954 895 3997 secure
924 3932 985 3997 deo
1015 3932 1125 3997 valcat
1154 3931 1317 3996 deservire
1345 3941 1376 3996 ει
1402 3954 1460 4017 pro
1485 3931 1708 3997 incolumitate
1730 3941 1844 3997 nostre

195 4038 342 4120 coniugis
365 4035 530 4120 prolisque
552 4033 725 4104 karissime
746 4035 907 4099 finetenus
930 4037 1039 4099 cuncti
1062 4034 1201 4099 valentis
1225 4032 1431 4100 clementiam
1453 4057 1600 4099 exorare.
1623 4089 1627 4096 ,

145 4201 178 4249 36
299 4191 313 4272 ᾔ
336 4189 472 4273 Signum
495 4188 606 4254 domni
630 4186 759 4253 Ottonis
784 4191 849 4270 (Μ.)
874 4191 1070 4254 serenissimi
1092 4191 1311 4275 imperatoris.
1334 4186 1349 4268 d

298 4310 312 4394 Ε
334 4308 527 4374 Ambrosius
557 4307 769 4374 cancellarius
799 4309 948 4375 advicem
970 4309 1110 4375 Huberti
1139 4311 1286 4396 episcopi
1309 4319 1341 4374 ει
1363 4308 1641 4374 archicancellarii
1664 4313 1842 4394 recognovi

194 4426 227 4481 et
249 4414 437 4499 subscripsi.
461 4411 475 4493 ἓ
1718 4412 1775 4492 (SI.
1792 4413 1843 4493 D.)

297 4568 387 4634 Data
414 4565 541 4632 nonus¹
570 4566 757 4631 novembris
787 4589 873 4633 anno
904 4569 1066 4634 dominice
1088 4569 1323 4634 incarnationis
1353 4581 1580 4649 ccccchxvn,
1614 4565 1742 4650 imperii
1764 4587 1841 4629 vero

194 4673 306 4739 domni
329 4672 460 4738 Ottonis
484 4673 621 4757 piissimi
644 4673 766 4735 cesaris
789 4682 866 4756 V1ffl,
892 4672 1069 4738 indictione
1092 4689 1146 4755 1113
1174 4682 1282 4737 actum
1304 4670 1502 4736 Belsemado
1517 4680 1544 4752 ¹¹3
1575 4669 1714 4734 feliciter
1737 4692 1842 4733 anren.

142 4854 177 4902 40
279 4860 337 4915 ³48.
365 4863 390 4925 s)
409 4880 425 4928 q
444 4879 508 4912 corr.
528 4879 576 4912 aaa
592 4879 610 4928 p
711 4862 824 4926 ι’)τιιιιον
840 4867 881 4914 inr
897 4863 974 4916 thcils
990 4861 1187 4914 anchoretas
1203 4863 1257 4913 mad
1274 4862 1350 4912 theilr
1367 4861 1500 4912 ewedh-t
1593 4864 1620 4928 g)
1637 4863 1683 4912 mit
1700 4861 1843 4924 llberflr's'ses‘-

363 4947 421 4997 pem
437 4928 706 4996 eleemosynatores
803 4934 831 4995 h)
851 4935 885 4984 do
904 4931 934 4996 A,
955 4939 1016 4984 rtatt
1040 4933 1074 4982 de
1093 4948 1123 4982 eo
1222 4935 1241 4993 i)
1260 4930 1445 4997 urrprttaqls'ch
1455 4931 1538 4996 solpte
1554 4930 1621 4981 acels
1638 4933 1679 4980 ein
1698 4930 1843 4981 Brochrtade

365 5019 411 5068 mir
424 5015 692 5082 Arkumsqmahsa
708 5018 827 5080 dauthar,
846 5025 953 5070 crateres·
970 5017 1058 5069 warda
1076 5017 1216 5082 araradr'rt,
1235 5017 1359 5068 rodhrcacl
1376 5018 1489 5068 zelatores
1505 5017 1593 5068 slehen
1609 5015 1675 5066 blial>
1761 5001 1841 5076 lulis)

365 5085 401 5149 A,
430 5086 509 5136 weber·
538 5088 554 5137 b
584 5087 640 5136 rmd
667 5086 710 5137 dte
739 5092 821 5139 ersten
850 5088 1014 5139 Bachetuben
1039 5088 1085 5138 dar
1112 5086 1235 5138 adelstan
1258 5086 1354 5137 Wortea
1383 5085 1487 5152 Spwen
1515 5103 1565 5137 oon
1595 5085 1728 5136 Οοννεειιιν
1755 5087 1841 5150 seipsa

365 5154 385 5218 l)
404 5154 440 5216 A,
458 5159 519 5204 etctt
536 5171 620 5206 nones
639 5155 700 5206 oder
716 5163 776 5206 stete
794 5160 871 5208 nonis
975 5158 1010 5220 m)
1027 5156 1155 5208 ειειὶειειι
1172 5155 1358 5222 nachpetrapen
1462 5159 1488 5218 n)
1509 5154 1571 5206 oder
1588 5154 1770 5218 Balsemedeq
