<?xml version="1.0" encoding="UTF-8"?>
<!DOCTYPE html PUBLIC "-//W3C//DTD XHTML 1.0 Transitional//EN"
    "http://www.w3.org/TR/xhtml1/DTD/xhtml1-transitional.dtd">
<html xmlns="http://www.w3.org/1999/xhtml" xml:lang="en" lang="en">
 <head>
  <title>
</title>
<meta http-equiv="Content-Type" content="text/html;charset=utf-8" />
  <meta name='ocr-system' content='tesseract 3.04.00' />
  <meta name='ocr-capabilities' content='ocr_page ocr_carea ocr_par ocr_line ocrx_word'/>
</head>
<body>
  <div class='ocr_page' id='page_1' title='image "./monumentagerman00gescgoog/monumentagerman00gescgoog_0538.png"; bbox 0 0 4530 6434; ppageno 0'>
   <div class='ocr_carea' id='block_1_1' title="bbox 882 407 1844 481">
    <p class='ocr_par' dir='ltr' id='par_1_1' title="bbox 882 407 1844 481">
     <span class='ocr_line' id='line_1_1' title="bbox 882 407 1844 481; baseline -0.006 0"><span class='ocrx_word' id='word_1_1' title='bbox 882 421 1010 481; x_wconf 82' lang='lat' dir='ltr'><strong>erro</strong></span> <span class='ocrx_word' id='word_1_2' title='bbox 1034 423 1057 478; x_wconf 89' lang='lat'><strong>1.</strong></span> <span class='ocrx_word' id='word_1_3' title='bbox 1082 420 1154 478; x_wconf 83' lang='lat' dir='ltr'><strong>ses.</strong></span> <span class='ocrx_word' id='word_1_4' title='bbox 1780 407 1844 475; x_wconf 75' lang='lat'><strong>509</strong></span> 
     </span>
    </p>
   </div>
   <div class='ocr_carea' id='block_1_2' title="bbox 298 603 1843 885">
    <p class='ocr_par' dir='ltr' id='par_1_2' title="bbox 298 603 1843 885">
     <span class='ocr_line' id='line_1_2' title="bbox 299 603 1842 681; baseline -0.005 -12"><span class='ocrx_word' id='word_1_5' title='bbox 299 609 431 681; x_wconf 79' lang='lat' dir='ltr'><strong>beholfen</strong></span> <span class='ocrx_word' id='word_1_6' title='bbox 453 627 518 668; x_wconf 86' lang='lat' dir='ltr'><strong>aus.</strong></span> <span class='ocrx_word' id='word_1_7' title='bbox 553 605 626 678; x_wconf 79' lang='lat' dir='ltr'><strong>Auf</strong></span> <span class='ocrx_word' id='word_1_8' title='bbox 643 607 720 666; x_wconf 77' lang='lat' dir='ltr'><strong>disse</strong></span> <span class='ocrx_word' id='word_1_9' title='bbox 743 607 951 680; x_wconf 60' lang='lat' dir='ltr'><strong>uouemere</strong></span> <span class='ocrx_word' id='word_1_10' title='bbox 973 607 1025 664; x_wconf 79' lang='lat' dir='ltr'><strong>ltin</strong></span> <span class='ocrx_word' id='word_1_11' title='bbox 1045 611 1118 666; x_wconf 78' lang='lat' dir='ltr'><strong>treta</strong></span> <span class='ocrx_word' id='word_1_12' title='bbox 1140 608 1185 665; x_wconf 72' lang='lat' dir='ltr'><strong>reu</strong></span> <span class='ocrx_word' id='word_1_13' title='bbox 1207 606 1286 664; x_wconf 75' lang='lat' dir='ltr'><strong>nicht</strong></span> <span class='ocrx_word' id='word_1_14' title='bbox 1309 605 1398 663; x_wconf 76' lang='lat' dir='ltr'><strong>allatu</strong></span> <span class='ocrx_word' id='word_1_15' title='bbox 1420 603 1476 674; x_wconf 61' lang='grc' dir='ltr'><strong>[ἂν</strong></span> <span class='ocrx_word' id='word_1_16' title='bbox 1498 604 1545 662; x_wconf 81' lang='lat' dir='ltr'><strong>die</strong></span> <span class='ocrx_word' id='word_1_17' title='bbox 1564 603 1842 676; x_wconf 71' lang='lat' dir='ltr'><strong>Gloubwr‘trdiplreit</strong></span> 
     </span>
     <span class='ocr_line' id='line_1_3' title="bbox 298 706 1843 783; baseline -0.005 -11"><span class='ocrx_word' id='word_1_18' title='bbox 298 731 354 772; x_wconf 79' lang='lat' dir='ltr'><strong>uon</strong></span> <span class='ocrx_word' id='word_1_19' title='bbox 375 713 443 772; x_wconf 88' lang='lat' dir='ltr'><strong>DO.</strong></span> <span class='ocrx_word' id='word_1_20' title='bbox 460 717 520 771; x_wconf 83' lang='lat'><strong>371</strong></span> <span class='ocrx_word' id='word_1_21' title='bbox 546 713 610 782; x_wconf 80' lang='lat' dir='ltr'><strong>ein,</strong></span> <span class='ocrx_word' id='word_1_22' title='bbox 644 711 772 771; x_wconf 79' lang='lat' dir='ltr'><strong>eoadem</strong></span> <span class='ocrx_word' id='word_1_23' title='bbox 799 709 978 769; x_wconf 69' lang='lat' dir='ltr'><strong>translatae</strong></span> <span class='ocrx_word' id='word_1_24' title='bbox 1006 712 1082 769; x_wconf 80' lang='lat' dir='ltr'><strong>auch</strong></span> <span class='ocrx_word' id='word_1_25' title='bbox 1103 712 1183 770; x_wconf 81' lang='lat' dir='ltr'><strong>nicht</strong></span> <span class='ocrx_word' id='word_1_26' title='bbox 1206 711 1254 768; x_wconf 84' lang='lat' dir='ltr'><strong>dic</strong></span> <span class='ocrx_word' id='word_1_27' title='bbox 1271 708 1463 783; x_wconf 66' lang='lat' dir='ltr'><strong>Ortatuult‘tdt</strong></span> <span class='ocrx_word' id='word_1_28' title='bbox 1486 709 1536 766; x_wconf 84' lang='lat' dir='ltr'><strong>des</strong></span> <span class='ocrx_word' id='word_1_29' title='bbox 1558 707 1614 778; x_wconf 63' lang='grc' dir='ltr'><strong>[ἂν</strong></span> <span class='ocrx_word' id='word_1_30' title='bbox 1635 706 1665 765; x_wconf 82' lang='grc' dir='ltr'><strong><em>Α</em></strong></span> <span class='ocrx_word' id='word_1_31' title='bbox 1688 709 1843 766; x_wconf 72' lang='lat' dir='ltr'><strong>beusteten</strong></span> 
     </span>
     <span class='ocr_line' id='line_1_4' title="bbox 301 814 537 885; baseline -0.013 -9"><span class='ocrx_word' id='word_1_32' title='bbox 301 814 537 885; x_wconf 77' lang='lat' dir='ltr'><strong>Sohrtstststcltes.</strong></span> 
     </span>
    </p>
   </div>
   <div class='ocr_carea' id='block_1_3' title="bbox 85 1014 1872 5241">
    <p class='ocr_par' dir='ltr' id='par_1_3' title="bbox 403 1014 1844 1100">
     <span class='ocr_line' id='line_1_5' title="bbox 403 1014 1844 1100; baseline -0.001 -20"><span class='ocrx_word' id='word_1_33' title='bbox 403 1017 440 1080; x_wconf 93' lang='lat' dir='ltr'><strong>ln</strong></span> <span class='ocrx_word' id='word_1_34' title='bbox 463 1017 593 1082; x_wconf 88' lang='lat' dir='ltr'><strong>nomine</strong></span> <span class='ocrx_word' id='word_1_35' title='bbox 618 1025 730 1081; x_wconf 90' lang='lat' dir='ltr'><strong>sancte</strong></span> <span class='ocrx_word' id='word_1_36' title='bbox 752 1027 784 1080; x_wconf 91' lang='lat' dir='ltr'><strong>et</strong></span> <span class='ocrx_word' id='word_1_37' title='bbox 806 1014 971 1079; x_wconf 89' lang='lat' dir='ltr'><strong>individue</strong></span> <span class='ocrx_word' id='word_1_38' title='bbox 994 1017 1157 1080; x_wconf 82' lang='lat' dir='ltr'><strong>trinitatis.</strong></span> <span class='ocrx_word' id='word_1_39' title='bbox 1203 1014 1283 1080; x_wconf 89' lang='lat' dir='ltr'><strong>Otto</strong></span> <span class='ocrx_word' id='word_1_40' title='bbox 1307 1015 1418 1080; x_wconf 89' lang='lat' dir='ltr'><strong>divina</strong></span> <span class='ocrx_word' id='word_1_41' title='bbox 1441 1014 1612 1080; x_wconf 82' lang='lat' dir='ltr'><strong>ordinante</strong></span> <span class='ocrx_word' id='word_1_42' title='bbox 1638 1015 1844 1100; x_wconf 90' lang='lat' dir='ltr'><strong>providentia</strong></span> 
     </span>
    </p>

    <p class='ocr_par' dir='ltr' id='par_1_4' title="bbox 148 1117 1846 2135">
     <span class='ocr_line' id='line_1_6' title="bbox 163 1117 1843 1205; baseline -0.001 -21"><span class='ocrx_word' id='word_1_43' title='bbox 163 1123 374 1205; x_wconf 77' lang='lat' dir='ltr'><strong>simperator</strong></span> <span class='ocrx_word' id='word_1_44' title='bbox 402 1129 570 1202; x_wconf 88' lang='lat' dir='ltr'><strong>augustus.</strong></span> <span class='ocrx_word' id='word_1_45' title='bbox 673 1119 708 1184; x_wconf 89' lang='lat' dir='ltr'><strong>Si</strong></span> <span class='ocrx_word' id='word_1_46' title='bbox 736 1117 880 1183; x_wconf 91' lang='lat' dir='ltr'><strong>fidelium</strong></span> <span class='ocrx_word' id='word_1_47' title='bbox 911 1127 1098 1182; x_wconf 89' lang='lat' dir='ltr'><strong>nostrorum</strong></span> <span class='ocrx_word' id='word_1_48' title='bbox 1124 1118 1352 1201; x_wconf 81' lang='lat' dir='ltr'><strong>petitionibus,</strong></span> <span class='ocrx_word' id='word_1_49' title='bbox 1382 1121 1524 1182; x_wconf 83' lang='lat' dir='ltr'><strong>maxime</strong></span> <span class='ocrx_word' id='word_1_50' title='bbox 1553 1118 1682 1182; x_wconf 92' lang='lat' dir='ltr'><strong>illorum</strong></span> <span class='ocrx_word' id='word_1_51' title='bbox 1706 1121 1760 1203; x_wconf 91' lang='lat' dir='ltr'><strong>qui</strong></span> <span class='ocrx_word' id='word_1_52' title='bbox 1784 1119 1843 1182; x_wconf 80' lang='lat' dir='ltr'><strong>fre</strong></span> 
     </span>
     <span class='ocr_line' id='line_1_7' title="bbox 197 1221 1844 1308; baseline 0 -22"><span class='ocrx_word' id='word_1_53' title='bbox 197 1225 306 1308; x_wconf 90' lang='lat' dir='ltr'><strong>quenti</strong></span> <span class='ocrx_word' id='word_1_54' title='bbox 330 1225 502 1287; x_wconf 92' lang='lat' dir='ltr'><strong>conamine</strong></span> <span class='ocrx_word' id='word_1_55' title='bbox 524 1224 558 1287; x_wconf 92' lang='lat' dir='ltr'><strong>in</strong></span> <span class='ocrx_word' id='word_1_56' title='bbox 581 1233 693 1286; x_wconf 89' lang='lat' dir='ltr'><strong>nostre</strong></span> <span class='ocrx_word' id='word_1_57' title='bbox 714 1221 880 1286; x_wconf 89' lang='lat' dir='ltr'><strong>fidelitatis</strong></span> <span class='ocrx_word' id='word_1_58' title='bbox 906 1222 1062 1307; x_wconf 88' lang='lat' dir='ltr'><strong>obsequio</strong></span> <span class='ocrx_word' id='word_1_59' title='bbox 1083 1221 1254 1304; x_wconf 91' lang='lat' dir='ltr'><strong>desudant,</strong></span> <span class='ocrx_word' id='word_1_60' title='bbox 1279 1245 1373 1288; x_wconf 90' lang='lat' dir='ltr'><strong>aures</strong></span> <span class='ocrx_word' id='word_1_61' title='bbox 1390 1233 1501 1287; x_wconf 90' lang='lat' dir='ltr'><strong>nostre</strong></span> <span class='ocrx_word' id='word_1_62' title='bbox 1518 1224 1700 1287; x_wconf 87' lang='lat' dir='ltr'><strong>serenitatis</strong></span> <span class='ocrx_word' id='word_1_63' title='bbox 1716 1245 1844 1288; x_wconf 90' lang='lat' dir='ltr'><strong>accom-</strong></span> 
     </span>
     <span class='ocr_line' id='line_1_8' title="bbox 196 1325 1846 1410; baseline 0 -20"><span class='ocrx_word' id='word_1_64' title='bbox 196 1325 452 1408; x_wconf 90' lang='lat' dir='ltr'><strong>modaverimus,</strong></span> <span class='ocrx_word' id='word_1_65' title='bbox 482 1327 697 1410; x_wconf 82' lang='lat' dir='ltr'><strong>promptiores</strong></span> <span class='ocrx_word' id='word_1_66' title='bbox 726 1336 759 1390; x_wconf 91' lang='lat' dir='ltr'><strong>et</strong></span> <span class='ocrx_word' id='word_1_67' title='bbox 787 1325 971 1391; x_wconf 84' lang='lat' dir='ltr'><strong>devotiores</strong></span> <span class='ocrx_word' id='word_1_68' title='bbox 1000 1347 1057 1390; x_wconf 89' lang='lat' dir='ltr'><strong>eos</strong></span> <span class='ocrx_word' id='word_1_69' title='bbox 1086 1327 1175 1389; x_wconf 90' lang='lat' dir='ltr'><strong>circa</strong></span> <span class='ocrx_word' id='word_1_70' title='bbox 1204 1334 1353 1390; x_wconf 90' lang='lat' dir='ltr'><strong>nostrum</strong></span> <span class='ocrx_word' id='word_1_71' title='bbox 1380 1325 1575 1391; x_wconf 88' lang='lat' dir='ltr'><strong>famulatum</strong></span> <span class='ocrx_word' id='word_1_72' title='bbox 1597 1325 1683 1391; x_wconf 87' lang='lat' dir='ltr'><strong>effici</strong></span> <span class='ocrx_word' id='word_1_73' title='bbox 1706 1348 1773 1391; x_wconf 92' lang='lat' dir='ltr'><strong>non</strong></span> <span class='ocrx_word' id='word_1_74' title='bbox 1796 1335 1846 1391; x_wconf 90' lang='lat' dir='ltr'><strong>est</strong></span> 
     </span>
     <span class='ocr_line' id='line_1_9' title="bbox 197 1423 1844 1515; baseline -0.001 -21"><span class='ocrx_word' id='word_1_75' title='bbox 197 1428 395 1514; x_wconf 91' lang='lat' dir='ltr'><strong>ambiguum.</strong></span> <span class='ocrx_word' id='word_1_76' title='bbox 434 1423 600 1508; x_wconf 78' lang='lat' dir='ltr'><strong>Quocirca</strong></span> <span class='ocrx_word' id='word_1_77' title='bbox 622 1431 751 1493; x_wconf 91' lang='lat' dir='ltr'><strong>noverit</strong></span> <span class='ocrx_word' id='word_1_78' title='bbox 764 1440 777 1467; x_wconf 75' lang='lat'>³</span> <span class='ocrx_word' id='word_1_79' title='bbox 800 1431 942 1494; x_wconf 91' lang='lat' dir='ltr'><strong>omnium</strong></span> <span class='ocrx_word' id='word_1_80' title='bbox 966 1437 1078 1492; x_wconf 90' lang='lat' dir='ltr'><strong>sancte</strong></span> <span class='ocrx_word' id='word_1_81' title='bbox 1101 1426 1153 1493; x_wconf 91' lang='lat' dir='ltr'><strong>dei</strong></span> <span class='ocrx_word' id='word_1_82' title='bbox 1176 1429 1313 1492; x_wconf 81' lang='lat' dir='ltr'><strong>ecclesie</strong></span> <span class='ocrx_word' id='word_1_83' title='bbox 1335 1427 1480 1494; x_wconf 92' lang='lat' dir='ltr'><strong>fidelium</strong></span> <span class='ocrx_word' id='word_1_84' title='bbox 1502 1439 1751 1515; x_wconf 91' lang='lat' dir='ltr'><strong>nostrorumque</strong></span> <span class='ocrx_word' id='word_1_85' title='bbox 1775 1452 1844 1514; x_wconf 91' lang='lat' dir='ltr'><strong>pre·</strong></span> 
     </span>
     <span class='ocr_line' id='line_1_10' title="bbox 197 1529 1845 1614; baseline 0 -18"><span class='ocrx_word' id='word_1_86' title='bbox 197 1536 335 1599; x_wconf 89' lang='lat' dir='ltr'><strong>sentium</strong></span> <span class='ocrx_word' id='word_1_87' title='bbox 359 1533 484 1598; x_wconf 90' lang='lat' dir='ltr'><strong>scilicet</strong></span> <span class='ocrx_word' id='word_1_88' title='bbox 506 1545 539 1598; x_wconf 93' lang='lat' dir='ltr'><strong>et</strong></span> <span class='ocrx_word' id='word_1_89' title='bbox 561 1534 742 1598; x_wconf 87' lang='lat' dir='ltr'><strong>futurorum</strong></span> <span class='ocrx_word' id='word_1_90' title='bbox 765 1531 940 1614; x_wconf 90' lang='lat' dir='ltr'><strong>industria,</strong></span> <span class='ocrx_word' id='word_1_91' title='bbox 968 1554 1044 1595; x_wconf 91' lang='lat' dir='ltr'><strong>cum</strong></span> <span class='ocrx_word' id='word_1_92' title='bbox 1065 1553 1126 1596; x_wconf 91' lang='lat' dir='ltr'><strong>nos</strong></span> <span class='ocrx_word' id='word_1_93' title='bbox 1149 1535 1182 1597; x_wconf 93' lang='lat' dir='ltr'><strong>in</strong></span> <span class='ocrx_word' id='word_1_94' title='bbox 1205 1530 1366 1597; x_wconf 88' lang='lat' dir='ltr'><strong>Kalabria</strong></span> <span class='ocrx_word' id='word_1_95' title='bbox 1388 1529 1637 1596; x_wconf 83' lang='lat' dir='ltr'><strong>residebamusb</strong></span> <span class='ocrx_word' id='word_1_96' title='bbox 1661 1533 1693 1594; x_wconf 94' lang='lat' dir='ltr'><strong>in</strong></span> <span class='ocrx_word' id='word_1_97' title='bbox 1717 1531 1845 1596; x_wconf 87' lang='lat' dir='ltr'><strong>confine</strong></span> 
     </span>
     <span class='ocr_line' id='line_1_11' title="bbox 148 1634 1845 1722; baseline -0.001 -21"><span class='ocrx_word' id='word_1_98' title='bbox 148 1644 179 1690; x_wconf 91' lang='lat'><strong>10</strong></span> <span class='ocrx_word' id='word_1_99' title='bbox 197 1647 295 1722; x_wconf 91' lang='lat' dir='ltr'><strong>atque</strong></span> <span class='ocrx_word' id='word_1_100' title='bbox 317 1636 458 1720; x_wconf 90' lang='lat' dir='ltr'><strong>planicie</strong></span> <span class='ocrx_word' id='word_1_101' title='bbox 481 1659 543 1722; x_wconf 92' lang='lat' dir='ltr'><strong>que</strong></span> <span class='ocrx_word' id='word_1_102' title='bbox 566 1647 615 1702; x_wconf 92' lang='lat' dir='ltr'><strong>est</strong></span> <span class='ocrx_word' id='word_1_103' title='bbox 637 1640 722 1702; x_wconf 92' lang='lat' dir='ltr'><strong>inter</strong></span> <span class='ocrx_word' id='word_1_104' title='bbox 737 1634 920 1702; x_wconf 83' lang='lat' dir='ltr'><strong>Cassanum</strong></span> <span class='ocrx_word' id='word_1_105' title='bbox 936 1645 968 1700; x_wconf 92' lang='lat' dir='ltr'><strong>et</strong></span> <span class='ocrx_word' id='word_1_106' title='bbox 983 1637 1114 1700; x_wconf 84' lang='lat' dir='ltr'><strong>Petram</strong></span> <span class='ocrx_word' id='word_1_107' title='bbox 1133 1636 1393 1720; x_wconf 87' lang='lat' dir='ltr'><strong>Sanguinariam,</strong></span> <span class='ocrx_word' id='word_1_108' title='bbox 1418 1635 1528 1721; x_wconf 89' lang='lat' dir='ltr'><strong>ibique</strong></span> <span class='ocrx_word' id='word_1_109' title='bbox 1550 1645 1662 1700; x_wconf 87' lang='lat' dir='ltr'><strong>nostro</strong></span> <span class='ocrx_word' id='word_1_110' title='bbox 1686 1635 1845 1721; x_wconf 91' lang='lat' dir='ltr'><strong>imperiali</strong></span> 
     </span>
     <span class='ocr_line' id='line_1_12' title="bbox 196 1738 1846 1826; baseline 0.001 -23"><span class='ocrx_word' id='word_1_111' title='bbox 196 1742 265 1804; x_wconf 91' lang='lat' dir='ltr'><strong>iure</strong></span> <span class='ocrx_word' id='word_1_112' title='bbox 286 1741 406 1806; x_wconf 90' lang='lat' dir='ltr'><strong>nostris</strong></span> <span class='ocrx_word' id='word_1_113' title='bbox 429 1739 580 1806; x_wconf 90' lang='lat' dir='ltr'><strong>fidelibus</strong></span> <span class='ocrx_word' id='word_1_114' title='bbox 603 1751 671 1804; x_wconf 90' lang='lat' dir='ltr'><strong>tam</strong></span> <span class='ocrx_word' id='word_1_115' title='bbox 693 1740 848 1804; x_wconf 87' lang='lat' dir='ltr'><strong>Kalabris</strong></span> <span class='ocrx_word' id='word_1_116' title='bbox 873 1761 1034 1826; x_wconf 91' lang='lat' dir='ltr'><strong>quamque</strong></span> <span class='ocrx_word' id='word_1_117' title='bbox 1064 1739 1214 1805; x_wconf 92' lang='lat' dir='ltr'><strong>omnibus</strong></span> <span class='ocrx_word' id='word_1_118' title='bbox 1248 1738 1372 1804; x_wconf 87' lang='lat' dir='ltr'><strong>Italicis</strong></span> <span class='ocrx_word' id='word_1_119' title='bbox 1403 1740 1605 1824; x_wconf 85' lang='lat' dir='ltr'><strong>Francisque</strong></span> <span class='ocrx_word' id='word_1_120' title='bbox 1636 1747 1734 1823; x_wconf 91' lang='lat' dir='ltr'><strong>atque</strong></span> <span class='ocrx_word' id='word_1_121' title='bbox 1763 1739 1846 1804; x_wconf 82' lang='lat' dir='ltr'><strong>Teu·</strong></span> 
     </span>
     <span class='ocr_line' id='line_1_13' title="bbox 197 1841 1845 1930; baseline -0.001 -23"><span class='ocrx_word' id='word_1_122' title='bbox 197 1845 314 1909; x_wconf 88' lang='lat' dir='ltr'><strong>tunicis</strong></span> <span class='ocrx_word' id='word_1_123' title='bbox 337 1843 425 1928; x_wconf 86' lang='lat' dir='ltr'><strong>leges</strong></span> <span class='ocrx_word' id='word_1_124' title='bbox 448 1854 668 1930; x_wconf 89' lang='lat' dir='ltr'><strong>preceptaque</strong></span> <span class='ocrx_word' id='word_1_125' title='bbox 693 1845 867 1909; x_wconf 85' lang='lat' dir='ltr'><strong>ordinatim</strong></span> <span class='ocrx_word' id='word_1_126' title='bbox 898 1845 1153 1929; x_wconf 85' lang='lat' dir='ltr'><strong>imponeremus,</strong></span> <span class='ocrx_word' id='word_1_127' title='bbox 1184 1842 1368 1907; x_wconf 90' lang='lat' dir='ltr'><strong>Hubertum</strong></span> <span class='ocrx_word' id='word_1_128' title='bbox 1391 1841 1612 1906; x_wconf 90' lang='lat' dir='ltr'><strong>venerabilem</strong></span> <span class='ocrx_word' id='word_1_129' title='bbox 1635 1851 1746 1905; x_wconf 90' lang='lat' dir='ltr'><strong>sancte</strong></span> <span class='ocrx_word' id='word_1_130' title='bbox 1769 1841 1845 1905; x_wconf 85' lang='lat' dir='ltr'><strong>Par-</strong></span> 
     </span>
     <span class='ocr_line' id='line_1_14' title="bbox 196 1944 1845 2033; baseline -0.002 -21"><span class='ocrx_word' id='word_1_131' title='bbox 196 1950 316 2012; x_wconf 88' lang='lat' dir='ltr'><strong>mensis</strong></span> <span class='ocrx_word' id='word_1_132' title='bbox 340 1947 476 2011; x_wconf 84' lang='lat' dir='ltr'><strong>ecclesie</strong></span> <span class='ocrx_word' id='word_1_133' title='bbox 501 1949 693 2033; x_wconf 89' lang='lat' dir='ltr'><strong>episcopum</strong></span> <span class='ocrx_word' id='word_1_134' title='bbox 715 1958 747 2012; x_wconf 90' lang='lat' dir='ltr'><strong>et</strong></span> <span class='ocrx_word' id='word_1_135' title='bbox 769 1946 1095 2012; x_wconf 87' lang='lat' dir='ltr'><strong>archicancellarium</strong></span> <span class='ocrx_word' id='word_1_136' title='bbox 1117 1955 1264 2011; x_wconf 92' lang='lat' dir='ltr'><strong>nostram</strong></span> <span class='ocrx_word' id='word_1_137' title='bbox 1286 1944 1407 2010; x_wconf 86' lang='lat' dir='ltr'><strong>adiisse</strong></span> <span class='ocrx_word' id='word_1_138' title='bbox 1431 1944 1653 2027; x_wconf 90' lang='lat' dir='ltr'><strong>clementiam,</strong></span> <span class='ocrx_word' id='word_1_139' title='bbox 1686 1955 1845 2031; x_wconf 90' lang='lat' dir='ltr'><strong>quatenns</strong></span> 
     </span>
     <span class='ocr_line' id='line_1_15' title="bbox 195 2044 1844 2135; baseline -0.001 -21"><span class='ocrx_word' id='word_1_140' title='bbox 195 2049 312 2134; x_wconf 89' lang='lat' dir='ltr'><strong>Ingoni</strong></span> <span class='ocrx_word' id='word_1_141' title='bbox 328 2059 440 2115; x_wconf 93' lang='lat' dir='ltr'><strong>nostro</strong></span> <span class='ocrx_word' id='word_1_142' title='bbox 457 2050 576 2115; x_wconf 90' lang='lat' dir='ltr'><strong>dilecto</strong></span> <span class='ocrx_word' id='word_1_143' title='bbox 600 2048 688 2114; x_wconf 91' lang='lat' dir='ltr'><strong>fideli</strong></span> <span class='ocrx_word' id='word_1_144' title='bbox 711 2051 843 2135; x_wconf 91' lang='lat' dir='ltr'><strong>suisque</strong></span> <span class='ocrx_word' id='word_1_145' title='bbox 864 2049 951 2131; x_wconf 90' lang='lat' dir='ltr'><strong>filiis,</strong></span> <span class='ocrx_word' id='word_1_146' title='bbox 976 2049 1149 2114; x_wconf 77' lang='lat' dir='ltr'><strong>Huberto⁰</strong></span> <span class='ocrx_word' id='word_1_147' title='bbox 1173 2048 1299 2113; x_wconf 88' lang='lat' dir='ltr'><strong>scilicet</strong></span> <span class='ocrx_word' id='word_1_148' title='bbox 1315 2059 1413 2134; x_wconf 92' lang='lat' dir='ltr'><strong>atque</strong></span> <span class='ocrx_word' id='word_1_149' title='bbox 1429 2047 1570 2113; x_wconf 87' lang='lat' dir='ltr'><strong>Ribaldo</strong></span> <span class='ocrx_word' id='word_1_150' title='bbox 1588 2070 1646 2112; x_wconf 89' lang='lat' dir='ltr'><strong>seu</strong></span> <span class='ocrx_word' id='word_1_151' title='bbox 1662 2046 1807 2113; x_wconf 92' lang='lat' dir='ltr'><strong>Obberto</strong></span> <span class='ocrx_word' id='word_1_152' title='bbox 1821 2044 1844 2131; x_wconf 68' lang='lat' dir='ltr'><strong>l,</strong></span> 
     </span>
    </p>

    <p class='ocr_par' dir='ltr' id='par_1_5' title="bbox 146 2150 1848 4003">
     <span class='ocr_line' id='line_1_16' title="bbox 148 2150 1845 2241; baseline 0.001 -27"><span class='ocrx_word' id='word_1_153' title='bbox 148 2168 177 2215; x_wconf 82' lang='lat'><strong>15</strong></span> <span class='ocrx_word' id='word_1_154' title='bbox 197 2176 372 2241; x_wconf 91' lang='lat' dir='ltr'><strong>eorumque</strong></span> <span class='ocrx_word' id='word_1_155' title='bbox 399 2154 574 2220; x_wconf 86' lang='lat' dir='ltr'><strong>heredibus</strong></span> <span class='ocrx_word' id='word_1_156' title='bbox 602 2176 653 2218; x_wconf 93' lang='lat' dir='ltr'><strong>res</strong></span> <span class='ocrx_word' id='word_1_157' title='bbox 682 2163 713 2217; x_wconf 89' lang='lat' dir='ltr'><strong>et</strong></span> <span class='ocrx_word' id='word_1_158' title='bbox 743 2154 961 2240; x_wconf 88' lang='lat' dir='ltr'><strong>proprietates</strong></span> <span class='ocrx_word' id='word_1_159' title='bbox 994 2153 1055 2218; x_wconf 90' lang='lat' dir='ltr'><strong>sibi</strong></span> <span class='ocrx_word' id='word_1_160' title='bbox 1085 2155 1201 2239; x_wconf 90' lang='lat' dir='ltr'><strong>quovis</strong></span> <span class='ocrx_word' id='word_1_161' title='bbox 1229 2151 1323 2217; x_wconf 91' lang='lat' dir='ltr'><strong>titulo</strong></span> <span class='ocrx_word' id='word_1_162' title='bbox 1354 2153 1541 2238; x_wconf 87' lang='lat' dir='ltr'><strong>scriptionis</strong></span> <span class='ocrx_word' id='word_1_163' title='bbox 1570 2174 1627 2217; x_wconf 87' lang='lat' dir='ltr'><strong>seu</strong></span> <span class='ocrx_word' id='word_1_164' title='bbox 1649 2150 1845 2216; x_wconf 82' lang='lat' dir='ltr'><strong>hereditario</strong></span> 
     </span>
     <span class='ocr_line' id='line_1_17' title="bbox 196 2254 1846 2344; baseline -0.002 -22"><span class='ocrx_word' id='word_1_165' title='bbox 196 2260 325 2322; x_wconf 89' lang='lat' dir='ltr'><strong>nomine</strong></span> <span class='ocrx_word' id='word_1_166' title='bbox 353 2259 551 2344; x_wconf 87' lang='lat' dir='ltr'><strong>pertinentes</strong></span> <span class='ocrx_word' id='word_1_167' title='bbox 581 2257 668 2323; x_wconf 84' lang='lat' dir='ltr'><strong>infra</strong></span> <span class='ocrx_word' id='word_1_168' title='bbox 699 2278 836 2341; x_wconf 90' lang='lat' dir='ltr'><strong>regnum</strong></span> <span class='ocrx_word' id='word_1_169' title='bbox 869 2256 1020 2321; x_wconf 89' lang='lat' dir='ltr'><strong>Italicum</strong></span> <span class='ocrx_word' id='word_1_170' title='bbox 1055 2258 1264 2322; x_wconf 91' lang='lat' dir='ltr'><strong>coniacentes</strong></span> <span class='ocrx_word' id='word_1_171' title='bbox 1292 2267 1405 2321; x_wconf 89' lang='lat' dir='ltr'><strong>nostra</strong></span> <span class='ocrx_word' id='word_1_172' title='bbox 1438 2254 1617 2341; x_wconf 90' lang='lat' dir='ltr'><strong>preceptali</strong></span> <span class='ocrx_word' id='word_1_173' title='bbox 1652 2256 1846 2319; x_wconf 88' lang='lat' dir='ltr'><strong>auctoritate</strong></span> 
     </span>
     <span class='ocr_line' id='line_1_18' title="bbox 196 2356 1847 2446; baseline -0.003 -20"><span class='ocrx_word' id='word_1_174' title='bbox 196 2363 462 2428; x_wconf 89' lang='lat' dir='ltr'><strong>confirmaremus</strong></span> <span class='ocrx_word' id='word_1_175' title='bbox 491 2371 524 2426; x_wconf 91' lang='lat' dir='ltr'><strong>et</strong></span> <span class='ocrx_word' id='word_1_176' title='bbox 551 2362 848 2427; x_wconf 88' lang='lat' dir='ltr'><strong>corroboraremus.</strong></span> <span class='ocrx_word' id='word_1_177' title='bbox 893 2358 993 2426; x_wconf 80' lang='lat' dir='ltr'><strong>Cuius</strong></span> <span class='ocrx_word' id='word_1_178' title='bbox 1022 2359 1175 2446; x_wconf 91' lang='lat' dir='ltr'><strong>precibus</strong></span> <span class='ocrx_word' id='word_1_179' title='bbox 1198 2359 1398 2425; x_wconf 88' lang='lat' dir='ltr'><strong>acclinantes</strong></span> <span class='ocrx_word' id='word_1_180' title='bbox 1423 2369 1455 2423; x_wconf 94' lang='lat' dir='ltr'><strong>et</strong></span> <span class='ocrx_word' id='word_1_181' title='bbox 1476 2360 1546 2423; x_wconf 89' lang='lat' dir='ltr'><strong>eius</strong></span> <span class='ocrx_word' id='word_1_182' title='bbox 1567 2356 1757 2424; x_wconf 88' lang='lat' dir='ltr'><strong>fidelitatem</strong></span> <span class='ocrx_word' id='word_1_183' title='bbox 1779 2379 1847 2422; x_wconf 90' lang='lat' dir='ltr'><strong>non</strong></span> 
     </span>
     <span class='ocr_line' id='line_1_19' title="bbox 196 2461 1846 2550; baseline -0.001 -22"><span class='ocrx_word' id='word_1_184' title='bbox 196 2467 366 2530; x_wconf 91' lang='lat' dir='ltr'><strong>minimam</strong></span> <span class='ocrx_word' id='word_1_185' title='bbox 394 2464 640 2530; x_wconf 88' lang='lat' dir='ltr'><strong>considerantes</strong></span> <span class='ocrx_word' id='word_1_186' title='bbox 669 2464 881 2530; x_wconf 90' lang='lat' dir='ltr'><strong>concedimus</strong></span> <span class='ocrx_word' id='word_1_187' title='bbox 911 2465 1070 2530; x_wconf 91' lang='lat' dir='ltr'><strong>donamus</strong></span> <span class='ocrx_word' id='word_1_188' title='bbox 1098 2464 1255 2548; x_wconf 89' lang='lat' dir='ltr'><strong>largimur</strong></span> <span class='ocrx_word' id='word_1_189' title='bbox 1283 2472 1380 2550; x_wconf 87' lang='lat' dir='ltr'><strong>atque</strong></span> <span class='ocrx_word' id='word_1_190' title='bbox 1410 2461 1640 2528; x_wconf 90' lang='lat' dir='ltr'><strong>confirmamus</strong></span> <span class='ocrx_word' id='word_1_191' title='bbox 1671 2484 1729 2548; x_wconf 89' lang='lat' dir='ltr'><strong>per</strong></span> <span class='ocrx_word' id='word_1_192' title='bbox 1750 2461 1846 2526; x_wconf 90' lang='lat' dir='ltr'><strong>huius</strong></span> 
     </span>
     <span class='ocr_line' id='line_1_20' title="bbox 197 2563 1845 2654; baseline -0.002 -22"><span class='ocrx_word' id='word_1_193' title='bbox 197 2571 298 2632; x_wconf 89' lang='lat' dir='ltr'><strong>nostri</strong></span> <span class='ocrx_word' id='word_1_194' title='bbox 315 2571 459 2654; x_wconf 87' lang='lat' dir='ltr'><strong>precepti</strong></span> <span class='ocrx_word' id='word_1_195' title='bbox 475 2569 630 2654; x_wconf 85' lang='lat' dir='ltr'><strong>paginam</strong></span> <span class='ocrx_word' id='word_1_196' title='bbox 646 2568 781 2654; x_wconf 87' lang='lat' dir='ltr'><strong>prefatis</strong></span> <span class='ocrx_word' id='word_1_197' title='bbox 797 2567 914 2653; x_wconf 90' lang='lat' dir='ltr'><strong>Ingoni</strong></span> <span class='ocrx_word' id='word_1_198' title='bbox 933 2571 1065 2654; x_wconf 91' lang='lat' dir='ltr'><strong>suisque</strong></span> <span class='ocrx_word' id='word_1_199' title='bbox 1087 2567 1162 2632; x_wconf 89' lang='lat' dir='ltr'><strong>filiis</strong></span> <span class='ocrx_word' id='word_1_200' title='bbox 1185 2588 1360 2652; x_wconf 91' lang='lat' dir='ltr'><strong>eorumque</strong></span> <span class='ocrx_word' id='word_1_201' title='bbox 1384 2563 1558 2630; x_wconf 92' lang='lat' dir='ltr'><strong>heredibus</strong></span> <span class='ocrx_word' id='word_1_202' title='bbox 1582 2587 1711 2630; x_wconf 91' lang='lat' dir='ltr'><strong>omnem</strong></span> <span class='ocrx_word' id='word_1_203' title='bbox 1734 2587 1845 2629; x_wconf 93' lang='lat' dir='ltr'><strong>eornm</strong></span> 
     </span>
     <span class='ocr_line' id='line_1_21' title="bbox 147 2670 1847 2757; baseline 0.002 -28"><span class='ocrx_word' id='word_1_204' title='bbox 147 2683 180 2730; x_wconf 83' lang='lat'><strong>20</strong></span> <span class='ocrx_word' id='word_1_205' title='bbox 197 2670 409 2736; x_wconf 79' lang='lat' dir='ltr'><strong>hereditatem</strong></span> <span class='ocrx_word' id='word_1_206' title='bbox 436 2695 457 2736; x_wconf 93' lang='lat' dir='ltr'><strong>a</strong></span> <span class='ocrx_word' id='word_1_207' title='bbox 484 2681 577 2757; x_wconf 90' lang='lat' dir='ltr'><strong>patre</strong></span> <span class='ocrx_word' id='word_1_208' title='bbox 600 2670 651 2735; x_wconf 89' lang='lat' dir='ltr'><strong>vel</strong></span> <span class='ocrx_word' id='word_1_209' title='bbox 682 2694 702 2736; x_wconf 89' lang='lat' dir='ltr'><strong>a</strong></span> <span class='ocrx_word' id='word_1_210' title='bbox 730 2679 833 2736; x_wconf 91' lang='lat' dir='ltr'><strong>matre</strong></span> <span class='ocrx_word' id='word_1_211' title='bbox 863 2671 924 2736; x_wconf 93' lang='lat' dir='ltr'><strong>sibi</strong></span> <span class='ocrx_word' id='word_1_212' title='bbox 956 2670 1124 2737; x_wconf 91' lang='lat' dir='ltr'><strong>dimissam</strong></span> <span class='ocrx_word' id='word_1_213' title='bbox 1153 2693 1210 2736; x_wconf 91' lang='lat' dir='ltr'><strong>sen</strong></span> <span class='ocrx_word' id='word_1_214' title='bbox 1240 2692 1352 2734; x_wconf 89' lang='lat' dir='ltr'><strong>omnes</strong></span> <span class='ocrx_word' id='word_1_215' title='bbox 1380 2691 1432 2733; x_wconf 91' lang='lat' dir='ltr'><strong>res</strong></span> <span class='ocrx_word' id='word_1_216' title='bbox 1458 2678 1495 2733; x_wconf 59' lang='lat' dir='ltr'><strong>‘et</strong></span> <span class='ocrx_word' id='word_1_217' title='bbox 1517 2678 1623 2732; x_wconf 87' lang='lat' dir='ltr'><strong>cortes</strong></span> <span class='ocrx_word' id='word_1_218' title='bbox 1646 2677 1792 2732; x_wconf 89' lang='lat' dir='ltr'><strong>mercata</strong></span> <span class='ocrx_word' id='word_1_219' title='bbox 1814 2677 1847 2732; x_wconf 92' lang='lat' dir='ltr'><strong>et</strong></span> 
     </span>
     <span class='ocr_line' id='line_1_22' title="bbox 197 2772 1847 2862; baseline 0 -24"><span class='ocrx_word' id='word_1_220' title='bbox 197 2774 347 2861; x_wconf 89' lang='lat' dir='ltr'><strong>publicas</strong></span> <span class='ocrx_word' id='word_1_221' title='bbox 371 2775 554 2841; x_wconf 85' lang='lat' dir='ltr'><strong>functiones</strong></span> <span class='ocrx_word' id='word_1_222' title='bbox 578 2797 640 2862; x_wconf 91' lang='lat' dir='ltr'><strong>que</strong></span> <span class='ocrx_word' id='word_1_223' title='bbox 669 2775 730 2840; x_wconf 94' lang='lat' dir='ltr'><strong>sibi</strong></span> <span class='ocrx_word' id='word_1_224' title='bbox 759 2785 826 2840; x_wconf 90' lang='lat' dir='ltr'><strong>tam</strong></span> <span class='ocrx_word' id='word_1_225' title='bbox 853 2774 1049 2840; x_wconf 91' lang='lat' dir='ltr'><strong>hereditario</strong></span> <span class='ocrx_word' id='word_1_226' title='bbox 1079 2777 1210 2840; x_wconf 92' lang='lat' dir='ltr'><strong>nomine</strong></span> <span class='ocrx_word' id='word_1_227' title='bbox 1240 2795 1402 2860; x_wconf 90' lang='lat' dir='ltr'><strong>quamque</strong></span> <span class='ocrx_word' id='word_1_228' title='bbox 1430 2773 1529 2838; x_wconf 90' lang='lat' dir='ltr'><strong>etiam</strong></span> <span class='ocrx_word' id='word_1_229' title='bbox 1558 2774 1686 2858; x_wconf 90' lang='lat' dir='ltr'><strong>scriptis</strong></span> <span class='ocrx_word' id='word_1_230' title='bbox 1717 2772 1847 2859; x_wconf 90' lang='lat' dir='ltr'><strong>quibus·</strong></span> 
     </span>
     <span class='ocr_line' id='line_1_23' title="bbox 197 2875 1848 2965; baseline 0 -24"><span class='ocrx_word' id='word_1_231' title='bbox 197 2900 336 2963; x_wconf 87' lang='lat' dir='ltr'><strong>cumque</strong></span> <span class='ocrx_word' id='word_1_232' title='bbox 359 2881 520 2965; x_wconf 91' lang='lat' dir='ltr'><strong>pertinere</strong></span> <span class='ocrx_word' id='word_1_233' title='bbox 535 2878 694 2962; x_wconf 90' lang='lat' dir='ltr'><strong>videntur,</strong></span> <span class='ocrx_word' id='word_1_234' title='bbox 719 2880 928 2944; x_wconf 90' lang='lat' dir='ltr'><strong>coniacentes</strong></span> <span class='ocrx_word' id='word_1_235' title='bbox 951 2879 1061 2944; x_wconf 77' lang='lat' dir='ltr'><strong>infra⁰</strong></span> <span class='ocrx_word' id='word_1_236' title='bbox 1082 2899 1219 2962; x_wconf 90' lang='lat' dir='ltr'><strong>regnum</strong></span> <span class='ocrx_word' id='word_1_237' title='bbox 1241 2877 1393 2942; x_wconf 87' lang='lat' dir='ltr'><strong>Italicum</strong></span> <span class='ocrx_word' id='word_1_238' title='bbox 1415 2878 1450 2940; x_wconf 93' lang='lat' dir='ltr'><strong>in</strong></span> <span class='ocrx_word' id='word_1_239' title='bbox 1471 2875 1679 2942; x_wconf 90' lang='lat' dir='ltr'><strong>comitatibus</strong></span> <span class='ocrx_word' id='word_1_240' title='bbox 1695 2875 1848 2941; x_wconf 88' lang='lat' dir='ltr'><strong>videlicet</strong></span> 
     </span>
     <span class='ocr_line' id='line_1_24' title="bbox 196 2979 1845 3066; baseline 0 -20"><span class='ocrx_word' id='word_1_241' title='bbox 196 2981 414 3066; x_wconf 86' lang='lat' dir='ltr'><strong>Bulgariensi,</strong></span> <span class='ocrx_word' id='word_1_242' title='bbox 438 2981 670 3064; x_wconf 89' lang='lat' dir='ltr'><strong>Laumellensi,</strong></span> <span class='ocrx_word' id='word_1_243' title='bbox 693 2979 924 3065; x_wconf 72' lang='lat' dir='ltr'><strong>Plumbiensif,</strong></span> <span class='ocrx_word' id='word_1_244' title='bbox 948 2982 1196 3064; x_wconf 85' lang='lat' dir='ltr'><strong>Mediolanensi,</strong></span> <span class='ocrx_word' id='word_1_245' title='bbox 1220 2981 1404 3062; x_wconf 87' lang='lat' dir='ltr'><strong>Evoriensi,</strong></span> <span class='ocrx_word' id='word_1_246' title='bbox 1428 2979 1592 3065; x_wconf 89' lang='lat' dir='ltr'><strong>Papiensi,</strong></span> <span class='ocrx_word' id='word_1_247' title='bbox 1619 2979 1809 3046; x_wconf 91' lang='lat' dir='ltr'><strong>Placentino</strong></span> <span class='ocrx_word' id='word_1_248' title='bbox 1822 2992 1845 3063; x_wconf 75' lang='lat'><strong>⁸,</strong></span> 
     </span>
     <span class='ocr_line' id='line_1_25' title="bbox 198 3079 1845 3168; baseline -0.001 -20"><span class='ocrx_word' id='word_1_249' title='bbox 198 3085 375 3168; x_wconf 88' lang='lat' dir='ltr'><strong>Parmensi,</strong></span> <span class='ocrx_word' id='word_1_250' title='bbox 406 3096 531 3151; x_wconf 88' lang='lat' dir='ltr'><strong>cortem</strong></span> <span class='ocrx_word' id='word_1_251' title='bbox 560 3086 684 3150; x_wconf 91' lang='lat' dir='ltr'><strong>scilicet</strong></span> <span class='ocrx_word' id='word_1_252' title='bbox 710 3085 750 3150; x_wconf 91' lang='lat' dir='ltr'><strong>de</strong></span> <span class='ocrx_word' id='word_1_253' title='bbox 772 3084 923 3150; x_wconf 91' lang='lat' dir='ltr'><strong>Bercleto</strong></span> <span class='ocrx_word' id='word_1_254' title='bbox 936 3083 960 3167; x_wconf 78' lang='lat'><strong>¹³,</strong></span> <span class='ocrx_word' id='word_1_255' title='bbox 990 3095 1113 3150; x_wconf 86' lang='lat' dir='ltr'><strong>cortem</strong></span> <span class='ocrx_word' id='word_1_256' title='bbox 1136 3084 1177 3149; x_wconf 94' lang='lat' dir='ltr'><strong>de</strong></span> <span class='ocrx_word' id='word_1_257' title='bbox 1200 3082 1360 3149; x_wconf 83' lang='lat' dir='ltr'><strong>Ceretano</strong></span> <span class='ocrx_word' id='word_1_258' title='bbox 1374 3079 1391 3165; x_wconf 72' lang='lat'><strong>¹,</strong></span> <span class='ocrx_word' id='word_1_259' title='bbox 1423 3091 1547 3147; x_wconf 89' lang='lat' dir='ltr'><strong>cortem</strong></span> <span class='ocrx_word' id='word_1_260' title='bbox 1568 3081 1744 3148; x_wconf 90' lang='lat' dir='ltr'><strong>Villanove</strong></span> <span class='ocrx_word' id='word_1_261' title='bbox 1772 3105 1845 3149; x_wconf 90' lang='lat' dir='ltr'><strong>cum</strong></span> 
     </span>
     <span class='ocr_line' id='line_1_26' title="bbox 147 3187 1845 3277; baseline -0.001 -24"><span class='ocrx_word' id='word_1_262' title='bbox 147 3206 180 3253; x_wconf 80' lang='lat' dir='ltr'><strong>ac</strong></span> <span class='ocrx_word' id='word_1_263' title='bbox 199 3200 307 3256; x_wconf 90' lang='lat' dir='ltr'><strong>castro</strong></span> <span class='ocrx_word' id='word_1_264' title='bbox 331 3213 429 3277; x_wconf 90' lang='lat' dir='ltr'><strong>super</strong></span> <span class='ocrx_word' id='word_1_265' title='bbox 452 3213 486 3256; x_wconf 92' lang='lat' dir='ltr'><strong>se</strong></span> <span class='ocrx_word' id='word_1_266' title='bbox 508 3190 698 3274; x_wconf 91' lang='lat' dir='ltr'><strong>habentem,</strong></span> <span class='ocrx_word' id='word_1_267' title='bbox 731 3201 854 3256; x_wconf 93' lang='lat' dir='ltr'><strong>cortem</strong></span> <span class='ocrx_word' id='word_1_268' title='bbox 877 3190 918 3254; x_wconf 90' lang='lat' dir='ltr'><strong>de</strong></span> <span class='ocrx_word' id='word_1_269' title='bbox 941 3187 1156 3255; x_wconf 68' lang='lat' dir='ltr'><strong>Grravalonak</strong></span> <span class='ocrx_word' id='word_1_270' title='bbox 1184 3213 1259 3255; x_wconf 90' lang='lat' dir='ltr'><strong>oum</strong></span> <span class='ocrx_word' id='word_1_271' title='bbox 1287 3199 1395 3254; x_wconf 92' lang='lat' dir='ltr'><strong>castro</strong></span> <span class='ocrx_word' id='word_1_272' title='bbox 1420 3187 1569 3254; x_wconf 84' lang='lat' dir='ltr'><strong>Cassiolo</strong></span> <span class='ocrx_word' id='word_1_273' title='bbox 1597 3197 1629 3253; x_wconf 93' lang='lat' dir='ltr'><strong>et</strong></span> <span class='ocrx_word' id='word_1_274' title='bbox 1652 3187 1815 3254; x_wconf 84' lang='lat' dir='ltr'><strong>Oreblado</strong></span> <span class='ocrx_word' id='word_1_275' title='bbox 1828 3187 1845 3271; x_wconf 90' lang='lat'><strong>¹,</strong></span> 
     </span>
     <span class='ocr_line' id='line_1_27' title="bbox 199 3293 1847 3378; baseline -0.001 -20"><span class='ocrx_word' id='word_1_276' title='bbox 199 3303 322 3358; x_wconf 89' lang='lat' dir='ltr'><strong>cortem</strong></span> <span class='ocrx_word' id='word_1_277' title='bbox 341 3294 381 3359; x_wconf 93' lang='lat' dir='ltr'><strong>de</strong></span> <span class='ocrx_word' id='word_1_278' title='bbox 399 3295 596 3378; x_wconf 88' lang='lat' dir='ltr'><strong>Marinasco,</strong></span> <span class='ocrx_word' id='word_1_279' title='bbox 621 3304 744 3360; x_wconf 90' lang='lat' dir='ltr'><strong>cortem</strong></span> <span class='ocrx_word' id='word_1_280' title='bbox 768 3293 808 3359; x_wconf 92' lang='lat' dir='ltr'><strong>de</strong></span> <span class='ocrx_word' id='word_1_281' title='bbox 831 3295 975 3360; x_wconf 80' lang='lat' dir='ltr'><strong>Nevirim</strong></span> <span class='ocrx_word' id='word_1_282' title='bbox 1003 3317 1076 3360; x_wconf 92' lang='lat' dir='ltr'><strong>cum</strong></span> <span class='ocrx_word' id='word_1_283' title='bbox 1100 3305 1208 3360; x_wconf 90' lang='lat' dir='ltr'><strong>castro</strong></span> <span class='ocrx_word' id='word_1_284' title='bbox 1232 3294 1422 3360; x_wconf 82' lang='lat' dir='ltr'><strong>Vicoboin¹¹</strong></span> <span class='ocrx_word' id='word_1_285' title='bbox 1445 3305 1477 3360; x_wconf 93' lang='lat' dir='ltr'><strong>et</strong></span> <span class='ocrx_word' id='word_1_286' title='bbox 1498 3294 1602 3359; x_wconf 84' lang='lat' dir='ltr'><strong>villa⁰</strong></span> <span class='ocrx_word' id='word_1_287' title='bbox 1626 3293 1765 3378; x_wconf 86' lang='lat' dir='ltr'><strong>Sazago,</strong></span> <span class='ocrx_word' id='word_1_288' title='bbox 1790 3316 1847 3358; x_wconf 91' lang='lat' dir='ltr'><strong>seu</strong></span> 
     </span>
     <span class='ocr_line' id='line_1_28' title="bbox 198 3397 1846 3485; baseline 0.001 -25"><span class='ocrx_word' id='word_1_289' title='bbox 198 3398 282 3461; x_wconf 89' lang='lat' dir='ltr'><strong>infra</strong></span> <span class='ocrx_word' id='word_1_290' title='bbox 305 3399 472 3464; x_wconf 89' lang='lat' dir='ltr'><strong>civitatem</strong></span> <span class='ocrx_word' id='word_1_291' title='bbox 493 3398 731 3464; x_wconf 88' lang='lat' dir='ltr'><strong>Novariensem</strong></span> <span class='ocrx_word' id='word_1_292' title='bbox 754 3408 879 3463; x_wconf 90' lang='lat' dir='ltr'><strong>cortem</strong></span> <span class='ocrx_word' id='word_1_293' title='bbox 902 3397 942 3464; x_wconf 88' lang='lat' dir='ltr'><strong>de</strong></span> <span class='ocrx_word' id='word_1_294' title='bbox 963 3398 1177 3464; x_wconf 75' lang='lat' dir='ltr'><strong>Verictelimr</strong></span> <span class='ocrx_word' id='word_1_295' title='bbox 1206 3422 1281 3464; x_wconf 91' lang='lat' dir='ltr'><strong>cum</strong></span> <span class='ocrx_word' id='word_1_296' title='bbox 1307 3408 1415 3464; x_wconf 90' lang='lat' dir='ltr'><strong>castro</strong></span> <span class='ocrx_word' id='word_1_297' title='bbox 1440 3422 1536 3485; x_wconf 92' lang='lat' dir='ltr'><strong>super</strong></span> <span class='ocrx_word' id='word_1_298' title='bbox 1560 3422 1595 3463; x_wconf 93' lang='lat' dir='ltr'><strong>se</strong></span> <span class='ocrx_word' id='word_1_299' title='bbox 1616 3398 1791 3464; x_wconf 87' lang='lat' dir='ltr'><strong>habentem</strong></span> <span class='ocrx_word' id='word_1_300' title='bbox 1814 3407 1846 3462; x_wconf 94' lang='lat' dir='ltr'><strong>et</strong></span> 
     </span>
     <span class='ocr_line' id='line_1_29' title="bbox 198 3500 1843 3585; baseline 0.001 -22"><span class='ocrx_word' id='word_1_301' title='bbox 198 3501 230 3565; x_wconf 93' lang='lat' dir='ltr'><strong>in</strong></span> <span class='ocrx_word' id='word_1_302' title='bbox 247 3501 414 3566; x_wconf 89' lang='lat' dir='ltr'><strong>Parmensi</strong></span> <span class='ocrx_word' id='word_1_303' title='bbox 437 3510 561 3566; x_wconf 90' lang='lat' dir='ltr'><strong>cortem</strong></span> <span class='ocrx_word' id='word_1_304' title='bbox 583 3500 623 3566; x_wconf 91' lang='lat' dir='ltr'><strong>de</strong></span> <span class='ocrx_word' id='word_1_305' title='bbox 639 3500 831 3567; x_wconf 85' lang='lat' dir='ltr'><strong>Tortoliano</strong></span> <span class='ocrx_word' id='word_1_306' title='bbox 857 3501 951 3567; x_wconf 90' lang='lat' dir='ltr'><strong>simul</strong></span> <span class='ocrx_word' id='word_1_307' title='bbox 976 3524 1050 3566; x_wconf 91' lang='lat' dir='ltr'><strong>cum</strong></span> <span class='ocrx_word' id='word_1_308' title='bbox 1073 3512 1193 3585; x_wconf 88' lang='lat' dir='ltr'><strong>castro,</strong></span> <span class='ocrx_word' id='word_1_309' title='bbox 1218 3512 1340 3568; x_wconf 90' lang='lat' dir='ltr'><strong>cortem</strong></span> <span class='ocrx_word' id='word_1_310' title='bbox 1363 3502 1404 3567; x_wconf 90' lang='lat' dir='ltr'><strong>de</strong></span> <span class='ocrx_word' id='word_1_311' title='bbox 1421 3503 1614 3568; x_wconf 88' lang='lat' dir='ltr'><strong>Staderiano</strong></span> <span class='ocrx_word' id='word_1_312' title='bbox 1638 3524 1713 3566; x_wconf 90' lang='lat' dir='ltr'><strong>oum</strong></span> <span class='ocrx_word' id='word_1_313' title='bbox 1736 3511 1843 3565; x_wconf 92' lang='lat' dir='ltr'><strong>castro</strong></span> 
     </span>
     <span class='ocr_line' id='line_1_30' title="bbox 197 3603 1846 3693; baseline 0.001 -26"><span class='ocrx_word' id='word_1_314' title='bbox 197 3613 229 3668; x_wconf 92' lang='lat' dir='ltr'><strong>et</strong></span> <span class='ocrx_word' id='word_1_315' title='bbox 244 3603 458 3669; x_wconf 88' lang='lat' dir='ltr'><strong>Vicoferdulfi</strong></span> <span class='ocrx_word' id='word_1_316' title='bbox 480 3626 555 3670; x_wconf 90' lang='lat' dir='ltr'><strong>cum</strong></span> <span class='ocrx_word' id='word_1_317' title='bbox 578 3613 686 3670; x_wconf 89' lang='lat' dir='ltr'><strong>castro</strong></span> <span class='ocrx_word' id='word_1_318' title='bbox 709 3627 770 3669; x_wconf 91' lang='lat' dir='ltr'><strong>nec</strong></span> <span class='ocrx_word' id='word_1_319' title='bbox 792 3627 859 3669; x_wconf 93' lang='lat' dir='ltr'><strong>non</strong></span> <span class='ocrx_word' id='word_1_320' title='bbox 883 3614 1008 3670; x_wconf 92' lang='lat' dir='ltr'><strong>ceteras</strong></span> <span class='ocrx_word' id='word_1_321' title='bbox 1030 3627 1081 3670; x_wconf 90' lang='lat' dir='ltr'><strong>res</strong></span> <span class='ocrx_word' id='word_1_322' title='bbox 1099 3615 1131 3670; x_wconf 93' lang='lat' dir='ltr'><strong>et</strong></span> <span class='ocrx_word' id='word_1_323' title='bbox 1145 3606 1259 3691; x_wconf 89' lang='lat' dir='ltr'><strong>predia</strong></span> <span class='ocrx_word' id='word_1_324' title='bbox 1278 3627 1339 3692; x_wconf 93' lang='lat' dir='ltr'><strong>que</strong></span> <span class='ocrx_word' id='word_1_325' title='bbox 1358 3607 1443 3671; x_wconf 88' lang='lat' dir='ltr'><strong>infra</strong></span> <span class='ocrx_word' id='word_1_326' title='bbox 1460 3615 1652 3693; x_wconf 89' lang='lat' dir='ltr'><strong>pretaxatos</strong></span> <span class='ocrx_word' id='word_1_327' title='bbox 1672 3607 1846 3670; x_wconf 86' lang='lat' dir='ltr'><strong>comitatus</strong></span> 
     </span>
     <span class='ocr_line' id='line_1_31' title="bbox 146 3697 1845 3794; baseline 0.002 -26"><span class='ocrx_word' id='word_1_328' title='bbox 146 3721 178 3769; x_wconf 83' lang='lat' dir='ltr'><strong>sc</strong></span> <span class='ocrx_word' id='word_1_329' title='bbox 198 3705 350 3772; x_wconf 91' lang='lat' dir='ltr'><strong>adiacent</strong></span> <span class='ocrx_word' id='word_1_330' title='bbox 368 3697 442 3772; x_wconf 85' lang='lat' dir='ltr'><strong>curn¹</strong></span> <span class='ocrx_word' id='word_1_331' title='bbox 459 3706 609 3772; x_wconf 88' lang='lat' dir='ltr'><strong>omnibus</strong></span> <span class='ocrx_word' id='word_1_332' title='bbox 625 3707 817 3774; x_wconf 88' lang='lat' dir='ltr'><strong>adiacentiis</strong></span> <span class='ocrx_word' id='word_1_333' title='bbox 834 3718 866 3773; x_wconf 92' lang='lat' dir='ltr'><strong>et</strong></span> <span class='ocrx_word' id='word_1_334' title='bbox 883 3709 1085 3794; x_wconf 88' lang='lat' dir='ltr'><strong>pertinentiis</strong></span> <span class='ocrx_word' id='word_1_335' title='bbox 1104 3710 1181 3792; x_wconf 91' lang='lat' dir='ltr'><strong>suis,</strong></span> <span class='ocrx_word' id='word_1_336' title='bbox 1205 3718 1241 3774; x_wconf 93' lang='lat' dir='ltr'><strong>ut</strong></span> <span class='ocrx_word' id='word_1_337' title='bbox 1254 3709 1398 3775; x_wconf 90' lang='lat' dir='ltr'><strong>habeant</strong></span> <span class='ocrx_word' id='word_1_338' title='bbox 1413 3718 1544 3774; x_wconf 91' lang='lat' dir='ltr'><strong>teneant</strong></span> <span class='ocrx_word' id='word_1_339' title='bbox 1558 3709 1755 3794; x_wconf 90' lang='lat' dir='ltr'><strong>firmiterque</strong></span> <span class='ocrx_word' id='word_1_340' title='bbox 1771 3731 1845 3794; x_wconf 90' lang='lat' dir='ltr'><strong>pos·</strong></span> 
     </span>
     <span class='ocr_line' id='line_1_32' title="bbox 198 3809 1845 3898; baseline 0.001 -24"><span class='ocrx_word' id='word_1_341' title='bbox 198 3809 325 3875; x_wconf 89' lang='lat' dir='ltr'><strong>sideant</strong></span> <span class='ocrx_word' id='word_1_342' title='bbox 340 3818 407 3873; x_wconf 91' lang='lat' dir='ltr'><strong>tam</strong></span> <span class='ocrx_word' id='word_1_343' title='bbox 423 3811 484 3895; x_wconf 91' lang='lat' dir='ltr'><strong>ipsi</strong></span> <span class='ocrx_word' id='word_1_344' title='bbox 502 3831 600 3895; x_wconf 88' lang='lat' dir='ltr'><strong>quam</strong></span> <span class='ocrx_word' id='word_1_345' title='bbox 616 3812 664 3876; x_wconf 89' lang='lat' dir='ltr'><strong>sui</strong></span> <span class='ocrx_word' id='word_1_346' title='bbox 683 3809 829 3894; x_wconf 90' lang='lat' dir='ltr'><strong>heredes,</strong></span> <span class='ocrx_word' id='word_1_347' title='bbox 853 3823 965 3876; x_wconf 92' lang='lat' dir='ltr'><strong>nostra</strong></span> <span class='ocrx_word' id='word_1_348' title='bbox 987 3822 1237 3898; x_wconf 87' lang='lat' dir='ltr'><strong>nostrorumque</strong></span> <span class='ocrx_word' id='word_1_349' title='bbox 1259 3835 1485 3878; x_wconf 85' lang='lat' dir='ltr'><strong>suceessorum</strong></span> <span class='ocrx_word' id='word_1_350' title='bbox 1505 3812 1558 3878; x_wconf 92' lang='lat' dir='ltr'><strong>vel</strong></span> <span class='ocrx_word' id='word_1_351' title='bbox 1581 3814 1725 3877; x_wconf 91' lang='lat' dir='ltr'><strong>omnium</strong></span> <span class='ocrx_word' id='word_1_352' title='bbox 1743 3811 1845 3876; x_wconf 88' lang='lat' dir='ltr'><strong>homi-</strong></span> 
     </span>
     <span class='ocr_line' id='line_1_33' title="bbox 197 3912 1844 4003; baseline 0.001 -26"><span class='ocrx_word' id='word_1_353' title='bbox 197 3935 274 3977; x_wconf 93' lang='lat' dir='ltr'><strong>num</strong></span> <span class='ocrx_word' id='word_1_354' title='bbox 287 3912 547 3978; x_wconf 88' lang='lat' dir='ltr'><strong>contradictione</strong></span> <span class='ocrx_word' id='word_1_355' title='bbox 559 3923 694 3979; x_wconf 90' lang='lat' dir='ltr'><strong>remota.</strong></span> <span class='ocrx_word' id='word_1_356' title='bbox 719 3913 935 3979; x_wconf 83' lang='lat' dir='ltr'><strong>Concedimus</strong></span> <span class='ocrx_word' id='word_1_357' title='bbox 947 3925 980 3980; x_wconf 91' lang='lat' dir='ltr'><strong>et</strong></span> <span class='ocrx_word' id='word_1_358' title='bbox 991 3937 1049 4001; x_wconf 91' lang='lat' dir='ltr'><strong>per</strong></span> <span class='ocrx_word' id='word_1_359' title='bbox 1061 3915 1123 3981; x_wconf 90' lang='lat' dir='ltr'><strong>hoc</strong></span> <span class='ocrx_word' id='word_1_360' title='bbox 1135 3926 1282 3981; x_wconf 89' lang='lat' dir='ltr'><strong>nostrum</strong></span> <span class='ocrx_word' id='word_1_361' title='bbox 1295 3927 1485 4003; x_wconf 87' lang='lat' dir='ltr'><strong>preceptum</strong></span> <span class='ocrx_word' id='word_1_362' title='bbox 1496 3915 1726 3982; x_wconf 90' lang='lat' dir='ltr'><strong>confirmamus</strong></span> <span class='ocrx_word' id='word_1_363' title='bbox 1740 3914 1844 3979; x_wconf 90' lang='lat' dir='ltr'><strong>eidem</strong></span> 
     </span>
    </p>

    <p class='ocr_par' dir='ltr' id='par_1_6' title="bbox 85 4015 1872 5241">
     <span class='ocr_line' id='line_1_34' title="bbox 85 4015 1845 4106; baseline 0.002 -28"><span class='ocrx_word' id='word_1_364' title='bbox 85 4031 90 4052; x_wconf 66' lang='lat'><em>⁸</em></span> <span class='ocrx_word' id='word_1_365' title='bbox 197 4017 313 4098; x_wconf 85' lang='lat' dir='ltr'><strong>ingoni</strong></span> <span class='ocrx_word' id='word_1_366' title='bbox 336 4025 369 4080; x_wconf 93' lang='lat' dir='ltr'><strong>et</strong></span> <span class='ocrx_word' id='word_1_367' title='bbox 392 4017 458 4079; x_wconf 91' lang='lat' dir='ltr'><strong>suis</strong></span> <span class='ocrx_word' id='word_1_368' title='bbox 480 4015 555 4081; x_wconf 92' lang='lat' dir='ltr'><strong>filiis</strong></span> <span class='ocrx_word' id='word_1_369' title='bbox 578 4039 755 4104; x_wconf 90' lang='lat' dir='ltr'><strong>eorumque</strong></span> <span class='ocrx_word' id='word_1_370' title='bbox 777 4016 961 4100; x_wconf 88' lang='lat' dir='ltr'><strong>heredibus,</strong></span> <span class='ocrx_word' id='word_1_371' title='bbox 985 4029 1021 4083; x_wconf 92' lang='lat' dir='ltr'><strong>ut</strong></span> <span class='ocrx_word' id='word_1_372' title='bbox 1043 4041 1086 4083; x_wconf 83' lang='lat' dir='ltr'><strong>ex</strong></span> <span class='ocrx_word' id='word_1_373' title='bbox 1107 4018 1158 4083; x_wconf 92' lang='lat' dir='ltr'><strong>his</strong></span> <span class='ocrx_word' id='word_1_374' title='bbox 1174 4022 1410 4106; x_wconf 90' lang='lat' dir='ltr'><strong>prenominatis</strong></span> <span class='ocrx_word' id='word_1_375' title='bbox 1427 4020 1570 4086; x_wconf 90' lang='lat' dir='ltr'><strong>cortibus</strong></span> <span class='ocrx_word' id='word_1_376' title='bbox 1588 4042 1645 4085; x_wconf 90' lang='lat' dir='ltr'><strong>seu</strong></span> <span class='ocrx_word' id='word_1_377' title='bbox 1661 4043 1703 4092; x_wconf 86' lang='lat' dir='ltr'><strong>cx</strong></span> <span class='ocrx_word' id='word_1_378' title='bbox 1719 4021 1845 4084; x_wconf 90' lang='lat' dir='ltr'><strong>cunetis</strong></span> 
     </span>
     <span class='ocr_line' id='line_1_35' title="bbox 198 4119 1844 4212; baseline 0.004 -31"><span class='ocrx_word' id='word_1_379' title='bbox 198 4120 313 4182; x_wconf 90' lang='lat' dir='ltr'><strong>ceteris</strong></span> <span class='ocrx_word' id='word_1_380' title='bbox 336 4119 432 4183; x_wconf 89' lang='lat' dir='ltr'><strong>rebus</strong></span> <span class='ocrx_word' id='word_1_381' title='bbox 457 4141 515 4204; x_wconf 91' lang='lat' dir='ltr'><strong>per</strong></span> <span class='ocrx_word' id='word_1_382' title='bbox 537 4120 680 4184; x_wconf 90' lang='lat' dir='ltr'><strong>cartulas</strong></span> <span class='ocrx_word' id='word_1_383' title='bbox 703 4120 894 4188; x_wconf 89' lang='lat' dir='ltr'><strong>vinditionis</strong></span> <span class='ocrx_word' id='word_1_384' title='bbox 918 4122 1103 4188; x_wconf 90' lang='lat' dir='ltr'><strong>donationis</strong></span> <span class='ocrx_word' id='word_1_385' title='bbox 1126 4123 1261 4190; x_wconf 90' lang='lat' dir='ltr'><strong>iudicati</strong></span> <span class='ocrx_word' id='word_1_386' title='bbox 1285 4148 1341 4189; x_wconf 92' lang='lat' dir='ltr'><strong>seu</strong></span> <span class='ocrx_word' id='word_1_387' title='bbox 1363 4126 1467 4190; x_wconf 91' lang='lat' dir='ltr'><strong>nostri</strong></span> <span class='ocrx_word' id='word_1_388' title='bbox 1489 4135 1738 4212; x_wconf 88' lang='lat' dir='ltr'><strong>nostrorumque</strong></span> <span class='ocrx_word' id='word_1_389' title='bbox 1757 4135 1844 4189; x_wconf 90' lang='lat' dir='ltr'><strong>ante-</strong></span> 
     </span>
     <span class='ocr_line' id='line_1_36' title="bbox 146 4221 1845 4313; baseline 0.006 -30"><span class='ocrx_word' id='word_1_390' title='bbox 146 4237 179 4283; x_wconf 79' lang='lat' dir='ltr'><strong>co</strong></span> <span class='ocrx_word' id='word_1_391' title='bbox 198 4243 364 4285; x_wconf 88' lang='lat' dir='ltr'><strong>cessorum</strong></span> <span class='ocrx_word' id='word_1_392' title='bbox 394 4232 623 4307; x_wconf 89' lang='lat' dir='ltr'><strong>preceptorum</strong></span> <span class='ocrx_word' id='word_1_393' title='bbox 651 4226 778 4308; x_wconf 87' lang='lat' dir='ltr'><strong>paginis</strong></span> <span class='ocrx_word' id='word_1_394' title='bbox 808 4221 870 4289; x_wconf 94' lang='lat' dir='ltr'><strong>sibi</strong></span> <span class='ocrx_word' id='word_1_395' title='bbox 899 4227 1030 4312; x_wconf 90' lang='lat' dir='ltr'><strong>suisque</strong></span> <span class='ocrx_word' id='word_1_396' title='bbox 1060 4225 1254 4291; x_wconf 85' lang='lat' dir='ltr'><strong>datoribus‘l</strong></span> <span class='ocrx_word' id='word_1_397' title='bbox 1282 4229 1453 4313; x_wconf 91' lang='lat' dir='ltr'><strong>adquisitis</strong></span> <span class='ocrx_word' id='word_1_398' title='bbox 1482 4251 1554 4292; x_wconf 91' lang='lat' dir='ltr'><strong>cum</strong></span> <span class='ocrx_word' id='word_1_399' title='bbox 1583 4229 1733 4294; x_wconf 91' lang='lat' dir='ltr'><strong>omuibus</strong></span> <span class='ocrx_word' id='word_1_400' title='bbox 1756 4227 1845 4294; x_wconf 90' lang='lat' dir='ltr'><strong>adia·</strong></span> 
     </span>
     <span class='ocr_line' id='line_1_37' title="bbox 198 4325 1845 4417; baseline 0.005 -30"><span class='ocrx_word' id='word_1_401' title='bbox 198 4325 313 4389; x_wconf 88' lang='lat' dir='ltr'><strong>centiis</strong></span> <span class='ocrx_word' id='word_1_402' title='bbox 342 4334 374 4388; x_wconf 91' lang='lat' dir='ltr'><strong>et</strong></span> <span class='ocrx_word' id='word_1_403' title='bbox 402 4326 604 4409; x_wconf 89' lang='lat' dir='ltr'><strong>pertinentiis</strong></span> <span class='ocrx_word' id='word_1_404' title='bbox 634 4329 701 4390; x_wconf 90' lang='lat' dir='ltr'><strong>suis</strong></span> <span class='ocrx_word' id='word_1_405' title='bbox 729 4326 836 4392; x_wconf 90' lang='lat' dir='ltr'><strong>nullus</strong></span> <span class='ocrx_word' id='word_1_406' title='bbox 866 4327 1020 4393; x_wconf 89' lang='lat' dir='ltr'><strong>invadere</strong></span> <span class='ocrx_word' id='word_1_407' title='bbox 1049 4339 1185 4415; x_wconf 87' lang='lat' dir='ltr'><strong>temptet</strong></span> <span class='ocrx_word' id='word_1_408' title='bbox 1212 4339 1269 4395; x_wconf 90' lang='lat' dir='ltr'><strong>aut</strong></span> <span class='ocrx_word' id='word_1_409' title='bbox 1298 4353 1354 4395; x_wconf 87' lang='lat' dir='ltr'><strong>eos</strong></span> <span class='ocrx_word' id='word_1_410' title='bbox 1385 4331 1555 4396; x_wconf 89' lang='lat' dir='ltr'><strong>disvestire</strong></span> <span class='ocrx_word' id='word_1_411' title='bbox 1577 4341 1758 4417; x_wconf 89' lang='lat' dir='ltr'><strong>presumat,</strong></span> <span class='ocrx_word' id='word_1_412' title='bbox 1787 4331 1845 4396; x_wconf 91' lang='lat' dir='ltr'><strong>sed</strong></span> 
     </span>
     <span class='ocr_line' id='line_1_38' title="bbox 196 4428 1844 4520; baseline 0.004 -27"><span class='ocrx_word' id='word_1_413' title='bbox 196 4437 310 4493; x_wconf 90' lang='lat' dir='ltr'><strong>nostra</strong></span> <span class='ocrx_word' id='word_1_414' title='bbox 338 4428 517 4514; x_wconf 88' lang='lat' dir='ltr'><strong>preceptali</strong></span> <span class='ocrx_word' id='word_1_415' title='bbox 549 4431 743 4494; x_wconf 89' lang='lat' dir='ltr'><strong>auctoritate</strong></span> <span class='ocrx_word' id='word_1_416' title='bbox 771 4430 972 4495; x_wconf 92' lang='lat' dir='ltr'><strong>corroborati</strong></span> <span class='ocrx_word' id='word_1_417' title='bbox 1002 4440 1034 4494; x_wconf 92' lang='lat' dir='ltr'><strong>et</strong></span> <span class='ocrx_word' id='word_1_418' title='bbox 1063 4432 1245 4497; x_wconf 90' lang='lat' dir='ltr'><strong>confirmati</strong></span> <span class='ocrx_word' id='word_1_419' title='bbox 1274 4434 1371 4499; x_wconf 90' lang='lat' dir='ltr'><strong>liceat</strong></span> <span class='ocrx_word' id='word_1_420' title='bbox 1393 4437 1439 4499; x_wconf 92' lang='lat' dir='ltr'><strong>eis</strong></span> <span class='ocrx_word' id='word_1_421' title='bbox 1462 4434 1627 4520; x_wconf 90' lang='lat' dir='ltr'><strong>predictas</strong></span> <span class='ocrx_word' id='word_1_422' title='bbox 1649 4459 1700 4499; x_wconf 90' lang='lat' dir='ltr'><strong>res</strong></span> <span class='ocrx_word' id='word_1_423' title='bbox 1724 4435 1844 4500; x_wconf 91' lang='lat' dir='ltr'><strong>habere</strong></span> 
     </span>
     <span class='ocr_line' id='line_1_39' title="bbox 197 4531 1844 4624; baseline 0.003 -28"><span class='ocrx_word' id='word_1_424' title='bbox 197 4542 306 4597; x_wconf 90' lang='lat' dir='ltr'><strong>tenere</strong></span> <span class='ocrx_word' id='word_1_425' title='bbox 330 4543 362 4596; x_wconf 90' lang='lat' dir='ltr'><strong>et</strong></span> <span class='ocrx_word' id='word_1_426' title='bbox 385 4533 492 4618; x_wconf 91' lang='lat' dir='ltr'><strong>quiete</strong></span> <span class='ocrx_word' id='word_1_427' title='bbox 516 4531 694 4617; x_wconf 91' lang='lat' dir='ltr'><strong>possidere,</strong></span> <span class='ocrx_word' id='word_1_428' title='bbox 719 4531 848 4597; x_wconf 88' lang='lat' dir='ltr'><strong>sublata</strong></span> <span class='ocrx_word' id='word_1_429' title='bbox 872 4535 958 4597; x_wconf 91' lang='lat' dir='ltr'><strong>omni</strong></span> <span class='ocrx_word' id='word_1_430' title='bbox 982 4537 1214 4599; x_wconf 88' lang='lat' dir='ltr'><strong>controversia.</strong></span> <span class='ocrx_word' id='word_1_431' title='bbox 1260 4535 1478 4603; x_wconf 82' lang='lat' dir='ltr'><strong>Concedimus</strong></span> <span class='ocrx_word' id='word_1_432' title='bbox 1502 4540 1601 4602; x_wconf 91' lang='lat' dir='ltr'><strong>etiam</strong></span> <span class='ocrx_word' id='word_1_433' title='bbox 1624 4549 1656 4602; x_wconf 94' lang='lat' dir='ltr'><strong>et</strong></span> <span class='ocrx_word' id='word_1_434' title='bbox 1678 4561 1736 4624; x_wconf 90' lang='lat' dir='ltr'><strong>per</strong></span> <span class='ocrx_word' id='word_1_435' title='bbox 1758 4539 1844 4602; x_wconf 87' lang='lat' dir='ltr'><strong>huno</strong></span> 
     </span>
     <span class='ocr_line' id='line_1_40' title="bbox 198 4635 1843 4724; baseline 0.002 -23"><span class='ocrx_word' id='word_1_436' title='bbox 198 4647 387 4723; x_wconf 89' lang='lat' dir='ltr'><strong>preceptum</strong></span> <span class='ocrx_word' id='word_1_437' title='bbox 410 4637 657 4719; x_wconf 90' lang='lat' dir='ltr'><strong>confirmamus,</strong></span> <span class='ocrx_word' id='word_1_438' title='bbox 685 4646 721 4701; x_wconf 92' lang='lat' dir='ltr'><strong>ut</strong></span> <span class='ocrx_word' id='word_1_439' title='bbox 744 4636 856 4702; x_wconf 89' lang='lat' dir='ltr'><strong>nullus</strong></span> <span class='ocrx_word' id='word_1_440' title='bbox 874 4635 943 4700; x_wconf 83' lang='lat' dir='ltr'><strong>dux</strong></span> <span class='ocrx_word' id='word_1_441' title='bbox 965 4636 1110 4702; x_wconf 90' lang='lat' dir='ltr'><strong>marchio</strong></span> <span class='ocrx_word' id='word_1_442' title='bbox 1134 4659 1243 4702; x_wconf 88' lang='lat' dir='ltr'><strong>comes</strong></span> <span class='ocrx_word' id='word_1_443' title='bbox 1266 4639 1450 4703; x_wconf 88' lang='lat' dir='ltr'><strong>vicecomes</strong></span> <span class='ocrx_word' id='word_1_444' title='bbox 1474 4638 1655 4704; x_wconf 88' lang='lat' dir='ltr'><strong>sculdassio</strong></span> <span class='ocrx_word' id='word_1_445' title='bbox 1679 4639 1843 4724; x_wconf 89' lang='lat' dir='ltr'><strong>gastaldio</strong></span> 
     </span>
     <span class='ocr_line' id='line_1_41' title="bbox 147 4741 1843 4829; baseline 0.006 -32"><span class='ocrx_word' id='word_1_446' title='bbox 147 4753 180 4799; x_wconf 77' lang='lat' dir='ltr'><strong>to</strong></span> <span class='ocrx_word' id='word_1_447' title='bbox 199 4763 256 4804; x_wconf 91' lang='lat' dir='ltr'><strong>seu</strong></span> <span class='ocrx_word' id='word_1_448' title='bbox 279 4749 421 4824; x_wconf 78' lang='lat' dir='ltr'><strong>magnar</strong></span> <span class='ocrx_word' id='word_1_449' title='bbox 443 4761 610 4827; x_wconf 88' lang='lat' dir='ltr'><strong>parvaque</strong></span> <span class='ocrx_word' id='word_1_450' title='bbox 632 4741 735 4803; x_wconf 89' lang='lat' dir='ltr'><strong>nostri</strong></span> <span class='ocrx_word' id='word_1_451' title='bbox 752 4742 842 4823; x_wconf 88' lang='lat' dir='ltr'><strong>regni</strong></span> <span class='ocrx_word' id='word_1_452' title='bbox 858 4763 999 4826; x_wconf 90' lang='lat' dir='ltr'><strong>persona</strong></span> <span class='ocrx_word' id='word_1_453' title='bbox 1013 4744 1273 4826; x_wconf 90' lang='lat' dir='ltr'><strong>prenominatum</strong></span> <span class='ocrx_word' id='word_1_454' title='bbox 1289 4743 1448 4826; x_wconf 89' lang='lat' dir='ltr'><strong>Ingonem</strong></span> <span class='ocrx_word' id='word_1_455' title='bbox 1464 4765 1603 4829; x_wconf 90' lang='lat' dir='ltr'><strong>suosque</strong></span> <span class='ocrx_word' id='word_1_456' title='bbox 1618 4743 1703 4807; x_wconf 92' lang='lat' dir='ltr'><strong>filios</strong></span> <span class='ocrx_word' id='word_1_457' title='bbox 1720 4767 1843 4808; x_wconf 90' lang='lat' dir='ltr'><strong>eorum-</strong></span> 
     </span>
     <span class='ocr_line' id='line_1_42' title="bbox 199 4841 1845 4931; baseline 0.004 -25"><span class='ocrx_word' id='word_1_458' title='bbox 199 4863 261 4926; x_wconf 91' lang='lat' dir='ltr'><strong>que</strong></span> <span class='ocrx_word' id='word_1_459' title='bbox 288 4841 422 4906; x_wconf 87' lang='lat' dir='ltr'><strong>heredes</strong></span> <span class='ocrx_word' id='word_1_460' title='bbox 454 4865 511 4907; x_wconf 90' lang='lat' dir='ltr'><strong>seu</strong></span> <span class='ocrx_word' id='word_1_461' title='bbox 539 4842 688 4907; x_wconf 89' lang='lat' dir='ltr'><strong>homines</strong></span> <span class='ocrx_word' id='word_1_462' title='bbox 717 4843 750 4906; x_wconf 92' lang='lat' dir='ltr'><strong>in</strong></span> <span class='ocrx_word' id='word_1_463' title='bbox 774 4865 885 4909; x_wconf 91' lang='lat' dir='ltr'><strong>eorum</strong></span> <span class='ocrx_word' id='word_1_464' title='bbox 908 4843 1028 4928; x_wconf 89' lang='lat' dir='ltr'><strong>prediis</strong></span> <span class='ocrx_word' id='word_1_465' title='bbox 1051 4842 1230 4909; x_wconf 90' lang='lat' dir='ltr'><strong>residentes</strong></span> <span class='ocrx_word' id='word_1_466' title='bbox 1253 4869 1295 4910; x_wconf 87' lang='lat' dir='ltr'><strong>ex</strong></span> <span class='ocrx_word' id='word_1_467' title='bbox 1318 4845 1368 4910; x_wconf 89' lang='lat' dir='ltr'><strong>bis</strong></span> <span class='ocrx_word' id='word_1_468' title='bbox 1392 4849 1626 4931; x_wconf 90' lang='lat' dir='ltr'><strong>prenominatis</strong></span> <span class='ocrx_word' id='word_1_469' title='bbox 1649 4848 1791 4912; x_wconf 90' lang='lat' dir='ltr'><strong>cortibus</strong></span> <span class='ocrx_word' id='word_1_470' title='bbox 1812 4866 1845 4923; x_wconf 80' lang='lat' dir='ltr'><strong>et</strong></span> 
     </span>
     <span class='ocr_line' id='line_1_43' title="bbox 198 4943 1843 5032; baseline 0.005 -25"><span class='ocrx_word' id='word_1_471' title='bbox 198 4943 295 5008; x_wconf 91' lang='lat' dir='ltr'><strong>rebus</strong></span> <span class='ocrx_word' id='word_1_472' title='bbox 325 4947 459 5030; x_wconf 90' lang='lat' dir='ltr'><strong>prefatis</strong></span> <span class='ocrx_word' id='word_1_473' title='bbox 481 4947 559 5011; x_wconf 92' lang='lat' dir='ltr'><strong>viris</strong></span> <span class='ocrx_word' id='word_1_474' title='bbox 588 4944 824 5032; x_wconf 88' lang='lat' dir='ltr'><strong>pertinentibus</strong></span> <span class='ocrx_word' id='word_1_475' title='bbox 855 4946 999 5032; x_wconf 90' lang='lat' dir='ltr'><strong>aliquam</strong></span> <span class='ocrx_word' id='word_1_476' title='bbox 1028 4947 1194 5032; x_wconf 90' lang='lat' dir='ltr'><strong>publicam</strong></span> <span class='ocrx_word' id='word_1_477' title='bbox 1223 4949 1423 5013; x_wconf 89' lang='lat' dir='ltr'><strong>functionem</strong></span> <span class='ocrx_word' id='word_1_478' title='bbox 1454 4972 1511 5014; x_wconf 88' lang='lat' dir='ltr'><strong>seu</strong></span> <span class='ocrx_word' id='word_1_479' title='bbox 1540 4950 1702 5016; x_wconf 89' lang='lat' dir='ltr'><strong>teloneum</strong></span> <span class='ocrx_word' id='word_1_480' title='bbox 1730 4950 1843 5016; x_wconf 92' lang='lat' dir='ltr'><strong>tollere</strong></span> 
     </span>
     <span class='ocr_line' id='line_1_44' title="bbox 199 5049 1872 5139; baseline 0.006 -30"><span class='ocrx_word' id='word_1_481' title='bbox 199 5057 365 5132; x_wconf 89' lang='lat' dir='ltr'><strong>presumat</strong></span> <span class='ocrx_word' id='word_1_482' title='bbox 392 5058 447 5113; x_wconf 90' lang='lat' dir='ltr'><strong>aut</strong></span> <span class='ocrx_word' id='word_1_483' title='bbox 475 5049 519 5114; x_wconf 91' lang='lat' dir='ltr'><strong>ad</strong></span> <span class='ocrx_word' id='word_1_484' title='bbox 547 5049 705 5137; x_wconf 89' lang='lat' dir='ltr'><strong>placitum</strong></span> <span class='ocrx_word' id='word_1_485' title='bbox 732 5049 860 5134; x_wconf 88' lang='lat' dir='ltr'><strong>redigat</strong></span> <span class='ocrx_word' id='word_1_486' title='bbox 887 5049 939 5116; x_wconf 90' lang='lat' dir='ltr'><strong>vel</strong></span> <span class='ocrx_word' id='word_1_487' title='bbox 969 5050 1075 5135; x_wconf 90' lang='lat' dir='ltr'><strong>legem</strong></span> <span class='ocrx_word' id='word_1_488' title='bbox 1102 5074 1158 5116; x_wconf 89' lang='lat' dir='ltr'><strong>eos</strong></span> <span class='ocrx_word' id='word_1_489' title='bbox 1189 5051 1296 5117; x_wconf 90' lang='lat' dir='ltr'><strong>facere</strong></span> <span class='ocrx_word' id='word_1_490' title='bbox 1325 5053 1474 5136; x_wconf 87' lang='lat' dir='ltr'><strong>instiget,</strong></span> <span class='ocrx_word' id='word_1_491' title='bbox 1508 5054 1569 5116; x_wconf 93' lang='lat' dir='ltr'><strong>nisi</strong></span> <span class='ocrx_word' id='word_1_492' title='bbox 1599 5056 1843 5139; x_wconf 88' lang='lat' dir='ltr'><strong>prenominatos</strong></span> <span class='ocrx_word' id='word_1_493' title='bbox 1871 5075 1872 5080; x_wconf 51' lang='lat'>¹</span> 
     </span>
     <span class='ocr_line' id='line_1_45' title="bbox 198 5151 1844 5241; baseline 0.006 -30"><span class='ocrx_word' id='word_1_494' title='bbox 198 5151 287 5214; x_wconf 93' lang='lat' dir='ltr'><strong>viros</strong></span> <span class='ocrx_word' id='word_1_495' title='bbox 315 5173 489 5237; x_wconf 88' lang='lat' dir='ltr'><strong>eorumque</strong></span> <span class='ocrx_word' id='word_1_496' title='bbox 516 5152 652 5219; x_wconf 89' lang='lat' dir='ltr'><strong>heredes</strong></span> <span class='ocrx_word' id='word_1_497' title='bbox 681 5156 716 5218; x_wconf 93' lang='lat' dir='ltr'><strong>in</strong></span> <span class='ocrx_word' id='word_1_498' title='bbox 743 5163 856 5220; x_wconf 90' lang='lat' dir='ltr'><strong>nostra</strong></span> <span class='ocrx_word' id='word_1_499' title='bbox 885 5165 1134 5241; x_wconf 91' lang='lat' dir='ltr'><strong>nostrorumque</strong></span> <span class='ocrx_word' id='word_1_500' title='bbox 1163 5178 1388 5221; x_wconf 89' lang='lat' dir='ltr'><strong>successorum</strong></span> <span class='ocrx_word' id='word_1_501' title='bbox 1418 5158 1582 5239; x_wconf 89' lang='lat' dir='ltr'><strong>presentia</strong></span> <span class='ocrx_word' id='word_1_502' title='bbox 1612 5167 1643 5221; x_wconf 90' lang='lat' dir='ltr'><strong>et</strong></span> <span class='ocrx_word' id='word_1_503' title='bbox 1672 5159 1705 5221; x_wconf 92' lang='lat' dir='ltr'><strong>in</strong></span> <span class='ocrx_word' id='word_1_504' title='bbox 1732 5180 1844 5222; x_wconf 90' lang='lat' dir='ltr'><strong>eorum</strong></span> 
     </span>
    </p>
   </div>
   <div class='ocr_carea' id='block_1_4' title="bbox 147 5354 1849 5637">
    <p class='ocr_par' dir='ltr' id='par_1_7' title="bbox 147 5354 1849 5637">
     <span class='ocr_line' id='line_1_46' title="bbox 147 5354 1844 5431; baseline 0.007 -27"><span class='ocrx_word' id='word_1_505' title='bbox 147 5357 180 5404; x_wconf 79' lang='lat' dir='ltr'><strong>«lb</strong></span> <span class='ocrx_word' id='word_1_506' title='bbox 285 5354 344 5408; x_wconf 80' lang='lat'><strong>371.</strong></span> <span class='ocrx_word' id='word_1_507' title='bbox 372 5354 527 5425; x_wconf 87' lang='lat' dir='ltr'><strong>[Ottenthal]</strong></span> <span class='ocrx_word' id='word_1_508' title='bbox 631 5361 658 5425; x_wconf 87' lang='lat' dir='ltr'><strong>a)</strong></span> <span class='ocrx_word' id='word_1_509' title='bbox 677 5359 706 5424; x_wconf 88' lang='lat' dir='ltr'><strong>U,</strong></span> <span class='ocrx_word' id='word_1_510' title='bbox 725 5361 888 5414; x_wconf 81' lang='lat' dir='ltr'><strong>noverintA</strong></span> <span class='ocrx_word' id='word_1_511' title='bbox 992 5365 1020 5424; x_wconf 87' lang='lat' dir='ltr'><strong>b)</strong></span> <span class='ocrx_word' id='word_1_512' title='bbox 1039 5361 1095 5414; x_wconf 77' lang='lat' dir='ltr'><strong>AU</strong></span> <span class='ocrx_word' id='word_1_513' title='bbox 1194 5367 1219 5427; x_wconf 84' lang='lat' dir='ltr'><strong>c)</strong></span> <span class='ocrx_word' id='word_1_514' title='bbox 1238 5365 1338 5415; x_wconf 88' lang='lat' dir='ltr'><strong>Vberto</strong></span> <span class='ocrx_word' id='word_1_515' title='bbox 1357 5363 1382 5415; x_wconf 95' lang='lat' dir='ltr'><strong>U</strong></span> <span class='ocrx_word' id='word_1_516' title='bbox 1482 5361 1627 5431; x_wconf 60' lang='lat' dir='ltr'><strong>dl&#39;jOberto</strong></span> <span class='ocrx_word' id='word_1_517' title='bbox 1646 5364 1672 5416; x_wconf 93' lang='lat' dir='ltr'><strong>U</strong></span> <span class='ocrx_word' id='word_1_518' title='bbox 1771 5367 1796 5430; x_wconf 87' lang='lat' dir='ltr'><strong>e)</strong></span> <span class='ocrx_word' id='word_1_519' title='bbox 1814 5365 1844 5428; x_wconf 89' lang='lat' dir='ltr'><strong>U,</strong></span> 
     </span>
     <span class='ocr_line' id='line_1_47' title="bbox 369 5425 1849 5498; baseline 0.006 -23"><span class='ocrx_word' id='word_1_520' title='bbox 369 5425 483 5477; x_wconf 79' lang='lat' dir='ltr'><strong>iuxtaA</strong></span> <span class='ocrx_word' id='word_1_521' title='bbox 592 5427 793 5490; x_wconf 74' lang='lat' dir='ltr'><strong>OPlombiensi</strong></span> <span class='ocrx_word' id='word_1_522' title='bbox 811 5431 836 5482; x_wconf 89' lang='lat' dir='ltr'><em>U</em></span> <span class='ocrx_word' id='word_1_523' title='bbox 941 5434 967 5498; x_wconf 81' lang='lat' dir='ltr'><strong>g)</strong></span> <span class='ocrx_word' id='word_1_524' title='bbox 985 5433 1134 5484; x_wconf 88' lang='lat' dir='ltr'><strong>Placentini</strong></span> <span class='ocrx_word' id='word_1_525' title='bbox 1153 5431 1207 5484; x_wconf 83' lang='lat' dir='ltr'><strong>AU</strong></span> <span class='ocrx_word' id='word_1_526' title='bbox 1313 5433 1341 5497; x_wconf 90' lang='lat' dir='ltr'><strong>b)</strong></span> <span class='ocrx_word' id='word_1_527' title='bbox 1360 5435 1471 5484; x_wconf 87' lang='lat' dir='ltr'><strong>Berceto</strong></span> <span class='ocrx_word' id='word_1_528' title='bbox 1489 5433 1515 5484; x_wconf 88' lang='lat' dir='ltr'><em>U</em></span> <span class='ocrx_word' id='word_1_529' title='bbox 1619 5437 1639 5496; x_wconf 81' lang='lat' dir='ltr'><strong>i)</strong></span> <span class='ocrx_word' id='word_1_530' title='bbox 1658 5435 1799 5486; x_wconf 82' lang='lat' dir='ltr'><strong>Cerretano</strong></span> <span class='ocrx_word' id='word_1_531' title='bbox 1823 5435 1849 5484; x_wconf 90' lang='lat' dir='ltr'><em>U</em></span> 
     </span>
     <span class='ocr_line' id='line_1_48' title="bbox 371 5495 1844 5567; baseline 0.007 -24"><span class='ocrx_word' id='word_1_532' title='bbox 371 5495 399 5554; x_wconf 90' lang='lat' dir='ltr'><strong>k)</strong></span> <span class='ocrx_word' id='word_1_533' title='bbox 419 5495 565 5546; x_wconf 86' lang='lat' dir='ltr'><strong>Graualina</strong></span> <span class='ocrx_word' id='word_1_534' title='bbox 587 5496 613 5546; x_wconf 89' lang='lat' dir='ltr'><em>U</em></span> <span class='ocrx_word' id='word_1_535' title='bbox 721 5500 739 5561; x_wconf 87' lang='lat' dir='ltr'><strong>l)</strong></span> <span class='ocrx_word' id='word_1_536' title='bbox 758 5501 874 5551; x_wconf 84' lang='lat' dir='ltr'><strong>Casiollc</strong></span> <span class='ocrx_word' id='word_1_537' title='bbox 893 5505 919 5551; x_wconf 90' lang='lat' dir='ltr'><strong>et</strong></span> <span class='ocrx_word' id='word_1_538' title='bbox 937 5501 1070 5553; x_wconf 87' lang='lat' dir='ltr'><strong>Trebaldo</strong></span> <span class='ocrx_word' id='word_1_539' title='bbox 1088 5501 1114 5553; x_wconf 91' lang='lat' dir='ltr'><em>U</em></span> <span class='ocrx_word' id='word_1_540' title='bbox 1219 5503 1255 5566; x_wconf 85' lang='lat' dir='ltr'><strong>m)</strong></span> <span class='ocrx_word' id='word_1_541' title='bbox 1272 5503 1392 5553; x_wconf 89' lang='lat' dir='ltr'><strong>Beneuto</strong></span> <span class='ocrx_word' id='word_1_542' title='bbox 1410 5500 1439 5565; x_wconf 89' lang='lat' dir='ltr'><strong>U,</strong></span> <span class='ocrx_word' id='word_1_543' title='bbox 1458 5501 1527 5552; x_wconf 75' lang='lat' dir='ltr'><strong>wohl</strong></span> <span class='ocrx_word' id='word_1_544' title='bbox 1545 5501 1662 5554; x_wconf 77' lang='lat' dir='ltr'><strong>Nerium</strong></span> <span class='ocrx_word' id='word_1_545' title='bbox 1765 5504 1792 5567; x_wconf 93' lang='lat' dir='ltr'><strong>n)</strong></span> <span class='ocrx_word' id='word_1_546' title='bbox 1815 5503 1844 5562; x_wconf 89' lang='lat' dir='ltr'><strong>U,</strong></span> 
     </span>
     <span class='ocr_line' id='line_1_49' title="bbox 372 5563 1849 5637; baseline 0.007 -24"><span class='ocrx_word' id='word_1_547' title='bbox 372 5564 532 5630; x_wconf 84' lang='lat' dir='ltr'><strong>Vicogiboin</strong></span> <span class='ocrx_word' id='word_1_548' title='bbox 555 5563 593 5625; x_wconf 77' lang='lat' dir='ltr'><strong>A,</strong></span> <span class='ocrx_word' id='word_1_549' title='bbox 616 5565 681 5630; x_wconf 75' lang='lat' dir='ltr'><strong>jetat</strong></span> <span class='ocrx_word' id='word_1_550' title='bbox 704 5566 799 5633; x_wconf 77' lang='lat' dir='ltr'><strong>Vieopb</strong></span> <span class='ocrx_word' id='word_1_551' title='bbox 825 5569 865 5620; x_wconf 70' lang='lat' dir='ltr'><strong>tes</strong></span> <span class='ocrx_word' id='word_1_552' title='bbox 892 5568 921 5621; x_wconf 79' lang='lat' dir='ltr'><strong>S.</strong></span> <span class='ocrx_word' id='word_1_553' title='bbox 946 5569 1046 5620; x_wconf 71' lang='lat' dir='ltr'><strong>Lusum</strong></span> <span class='ocrx_word' id='word_1_554' title='bbox 1156 5571 1183 5632; x_wconf 91' lang='lat' dir='ltr'><strong>o)</strong></span> <span class='ocrx_word' id='word_1_555' title='bbox 1201 5571 1293 5622; x_wconf 86' lang='lat' dir='ltr'><strong>villam</strong></span> <span class='ocrx_word' id='word_1_556' title='bbox 1316 5571 1342 5622; x_wconf 94' lang='lat' dir='ltr'><strong>U</strong></span> <span class='ocrx_word' id='word_1_557' title='bbox 1450 5573 1477 5637; x_wconf 92' lang='lat' dir='ltr'><strong>p)</strong></span> <span class='ocrx_word' id='word_1_558' title='bbox 1497 5579 1596 5623; x_wconf 87' lang='lat' dir='ltr'><strong>curtem</strong></span> <span class='ocrx_word' id='word_1_559' title='bbox 1619 5573 1800 5624; x_wconf 87' lang='lat' dir='ltr'><strong>Deueratelirn</strong></span> <span class='ocrx_word' id='word_1_560' title='bbox 1824 5572 1849 5623; x_wconf 92' lang='lat' dir='ltr'><strong>U</strong></span> 
     </span>
    </p>
   </div>
   <div class='ocr_carea' id='block_1_5' title="bbox 370 5631 1846 5768">
    <p class='ocr_par' dir='ltr' id='par_1_8' title="bbox 370 5631 1846 5768">
     <span class='ocr_line' id='line_1_50' title="bbox 370 5631 1846 5706; baseline 0.007 -23"><span class='ocrx_word' id='word_1_561' title='bbox 370 5636 396 5698; x_wconf 86' lang='lat' dir='ltr'><strong>q)</strong></span> <span class='ocrx_word' id='word_1_562' title='bbox 415 5631 474 5696; x_wconf 77' lang='lat' dir='ltr'><strong>AU,</strong></span> <span class='ocrx_word' id='word_1_563' title='bbox 491 5633 620 5685; x_wconf 69' lang='lat' dir='ltr'><strong>suthala</strong></span> <span class='ocrx_word' id='word_1_564' title='bbox 638 5635 777 5687; x_wconf 87' lang='lat' dir='ltr'><strong>heredibus</strong></span> <span class='ocrx_word' id='word_1_565' title='bbox 882 5640 903 5702; x_wconf 91' lang='lat' dir='ltr'><strong>r)</strong></span> <span class='ocrx_word' id='word_1_566' title='bbox 921 5655 968 5689; x_wconf 91' lang='lat' dir='ltr'><strong>seu</strong></span> <span class='ocrx_word' id='word_1_567' title='bbox 986 5641 1076 5706; x_wconf 90' lang='lat' dir='ltr'><strong>aliqua</strong></span> <span class='ocrx_word' id='word_1_568' title='bbox 1094 5655 1191 5706; x_wconf 82' lang='lat' dir='ltr'><strong>magna</strong></span> <span class='ocrx_word' id='word_1_569' title='bbox 1208 5639 1244 5703; x_wconf 92' lang='lat' dir='ltr'><strong>U,·</strong></span> <span class='ocrx_word' id='word_1_570' title='bbox 1271 5639 1305 5692; x_wconf 79' lang='lat' dir='ltr'><strong>le.</strong></span> <span class='ocrx_word' id='word_1_571' title='bbox 1323 5639 1359 5692; x_wconf 92' lang='lat' dir='ltr'><strong>D.</strong></span> <span class='ocrx_word' id='word_1_572' title='bbox 1375 5639 1514 5706; x_wconf 70' lang='lat' dir='ltr'><strong>pebrmht</strong></span> <span class='ocrx_word' id='word_1_573' title='bbox 1531 5657 1567 5691; x_wconf 74' lang='lat' dir='ltr'><strong>aa</strong></span> <span class='ocrx_word' id='word_1_574' title='bbox 1584 5640 1668 5693; x_wconf 71' lang='lat' dir='ltr'><strong>atae</strong></span> <span class='ocrx_word' id='word_1_575' title='bbox 1686 5639 1766 5693; x_wconf 74' lang='lat' dir='ltr'><strong>suae</strong></span> <span class='ocrx_word' id='word_1_576' title='bbox 1783 5641 1846 5693; x_wconf 69' lang='lat' dir='ltr'><strong>tatu</strong></span> 
     </span>
     <span class='ocr_line' id='line_1_51' title="bbox 371 5701 798 5768; baseline 0.009 -16"><span class='ocrx_word' id='word_1_577' title='bbox 371 5702 468 5768; x_wconf 83' lang='lat' dir='ltr'><strong>aliqua,</strong></span> <span class='ocrx_word' id='word_1_578' title='bbox 496 5701 558 5754; x_wconf 82' lang='lat' dir='ltr'><strong>bald</strong></span> <span class='ocrx_word' id='word_1_579' title='bbox 575 5702 638 5753; x_wconf 70' lang='lat' dir='ltr'><strong>idest</strong></span> <span class='ocrx_word' id='word_1_580' title='bbox 655 5717 683 5754; x_wconf 82' lang='lat' dir='ltr'><strong>er</strong></span> <span class='ocrx_word' id='word_1_581' title='bbox 700 5719 726 5756; x_wconf 81' lang='lat' dir='ltr'><strong>er</strong></span> <span class='ocrx_word' id='word_1_582' title='bbox 744 5721 798 5756; x_wconf 74' lang='lat' dir='ltr'><strong>csse.</strong></span> 
     </span>
    </p>
   </div>
   <div class='ocr_carea' id='block_1_6' title="bbox 0 0 2273 6434">
    <p class='ocr_par' dir='ltr' id='par_1_9' title="bbox 0 0 2273 6434">
     <span class='ocr_line' id='line_1_52' title="bbox 0 0 2273 6434; baseline 0 0"><span class='ocrx_word' id='word_1_583' title='bbox 0 0 2273 6434; x_wconf 95' lang='lat' dir='ltr'><strong> </strong></span> 
     </span>
    </p>
   </div>
  </div>
 </body>
</html>
