<?xml version="1.0" encoding="UTF-8"?>
<!DOCTYPE html PUBLIC "-//W3C//DTD XHTML 1.0 Transitional//EN"
    "http://www.w3.org/TR/xhtml1/DTD/xhtml1-transitional.dtd">
<html xmlns="http://www.w3.org/1999/xhtml" xml:lang="en" lang="en">
 <head>
  <title>
</title>
<meta http-equiv="Content-Type" content="text/html;charset=utf-8" />
  <meta name='ocr-system' content='tesseract 3.04.00' />
  <meta name='ocr-capabilities' content='ocr_page ocr_carea ocr_par ocr_line ocrx_word'/>
</head>
<body>
  <div class='ocr_page' id='page_1' title='image "./monumentagerman00gescgoog/monumentagerman00gescgoog_0515.png"; bbox 0 0 4530 6434; ppageno 0'>
   <div class='ocr_carea' id='block_1_1' title="bbox 1023 427 1477 486">
    <p class='ocr_par' dir='ltr' id='par_1_1' title="bbox 1023 427 1477 486">
     <span class='ocr_line' id='line_1_1' title="bbox 1023 427 1477 486; baseline -0.004 -2"><span class='ocrx_word' id='word_1_1' title='bbox 1023 427 1477 486; x_wconf 82' lang='lat' dir='ltr'>KAISERURKUNDEN.</span> 
     </span>
    </p>
   </div>
   <div class='ocr_carea' id='block_1_2' title="bbox 529 609 2152 1518">
    <p class='ocr_par' dir='ltr' id='par_1_2' title="bbox 529 609 2152 1518">
     <span class='ocr_line' id='line_1_2' title="bbox 531 609 2114 691; baseline -0.004 -17"><span class='ocrx_word' id='word_1_2' title='bbox 531 619 626 686; x_wconf 76' lang='lat'><strong>1234,</strong></span> <span class='ocrx_word' id='word_1_3' title='bbox 642 617 728 674; x_wconf 79' lang='lat'><em>1237</em></span> <span class='ocrx_word' id='word_1_4' title='bbox 751 612 903 691; x_wconf 67' lang='lat' dir='ltr'><strong>(molitiem</strong></span> <span class='ocrx_word' id='word_1_5' title='bbox 925 614 1002 672; x_wconf 78' lang='lat' dir='ltr'><strong>aucis</strong></span> <span class='ocrx_word' id='word_1_6' title='bbox 1022 615 1096 672; x_wconf 80' lang='lat' dir='ltr'><strong>aocb</strong></span> <span class='ocrx_word' id='word_1_7' title='bbox 1119 615 1168 671; x_wconf 81' lang='lat' dir='ltr'><strong>eia</strong></span> <span class='ocrx_word' id='word_1_8' title='bbox 1189 612 1228 671; x_wconf 89' lang='lat' dir='ltr'><strong>D.</strong></span> <span class='ocrx_word' id='word_1_9' title='bbox 1252 631 1309 672; x_wconf 83' lang='lat' dir='ltr'><strong>aas</strong></span> <span class='ocrx_word' id='word_1_10' title='bbox 1332 613 1397 672; x_wconf 81' lang='lat' dir='ltr'><strong>deta</strong></span> <span class='ocrx_word' id='word_1_11' title='bbox 1419 613 1596 673; x_wconf 81' lang='lat' dir='ltr'><strong>dieNamen</strong></span> <span class='ocrx_word' id='word_1_12' title='bbox 1619 616 1750 673; x_wconf 81' lang='lat' dir='ltr'><strong>woitarer</strong></span> <span class='ocrx_word' id='word_1_13' title='bbox 1768 613 1869 674; x_wconf 69' lang='lat' dir='ltr'><strong>datter</strong></span> <span class='ocrx_word' id='word_1_14' title='bbox 1892 614 1931 670; x_wconf 82' lang='lat' dir='ltr'><strong>in</strong></span> <span class='ocrx_word' id='word_1_15' title='bbox 1959 609 2114 670; x_wconf 58' lang='grc'><strong>111611111-</strong></span> 
     </span>
     <span class='ocr_line' id='line_1_3' title="bbox 531 713 2116 795; baseline -0.004 -17"><span class='ocrx_word' id='word_1_16' title='bbox 531 719 642 792; x_wconf 76' lang='lat' dir='ltr'><strong>aclumq</strong></span> <span class='ocrx_word' id='word_1_17' title='bbox 664 717 734 777; x_wconf 82' lang='lat' dir='ltr'><strong>ibid.</strong></span> <span class='ocrx_word' id='word_1_18' title='bbox 759 719 844 778; x_wconf 79' lang='lat'><em>1235</em></span> <span class='ocrx_word' id='word_1_19' title='bbox 867 713 1087 790; x_wconf 57' lang='lat' dir='ltr'><strong>querquetum</strong></span> <span class='ocrx_word' id='word_1_20' title='bbox 1109 719 1173 776; x_wconf 82' lang='lat' dir='ltr'><strong>aeia</strong></span> <span class='ocrx_word' id='word_1_21' title='bbox 1195 715 1321 795; x_wconf 73' lang='lat' dir='ltr'><strong>moyen),</strong></span> <span class='ocrx_word' id='word_1_22' title='bbox 1348 717 1455 791; x_wconf 85' lang='lat' dir='ltr'><strong>jedocb</strong></span> <span class='ocrx_word' id='word_1_23' title='bbox 1481 735 1514 777; x_wconf 86' lang='lat' dir='ltr'><strong>so</strong></span> <span class='ocrx_word' id='word_1_24' title='bbox 1541 717 1601 789; x_wconf 79' lang='lat' dir='ltr'><strong>frti</strong></span> <span class='ocrx_word' id='word_1_25' title='bbox 1629 719 1692 776; x_wconf 78' lang='lat' dir='ltr'><strong>mid</strong></span> <span class='ocrx_word' id='word_1_26' title='bbox 1718 735 1750 777; x_wconf 86' lang='lat' dir='ltr'><strong>so</strong></span> <span class='ocrx_word' id='word_1_27' title='bbox 1772 735 1829 777; x_wconf 82' lang='lat' dir='ltr'><strong>voa</strong></span> <span class='ocrx_word' id='word_1_28' title='bbox 1860 719 1971 776; x_wconf 73' lang='lat' dir='ltr'><strong>eiam</strong></span> <span class='ocrx_word' id='word_1_29' title='bbox 1997 715 2116 774; x_wconf 67' lang='lat' dir='ltr'><strong>stacte</strong></span> 
     </span>
     <span class='ocr_line' id='line_1_4' title="bbox 530 819 2116 895; baseline -0.003 -16"><span class='ocrx_word' id='word_1_30' title='bbox 530 840 571 880; x_wconf 78' lang='lat' dir='ltr'><strong>aa</strong></span> <span class='ocrx_word' id='word_1_31' title='bbox 593 823 658 880; x_wconf 81' lang='lat' dir='ltr'><strong>dora</strong></span> <span class='ocrx_word' id='word_1_32' title='bbox 680 822 795 880; x_wconf 81' lang='lat' dir='ltr'><strong>cadara</strong></span> <span class='ocrx_word' id='word_1_33' title='bbox 816 821 978 894; x_wconf 65' lang='lat' dir='ltr'><strong>apamenii</strong></span> <span class='ocrx_word' id='word_1_34' title='bbox 1006 821 1075 879; x_wconf 78' lang='lat' dir='ltr'><strong>does</strong></span> <span class='ocrx_word' id='word_1_35' title='bbox 1097 821 1158 880; x_wconf 83' lang='lat' dir='ltr'><strong>sich</strong></span> <span class='ocrx_word' id='word_1_36' title='bbox 1180 823 1223 879; x_wconf 82' lang='lat' dir='ltr'><strong>im</strong></span> <span class='ocrx_word' id='word_1_37' title='bbox 1245 819 1387 880; x_wconf 81' lang='lat' dir='ltr'><strong>Abdruclr</strong></span> <span class='ocrx_word' id='word_1_38' title='bbox 1409 821 1470 880; x_wconf 77' lang='lat' dir='ltr'><strong>blot</strong></span> <span class='ocrx_word' id='word_1_39' title='bbox 1492 821 1753 895; x_wconf 67' lang='lat' dir='ltr'><strong>ditmannum</strong></span> <span class='ocrx_word' id='word_1_40' title='bbox 1775 821 1963 892; x_wconf 73' lang='lat' dir='ltr'><strong>abaiacpt</strong></span> <span class='ocrx_word' id='word_1_41' title='bbox 1989 819 2116 876; x_wconf 78' lang='lat' dir='ltr'><strong>endea-</strong></span> 
     </span>
     <span class='ocr_line' id='line_1_5' title="bbox 530 923 2118 998; baseline -0.003 -13"><span class='ocrx_word' id='word_1_42' title='bbox 530 931 580 986; x_wconf 82' lang='lat' dir='ltr'><strong>tea</strong></span> <span class='ocrx_word' id='word_1_43' title='bbox 601 927 683 998; x_wconf 77' lang='lat' dir='ltr'><strong>lieet,</strong></span> <span class='ocrx_word' id='word_1_44' title='bbox 713 927 741 985; x_wconf 89' lang='lat' dir='ltr'><strong>d.</strong></span> <span class='ocrx_word' id='word_1_45' title='bbox 766 927 793 985; x_wconf 85' lang='lat' dir='ltr'><strong>b.</strong></span> <span class='ocrx_word' id='word_1_46' title='bbox 823 925 1084 998; x_wconf 67' lang='lat' dir='ltr'><strong>tantecaudum</strong></span> <span class='ocrx_word' id='word_1_47' title='bbox 1108 927 1184 984; x_wconf 77' lang='lat' dir='ltr'><strong>nocie</strong></span> <span class='ocrx_word' id='word_1_48' title='bbox 1206 927 1356 985; x_wconf 69' lang='lat' dir='ltr'><strong>einzelnen</strong></span> <span class='ocrx_word' id='word_1_49' title='bbox 1376 925 1592 986; x_wconf 81' lang='lat' dir='ltr'><strong>Vorarlamdea</strong></span> <span class='ocrx_word' id='word_1_50' title='bbox 1613 927 1677 984; x_wconf 83' lang='lat' dir='ltr'><strong>aad</strong></span> <span class='ocrx_word' id='word_1_51' title='bbox 1699 927 1772 985; x_wconf 79' lang='lat' dir='ltr'><strong>obite</strong></span> <span class='ocrx_word' id='word_1_52' title='bbox 1795 925 2034 996; x_wconf 70' lang='lat' dir='ltr'><strong>Beeeichnaap</strong></span> <span class='ocrx_word' id='word_1_53' title='bbox 2059 923 2118 981; x_wconf 82' lang='lat' dir='ltr'><strong>der</strong></span> 
     </span>
     <span class='ocr_line' id='line_1_6' title="bbox 532 1027 2152 1102; baseline 0 -16"><span class='ocrx_word' id='word_1_54' title='bbox 532 1030 755 1102; x_wconf 70' lang='lat' dir='ltr'><strong>iiberpaayeaen</strong></span> <span class='ocrx_word' id='word_1_55' title='bbox 771 1029 886 1089; x_wconf 77' lang='lat' dir='ltr'><strong>Stellae.</strong></span> <span class='ocrx_word' id='word_1_56' title='bbox 903 1063 946 1072; x_wconf 89' lang='lat'><strong>—-</strong></span> <span class='ocrx_word' id='word_1_57' title='bbox 963 1029 1011 1086; x_wconf 82' lang='lat' dir='ltr'><strong>Za</strong></span> <span class='ocrx_word' id='word_1_58' title='bbox 1029 1028 1084 1086; x_wconf 85' lang='lat' dir='ltr'><strong>den</strong></span> <span class='ocrx_word' id='word_1_59' title='bbox 1103 1029 1254 1102; x_wconf 73' lang='lat' dir='ltr'><strong>Voraiioen</strong></span> <span class='ocrx_word' id='word_1_60' title='bbox 1269 1029 1318 1088; x_wconf 85' lang='lat' dir='ltr'><strong>des</strong></span> <span class='ocrx_word' id='word_1_61' title='bbox 1336 1027 1444 1088; x_wconf 73' lang='lat' dir='ltr'><strong>Cicron.</strong></span> <span class='ocrx_word' id='word_1_62' title='bbox 1465 1027 1589 1087; x_wconf 71' lang='grc' dir='ltr'><em>Οαεαων.</em></span> <span class='ocrx_word' id='word_1_63' title='bbox 1611 1029 1713 1102; x_wconf 72' lang='lat' dir='ltr'><strong>pebbrt</strong></span> <span class='ocrx_word' id='word_1_64' title='bbox 1735 1029 1805 1087; x_wconf 80' lang='lat' dir='ltr'><strong>dosa</strong></span> <span class='ocrx_word' id='word_1_65' title='bbox 1827 1031 1867 1086; x_wconf 81' lang='lat' dir='ltr'><strong>ia</strong></span> <span class='ocrx_word' id='word_1_66' title='bbox 1891 1027 2047 1086; x_wconf 77' lang='lat' dir='ltr'><strong>uasseiee</strong></span> <span class='ocrx_word' id='word_1_67' title='bbox 2071 1028 2117 1084; x_wconf 80' lang='lat' dir='ltr'><strong>im</strong></span> <span class='ocrx_word' id='word_1_68' title='bbox 2136 1031 2152 1086; x_wconf 79' lang='lat' dir='ltr'><strong>b</strong></span> 
     </span>
     <span class='ocr_line' id='line_1_7' title="bbox 531 1131 2118 1206; baseline -0.002 -17"><span class='ocrx_word' id='word_1_69' title='bbox 531 1133 692 1192; x_wconf 78' lang='lat' dir='ltr'><strong>Anscbluss</strong></span> <span class='ocrx_word' id='word_1_70' title='bbox 715 1151 755 1192; x_wconf 83' lang='lat' dir='ltr'><strong>oa</strong></span> <span class='ocrx_word' id='word_1_71' title='bbox 777 1133 824 1192; x_wconf 84' lang='lat' dir='ltr'><strong>die</strong></span> <span class='ocrx_word' id='word_1_72' title='bbox 847 1133 1057 1206; x_wconf 73' lang='lat' dir='ltr'><strong>Sobeakaapea</strong></span> <span class='ocrx_word' id='word_1_73' title='bbox 1079 1134 1154 1191; x_wconf 75' lang='lat' dir='ltr'><strong>amb</strong></span> <span class='ocrx_word' id='word_1_74' title='bbox 1176 1133 1336 1192; x_wconf 79' lang='lat' dir='ltr'><strong>aobtrct&#39;cbe</strong></span> <span class='ocrx_word' id='word_1_75' title='bbox 1361 1133 1598 1192; x_wconf 81' lang='lat' dir='ltr'><strong>Traditionsokte</strong></span> <span class='ocrx_word' id='word_1_76' title='bbox 1620 1132 1852 1206; x_wconf 72' lang='lat' dir='ltr'><strong>caspenommen</strong></span> <span class='ocrx_word' id='word_1_77' title='bbox 1877 1131 2016 1190; x_wconf 75' lang='lat' dir='ltr'><strong>worden</strong></span> <span class='ocrx_word' id='word_1_78' title='bbox 2040 1131 2118 1190; x_wconf 80' lang='lat' dir='ltr'><strong>sind</strong></span> 
     </span>
     <span class='ocr_line' id='line_1_8' title="bbox 531 1233 2118 1314; baseline -0.001 -20"><span class='ocrx_word' id='word_1_79' title='bbox 531 1234 566 1314; x_wconf 87' lang='lat' dir='ltr'><strong>(s.</strong></span> <span class='ocrx_word' id='word_1_80' title='bbox 591 1235 687 1296; x_wconf 81' lang='lat' dir='ltr'><strong>Siobei</strong></span> <span class='ocrx_word' id='word_1_81' title='bbox 709 1236 785 1294; x_wconf 83' lang='lat' dir='ltr'><strong>Acta</strong></span> <span class='ocrx_word' id='word_1_82' title='bbox 806 1236 910 1295; x_wconf 89' lang='lat' dir='ltr'><strong>Korol.</strong></span> <span class='ocrx_word' id='word_1_83' title='bbox 929 1240 960 1306; x_wconf 77' lang='lat'><strong>2,</strong></span> <span class='ocrx_word' id='word_1_84' title='bbox 979 1233 1063 1314; x_wconf 76' lang='lat'><strong>240).</strong></span> <span class='ocrx_word' id='word_1_85' title='bbox 1098 1236 1148 1295; x_wconf 89' lang='lat' dir='ltr'><strong>Do</strong></span> <span class='ocrx_word' id='word_1_86' title='bbox 1170 1237 1261 1294; x_wconf 82' lang='lat' dir='ltr'><strong>deren</strong></span> <span class='ocrx_word' id='word_1_87' title='bbox 1283 1237 1431 1297; x_wconf 80' lang='lat' dir='ltr'><strong>Wortlaat</strong></span> <span class='ocrx_word' id='word_1_88' title='bbox 1454 1236 1592 1295; x_wconf 82' lang='lat' dir='ltr'><strong>tebrrcicb</strong></span> <span class='ocrx_word' id='word_1_89' title='bbox 1614 1238 1661 1306; x_wconf 82' lang='lat' dir='ltr'><strong>iet,</strong></span> <span class='ocrx_word' id='word_1_90' title='bbox 1695 1237 1785 1309; x_wconf 71' lang='lat' dir='ltr'><strong>nebai</strong></span> <span class='ocrx_word' id='word_1_91' title='bbox 1807 1237 1869 1294; x_wconf 83' lang='lat' dir='ltr'><strong>wir</strong></span> <span class='ocrx_word' id='word_1_92' title='bbox 1892 1236 1944 1294; x_wconf 85' lang='lat' dir='ltr'><strong>im</strong></span> <span class='ocrx_word' id='word_1_93' title='bbox 1972 1234 2118 1308; x_wconf 62' lang='lat' dir='ltr'><strong>Aithaia</strong></span> 
     </span>
     <span class='ocr_line' id='line_1_9' title="bbox 529 1339 2119 1415; baseline 0.001 -19"><span class='ocrx_word' id='word_1_94' title='bbox 529 1357 570 1397; x_wconf 74' lang='lat' dir='ltr'><strong>aa</strong></span> <span class='ocrx_word' id='word_1_95' title='bbox 591 1339 657 1399; x_wconf 86' lang='lat' dir='ltr'><strong>DO.</strong></span> <span class='ocrx_word' id='word_1_96' title='bbox 678 1342 740 1400; x_wconf 84' lang='lat'><strong>353</strong></span> <span class='ocrx_word' id='word_1_97' title='bbox 763 1357 816 1398; x_wconf 82' lang='lat' dir='ltr'><strong>um</strong></span> <span class='ocrx_word' id='word_1_98' title='bbox 837 1357 869 1398; x_wconf 82' lang='lat' dir='ltr'><strong>eo</strong></span> <span class='ocrx_word' id='word_1_99' title='bbox 892 1341 974 1398; x_wconf 79' lang='lat' dir='ltr'><strong>metr</strong></span> <span class='ocrx_word' id='word_1_100' title='bbox 996 1341 1059 1398; x_wconf 85' lang='lat' dir='ltr'><strong>eine</strong></span> <span class='ocrx_word' id='word_1_101' title='bbox 1081 1342 1175 1400; x_wconf 82' lang='lat' dir='ltr'><em>Probe</em></span> <span class='ocrx_word' id='word_1_102' title='bbox 1198 1341 1250 1399; x_wconf 85' lang='lat' dir='ltr'><strong>dor</strong></span> <span class='ocrx_word' id='word_1_103' title='bbox 1271 1359 1311 1400; x_wconf 79' lang='lat' dir='ltr'><strong>aa</strong></span> <span class='ocrx_word' id='word_1_104' title='bbox 1333 1343 1395 1400; x_wconf 74' lang='lat' dir='ltr'><strong>ibor</strong></span> <span class='ocrx_word' id='word_1_105' title='bbox 1414 1343 1572 1415; x_wconf 66' lang='lat' dir='ltr'><strong>petuam</strong></span> <span class='ocrx_word' id='word_1_106' title='bbox 1593 1339 1833 1414; x_wconf 71' lang='lat' dir='ltr'><strong>Aafaeicbnaap,</strong></span> <span class='ocrx_word' id='word_1_107' title='bbox 1867 1341 1913 1400; x_wconf 81' lang='lat' dir='ltr'><strong>da</strong></span> <span class='ocrx_word' id='word_1_108' title='bbox 1941 1341 2119 1399; x_wconf 68' lang='lat' dir='ltr'><strong>Muratoti</strong></span> 
     </span>
     <span class='ocr_line' id='line_1_10' title="bbox 530 1443 1265 1518; baseline 0.004 -19"><span class='ocrx_word' id='word_1_109' title='bbox 530 1443 548 1499; x_wconf 90' lang='lat' dir='ltr'><strong>l.</strong></span> <span class='ocrx_word' id='word_1_110' title='bbox 572 1460 595 1500; x_wconf 90' lang='lat' dir='ltr'><strong>c.</strong></span> <span class='ocrx_word' id='word_1_111' title='bbox 619 1443 680 1502; x_wconf 81' lang='lat' dir='ltr'><strong>siclt</strong></span> <span class='ocrx_word' id='word_1_112' title='bbox 702 1445 757 1501; x_wconf 84' lang='lat' dir='ltr'><strong>mit</strong></span> <span class='ocrx_word' id='word_1_113' title='bbox 780 1444 874 1502; x_wconf 81' lang='lat' dir='ltr'><strong>ciuem</strong></span> <span class='ocrx_word' id='word_1_114' title='bbox 897 1444 1036 1518; x_wconf 63' lang='lat' dir='ltr'><strong>Auernae</strong></span> <span class='ocrx_word' id='word_1_115' title='bbox 1058 1446 1183 1518; x_wconf 75' lang='lat' dir='ltr'><strong>bepndqt</strong></span> <span class='ocrx_word' id='word_1_116' title='bbox 1205 1446 1265 1504; x_wconf 75' lang='lat' dir='ltr'><strong>liat.</strong></span> 
     </span>
    </p>
   </div>
   <div class='ocr_carea' id='block_1_3' title="bbox 421 1628 2169 3890">
    <p class='ocr_par' dir='ltr' id='par_1_3' title="bbox 421 1628 2169 3890">
     <span class='ocr_line' id='line_1_11' title="bbox 631 1628 2169 1716; baseline -0.001 -24"><span class='ocrx_word' id='word_1_117' title='bbox 631 1629 670 1692; x_wconf 86' lang='lat' dir='ltr'><strong>ln</strong></span> <span class='ocrx_word' id='word_1_118' title='bbox 693 1631 824 1694; x_wconf 89' lang='lat' dir='ltr'><strong>nomine</strong></span> <span class='ocrx_word' id='word_1_119' title='bbox 844 1638 956 1695; x_wconf 89' lang='lat' dir='ltr'><strong>sancte</strong></span> <span class='ocrx_word' id='word_1_120' title='bbox 970 1629 1204 1714; x_wconf 78' lang='lat' dir='ltr'><strong>individuaque</strong></span> <span class='ocrx_word' id='word_1_121' title='bbox 1221 1631 1383 1694; x_wconf 82' lang='lat' dir='ltr'><strong>trinitatis.</strong></span> <span class='ocrx_word' id='word_1_122' title='bbox 1420 1628 1498 1694; x_wconf 89' lang='lat' dir='ltr'><strong>Otto</strong></span> <span class='ocrx_word' id='word_1_123' title='bbox 1516 1628 1627 1694; x_wconf 91' lang='lat' dir='ltr'><strong>divina</strong></span> <span class='ocrx_word' id='word_1_124' title='bbox 1643 1629 1859 1714; x_wconf 79' lang='lat' dir='ltr'><strong>dispensante</strong></span> <span class='ocrx_word' id='word_1_125' title='bbox 1876 1631 2118 1716; x_wconf 87' lang='lat' dir='ltr'><strong>providentia</strong></span> <span class='ocrx_word' id='word_1_126' title='bbox 2138 1645 2169 1691; x_wconf 83' lang='lat' dir='ltr'><strong>ro</strong></span> 
     </span>
     <span class='ocr_line' id='line_1_12' title="bbox 426 1732 2117 1817; baseline 0.002 -21"><span class='ocrx_word' id='word_1_127' title='bbox 426 1732 604 1817; x_wconf 78' lang='lat' dir='ltr'><strong>imperator</strong></span> <span class='ocrx_word' id='word_1_128' title='bbox 627 1742 794 1816; x_wconf 77' lang='lat' dir='ltr'><strong>augustus.</strong></span> <span class='ocrx_word' id='word_1_129' title='bbox 882 1748 991 1798; x_wconf 83' lang='lat' dir='ltr'><strong>Cunctis</strong></span> <span class='ocrx_word' id='word_1_130' title='bbox 1014 1762 1077 1798; x_wconf 86' lang='lat' dir='ltr'><strong>sene</strong></span> <span class='ocrx_word' id='word_1_131' title='bbox 1100 1749 1265 1812; x_wconf 76' lang='lat' dir='ltr'><strong>sapientibus</strong></span> <span class='ocrx_word' id='word_1_132' title='bbox 1288 1748 1372 1812; x_wconf 87' lang='lat' dir='ltr'><strong>liquet</strong></span> <span class='ocrx_word' id='word_1_133' title='bbox 1395 1749 1458 1812; x_wconf 89' lang='lat' dir='ltr'><strong>quia</strong></span> <span class='ocrx_word' id='word_1_134' title='bbox 1479 1764 1532 1812; x_wconf 92' lang='lat' dir='ltr'><strong>quo</strong></span> <span class='ocrx_word' id='word_1_135' title='bbox 1555 1749 1640 1812; x_wconf 86' lang='lat' dir='ltr'><strong>magis</strong></span> <span class='ocrx_word' id='word_1_136' title='bbox 1662 1747 1779 1798; x_wconf 90' lang='lat' dir='ltr'><strong>cultibus</strong></span> <span class='ocrx_word' id='word_1_137' title='bbox 1802 1748 1912 1798; x_wconf 87' lang='lat' dir='ltr'><strong>divinis</strong></span> <span class='ocrx_word' id='word_1_138' title='bbox 1940 1750 2117 1812; x_wconf 73' lang='lat' dir='ltr'><strong>insistimus,</strong></span> 
     </span>
     <span class='ocr_line' id='line_1_13' title="bbox 428 1835 2117 1916; baseline 0.002 -16"><span class='ocrx_word' id='word_1_139' title='bbox 428 1867 458 1900; x_wconf 92' lang='lat' dir='ltr'><strong>eo</strong></span> <span class='ocrx_word' id='word_1_140' title='bbox 482 1851 595 1916; x_wconf 87' lang='lat' dir='ltr'><strong>amplius</strong></span> <span class='ocrx_word' id='word_1_141' title='bbox 618 1867 732 1916; x_wconf 90' lang='lat' dir='ltr'><strong>superne</strong></span> <span class='ocrx_word' id='word_1_142' title='bbox 754 1852 886 1902; x_wconf 85' lang='lat' dir='ltr'><strong>maiestati</strong></span> <span class='ocrx_word' id='word_1_143' title='bbox 908 1851 1117 1902; x_wconf 78' lang='lat' dir='ltr'><strong>reconciliamur.</strong></span> <span class='ocrx_word' id='word_1_144' title='bbox 1163 1835 1328 1916; x_wconf 78' lang='lat' dir='ltr'><strong>Quocirca</strong></span> <span class='ocrx_word' id='word_1_145' title='bbox 1352 1837 1494 1902; x_wconf 82' lang='grc'><strong>011111111111</strong></span> <span class='ocrx_word' id='word_1_146' title='bbox 1522 1857 1612 1902; x_wconf 87' lang='lat' dir='ltr'><strong>sancte</strong></span> <span class='ocrx_word' id='word_1_147' title='bbox 1635 1851 1678 1902; x_wconf 89' lang='lat' dir='ltr'><strong>dei</strong></span> <span class='ocrx_word' id='word_1_148' title='bbox 1701 1851 1812 1902; x_wconf 76' lang='lat' dir='ltr'><strong>ecclesie</strong></span> <span class='ocrx_word' id='word_1_149' title='bbox 1837 1851 1977 1902; x_wconf 89' lang='lat' dir='ltr'><strong>fidelium</strong></span> <span class='ocrx_word' id='word_1_150' title='bbox 2004 1861 2117 1904; x_wconf 83' lang='lat' dir='ltr'><strong>nostro-</strong></span> 
     </span>
     <span class='ocr_line' id='line_1_14' title="bbox 427 1937 2116 2026; baseline 0.002 -23"><span class='ocrx_word' id='word_1_151' title='bbox 427 1970 537 2018; x_wconf 80' lang='lat' dir='ltr'><strong>rumque</strong></span> <span class='ocrx_word' id='word_1_152' title='bbox 560 1956 722 2026; x_wconf 82' lang='lat' dir='ltr'><strong>presentium</strong></span> <span class='ocrx_word' id='word_1_153' title='bbox 744 1955 846 2006; x_wconf 78' lang='lat' dir='ltr'><strong>scilicet</strong></span> <span class='ocrx_word' id='word_1_154' title='bbox 868 1971 900 2005; x_wconf 89' lang='lat' dir='ltr'><strong>ac</strong></span> <span class='ocrx_word' id='word_1_155' title='bbox 922 1955 1072 2006; x_wconf 82' lang='lat' dir='ltr'><strong>futurorum</strong></span> <span class='ocrx_word' id='word_1_156' title='bbox 1090 1942 1218 2005; x_wconf 77' lang='lat' dir='ltr'><strong>noverit</strong></span> <span class='ocrx_word' id='word_1_157' title='bbox 1236 1956 1405 2017; x_wconf 79' lang='lat' dir='ltr'><strong>unanimitas,</strong></span> <span class='ocrx_word' id='word_1_158' title='bbox 1428 1939 1592 2026; x_wconf 77' lang='lat' dir='ltr'><strong>quendam</strong></span> <span class='ocrx_word' id='word_1_159' title='bbox 1607 1937 1762 2005; x_wconf 77' lang='lat' dir='ltr'><strong>abbatem</strong></span> <span class='ocrx_word' id='word_1_160' title='bbox 1776 1940 1962 2006; x_wconf 72' lang='lat' dir='ltr'><strong>vocabulo</strong></span> <span class='ocrx_word' id='word_1_161' title='bbox 1982 1941 2116 2024; x_wconf 81' lang='lat' dir='ltr'><strong>Adam,</strong></span> 
     </span>
     <span class='ocr_line' id='line_1_15' title="bbox 426 2040 2116 2128; baseline 0.003 -22"><span class='ocrx_word' id='word_1_162' title='bbox 426 2041 579 2108; x_wconf 88' lang='lat' dir='ltr'><strong>videlicet</strong></span> <span class='ocrx_word' id='word_1_163' title='bbox 601 2044 642 2108; x_wconf 91' lang='lat' dir='ltr'><strong>de</strong></span> <span class='ocrx_word' id='word_1_164' title='bbox 665 2047 864 2112; x_wconf 88' lang='lat' dir='ltr'><strong>monasterio</strong></span> <span class='ocrx_word' id='word_1_165' title='bbox 889 2043 977 2128; x_wconf 91' lang='lat' dir='ltr'><strong>quod</strong></span> <span class='ocrx_word' id='word_1_166' title='bbox 993 2042 1079 2108; x_wconf 82' lang='lat' dir='ltr'><strong>Casa</strong></span> <span class='ocrx_word' id='word_1_167' title='bbox 1094 2066 1194 2108; x_wconf 89' lang='lat' dir='ltr'><strong>aurea</strong></span> <span class='ocrx_word' id='word_1_168' title='bbox 1217 2052 1433 2128; x_wconf 89' lang='lat' dir='ltr'><strong>nuncupatur,</strong></span> <span class='ocrx_word' id='word_1_169' title='bbox 1456 2052 1604 2110; x_wconf 89' lang='lat' dir='ltr'><strong>nostram</strong></span> <span class='ocrx_word' id='word_1_170' title='bbox 1628 2040 1821 2128; x_wconf 83' lang='lat' dir='ltr'><strong>suppliciter</strong></span> <span class='ocrx_word' id='word_1_171' title='bbox 1846 2045 1992 2110; x_wconf 86' lang='lat' dir='ltr'><strong>adiisse</strong></span> <span class='ocrx_word' id='word_1_172' title='bbox 2005 2056 2021 2084; x_wconf 79' lang='lat'>⁸</span> <span class='ocrx_word' id='word_1_173' title='bbox 2046 2047 2116 2112; x_wconf 87' lang='lat' dir='ltr'><strong>cel-</strong></span> 
     </span>
     <span class='ocr_line' id='line_1_16' title="bbox 428 2145 2165 2233; baseline 0.004 -24"><span class='ocrx_word' id='word_1_174' title='bbox 428 2145 601 2210; x_wconf 88' lang='lat' dir='ltr'><strong>situdinem</strong></span> <span class='ocrx_word' id='word_1_175' title='bbox 625 2148 755 2233; x_wconf 90' lang='lat' dir='ltr'><strong>suisque</strong></span> <span class='ocrx_word' id='word_1_176' title='bbox 778 2145 929 2212; x_wconf 89' lang='lat' dir='ltr'><strong>manibus</strong></span> <span class='ocrx_word' id='word_1_177' title='bbox 952 2146 1138 2231; x_wconf 85' lang='lat' dir='ltr'><strong>augustalia</strong></span> <span class='ocrx_word' id='word_1_178' title='bbox 1160 2148 1429 2231; x_wconf 83' lang='lat' dir='ltr'><strong>predecessorum</strong></span> <span class='ocrx_word' id='word_1_179' title='bbox 1444 2158 1630 2212; x_wconf 90' lang='lat' dir='ltr'><strong>nostrorum</strong></span> <span class='ocrx_word' id='word_1_180' title='bbox 1647 2145 1721 2212; x_wconf 89' lang='lat' dir='ltr'><strong>dive</strong></span> <span class='ocrx_word' id='word_1_181' title='bbox 1738 2149 1906 2213; x_wconf 88' lang='lat' dir='ltr'><strong>memorie</strong></span> <span class='ocrx_word' id='word_1_182' title='bbox 1925 2149 2115 2216; x_wconf 73' lang='lat' dir='ltr'><strong>Lodoicib</strong></span> <span class='ocrx_word' id='word_1_183' title='bbox 2136 2163 2165 2209; x_wconf 82' lang='lat'><strong>¹5</strong></span> 
     </span>
     <span class='ocr_line' id='line_1_17' title="bbox 426 2249 2114 2336; baseline 0.004 -22"><span class='ocrx_word' id='word_1_184' title='bbox 426 2250 607 2336; x_wconf 87' lang='lat' dir='ltr'><strong>Karolique</strong></span> <span class='ocrx_word' id='word_1_185' title='bbox 635 2252 869 2335; x_wconf 88' lang='lat' dir='ltr'><strong>imperatorum</strong></span> <span class='ocrx_word' id='word_1_186' title='bbox 898 2260 1053 2335; x_wconf 87' lang='lat' dir='ltr'><strong>precepta</strong></span> <span class='ocrx_word' id='word_1_187' title='bbox 1081 2250 1238 2315; x_wconf 85' lang='lat' dir='ltr'><strong>ferentem</strong></span> <span class='ocrx_word' id='word_1_188' title='bbox 1265 2273 1368 2336; x_wconf 88' lang='lat' dir='ltr'><strong>eaque</strong></span> <span class='ocrx_word' id='word_1_189' title='bbox 1398 2273 1418 2314; x_wconf 92' lang='lat' dir='ltr'><strong>a</strong></span> <span class='ocrx_word' id='word_1_190' title='bbox 1445 2249 1596 2314; x_wconf 86' lang='lat' dir='ltr'><strong>nefandis</strong></span> <span class='ocrx_word' id='word_1_191' title='bbox 1624 2250 1810 2315; x_wconf 89' lang='lat' dir='ltr'><strong>hominibus</strong></span> <span class='ocrx_word' id='word_1_192' title='bbox 1836 2251 2010 2319; x_wconf 82' lang='lat' dir='ltr'><strong>funditus</strong></span> <span class='ocrx_word' id='word_1_193' title='bbox 2038 2276 2114 2320; x_wconf 89' lang='lat' dir='ltr'><strong>cor-</strong></span> 
     </span>
     <span class='ocr_line' id='line_1_18' title="bbox 424 2353 2113 2439; baseline 0.004 -21"><span class='ocrx_word' id='word_1_194' title='bbox 424 2363 522 2438; x_wconf 83' lang='lat' dir='ltr'><strong>rupta</strong></span> <span class='ocrx_word' id='word_1_195' title='bbox 537 2361 634 2438; x_wconf 89' lang='lat' dir='ltr'><strong>atque</strong></span> <span class='ocrx_word' id='word_1_196' title='bbox 648 2353 772 2418; x_wconf 86' lang='lat' dir='ltr'><strong>violata</strong></span> <span class='ocrx_word' id='word_1_197' title='bbox 788 2376 860 2418; x_wconf 89' lang='lat' dir='ltr'><strong>esse</strong></span> <span class='ocrx_word' id='word_1_198' title='bbox 876 2353 1108 2439; x_wconf 89' lang='lat' dir='ltr'><strong>querelantem,</strong></span> <span class='ocrx_word' id='word_1_199' title='bbox 1132 2364 1291 2439; x_wconf 87' lang='lat' dir='ltr'><strong>quatenus</strong></span> <span class='ocrx_word' id='word_1_200' title='bbox 1309 2376 1348 2419; x_wconf 89' lang='lat' dir='ltr'><strong>ea</strong></span> <span class='ocrx_word' id='word_1_201' title='bbox 1370 2385 1417 2433; x_wconf 83' lang='lat' dir='ltr'><strong>pro</strong></span> <span class='ocrx_word' id='word_1_202' title='bbox 1440 2369 1578 2418; x_wconf 80' lang='lat' dir='ltr'><strong>indivime</strong></span> <span class='ocrx_word' id='word_1_203' title='bbox 1601 2374 1692 2418; x_wconf 80' lang='lat' dir='ltr'><strong>sancte</strong></span> <span class='ocrx_word' id='word_1_204' title='bbox 1714 2370 1844 2420; x_wconf 78' lang='lat' dir='ltr'><strong>trinitatis</strong></span> <span class='ocrx_word' id='word_1_205' title='bbox 1869 2386 1976 2423; x_wconf 80' lang='lat' dir='ltr'><strong>amore</strong></span> <span class='ocrx_word' id='word_1_206' title='bbox 2002 2381 2113 2424; x_wconf 74' lang='lat' dir='ltr'><strong>nostre-</strong></span> 
     </span>
     <span class='ocr_line' id='line_1_19' title="bbox 426 2455 2114 2542; baseline 0.004 -22"><span class='ocrx_word' id='word_1_207' title='bbox 426 2489 476 2537; x_wconf 80' lang='lat' dir='ltr'><strong>que</strong></span> <span class='ocrx_word' id='word_1_208' title='bbox 500 2474 587 2537; x_wconf 65' lang='lat' dir='ltr'><strong>anime</strong></span> <span class='ocrx_word' id='word_1_209' title='bbox 609 2472 724 2522; x_wconf 80' lang='lat' dir='ltr'><strong>remedio</strong></span> <span class='ocrx_word' id='word_1_210' title='bbox 752 2467 864 2522; x_wconf 91' lang='lat' dir='ltr'><strong>nostro</strong></span> <span class='ocrx_word' id='word_1_211' title='bbox 893 2456 1052 2542; x_wconf 90' lang='lat' dir='ltr'><strong>imperiali</strong></span> <span class='ocrx_word' id='word_1_212' title='bbox 1081 2459 1257 2522; x_wconf 89' lang='lat' dir='ltr'><strong>munimine</strong></span> <span class='ocrx_word' id='word_1_213' title='bbox 1286 2458 1413 2542; x_wconf 87' lang='lat' dir='ltr'><strong>prefato</strong></span> <span class='ocrx_word' id='word_1_214' title='bbox 1443 2457 1582 2521; x_wconf 91' lang='lat' dir='ltr'><strong>cenobio</strong></span> <span class='ocrx_word' id='word_1_215' title='bbox 1613 2456 1700 2542; x_wconf 91' lang='lat' dir='ltr'><strong>quod</strong></span> <span class='ocrx_word' id='word_1_216' title='bbox 1722 2455 1811 2522; x_wconf 84' lang='lat' dir='ltr'><strong>Casa</strong></span> <span class='ocrx_word' id='word_1_217' title='bbox 1836 2481 1955 2524; x_wconf 88' lang='lat' dir='ltr'><strong>aurea</strong></span> <span class='ocrx_word' id='word_1_218' title='bbox 1981 2461 2114 2527; x_wconf 89' lang='lat' dir='ltr'><strong>dicitur</strong></span> 
     </span>
     <span class='ocr_line' id='line_1_20' title="bbox 425 2561 2111 2650; baseline 0.004 -26"><span class='ocrx_word' id='word_1_219' title='bbox 425 2561 638 2634; x_wconf 77' lang='lat' dir='ltr'><strong>corroborare</strong></span> <span class='ocrx_word' id='word_1_220' title='bbox 667 2571 764 2646; x_wconf 89' lang='lat' dir='ltr'><strong>atque</strong></span> <span class='ocrx_word' id='word_1_221' title='bbox 794 2561 986 2626; x_wconf 89' lang='lat' dir='ltr'><strong>confirmare</strong></span> <span class='ocrx_word' id='word_1_222' title='bbox 1016 2571 1216 2648; x_wconf 88' lang='lat' dir='ltr'><strong>cunctasque</strong></span> <span class='ocrx_word' id='word_1_223' title='bbox 1245 2585 1297 2626; x_wconf 87' lang='lat' dir='ltr'><strong>res</strong></span> <span class='ocrx_word' id='word_1_224' title='bbox 1319 2561 1399 2625; x_wconf 92' lang='lat' dir='ltr'><strong>inibi</strong></span> <span class='ocrx_word' id='word_1_225' title='bbox 1423 2561 1531 2646; x_wconf 89' lang='lat' dir='ltr'><strong>aliquo</strong></span> <span class='ocrx_word' id='word_1_226' title='bbox 1554 2561 1649 2626; x_wconf 89' lang='lat' dir='ltr'><strong>titulo</strong></span> <span class='ocrx_word' id='word_1_227' title='bbox 1673 2561 1809 2628; x_wconf 87' lang='lat' dir='ltr'><strong>collatas</strong></span> <span class='ocrx_word' id='word_1_228' title='bbox 1834 2564 1943 2628; x_wconf 82' lang='lat' dir='ltr'><strong>iuxta</strong></span> <span class='ocrx_word' id='word_1_229' title='bbox 1970 2566 2111 2650; x_wconf 88' lang='lat' dir='ltr'><strong>predic-</strong></span> 
     </span>
     <span class='ocr_line' id='line_1_21' title="bbox 426 2664 2159 2750; baseline 0.002 -21"><span class='ocrx_word' id='word_1_230' title='bbox 426 2675 532 2730; x_wconf 91' lang='lat' dir='ltr'><strong>torum</strong></span> <span class='ocrx_word' id='word_1_231' title='bbox 553 2667 787 2750; x_wconf 89' lang='lat' dir='ltr'><strong>imperatorum</strong></span> <span class='ocrx_word' id='word_1_232' title='bbox 811 2665 942 2730; x_wconf 89' lang='lat' dir='ltr'><strong>decreta</strong></span> <span class='ocrx_word' id='word_1_233' title='bbox 971 2665 1096 2730; x_wconf 90' lang='lat' dir='ltr'><strong>munire</strong></span> <span class='ocrx_word' id='word_1_234' title='bbox 1125 2665 1342 2749; x_wconf 86' lang='lat' dir='ltr'><strong>dignaremur.</strong></span> <span class='ocrx_word' id='word_1_235' title='bbox 1387 2664 1490 2748; x_wconf 87' lang='lat' dir='ltr'><strong>Igitur</strong></span> <span class='ocrx_word' id='word_1_236' title='bbox 1520 2673 1687 2749; x_wconf 77' lang='lat' dir='ltr'><strong>superno⁶</strong></span> <span class='ocrx_word' id='word_1_237' title='bbox 1715 2680 1798 2730; x_wconf 73' lang='lat' dir='ltr'><strong>usati</strong></span> <span class='ocrx_word' id='word_1_238' title='bbox 1822 2682 1970 2734; x_wconf 79' lang='lat' dir='ltr'><strong>instinctu</strong></span> <span class='ocrx_word' id='word_1_239' title='bbox 2002 2671 2110 2734; x_wconf 88' lang='lat' dir='ltr'><strong>inter-</strong></span> <span class='ocrx_word' id='word_1_240' title='bbox 2128 2687 2159 2733; x_wconf 79' lang='lat' dir='ltr'><strong>aa</strong></span> 
     </span>
     <span class='ocr_line' id='line_1_22' title="bbox 426 2765 2108 2855; baseline 0.002 -21"><span class='ocrx_word' id='word_1_241' title='bbox 426 2779 590 2855; x_wconf 84' lang='lat' dir='ltr'><strong>veniaque</strong></span> <span class='ocrx_word' id='word_1_242' title='bbox 613 2770 714 2835; x_wconf 88' lang='lat' dir='ltr'><strong>nostri</strong></span> <span class='ocrx_word' id='word_1_243' title='bbox 737 2769 941 2836; x_wconf 86' lang='lat' dir='ltr'><strong>dilectissimi</strong></span> <span class='ocrx_word' id='word_1_244' title='bbox 965 2769 1071 2835; x_wconf 89' lang='lat' dir='ltr'><strong>fidelis</strong></span> <span class='ocrx_word' id='word_1_245' title='bbox 1092 2769 1241 2847; x_wconf 89' lang='lat' dir='ltr'><strong>Huberti,</strong></span> <span class='ocrx_word' id='word_1_246' title='bbox 1266 2767 1390 2832; x_wconf 90' lang='lat' dir='ltr'><strong>scilicet</strong></span> <span class='ocrx_word' id='word_1_247' title='bbox 1411 2767 1597 2832; x_wconf 84' lang='lat' dir='ltr'><strong>Parmensis</strong></span> <span class='ocrx_word' id='word_1_248' title='bbox 1620 2765 1758 2832; x_wconf 89' lang='lat' dir='ltr'><strong>ecclesie</strong></span> <span class='ocrx_word' id='word_1_249' title='bbox 1780 2768 1947 2854; x_wconf 88' lang='lat' dir='ltr'><strong>presulis,</strong></span> <span class='ocrx_word' id='word_1_250' title='bbox 1983 2772 2108 2837; x_wconf 81' lang='lat' dir='ltr'><strong>inflexi</strong></span> 
     </span>
     <span class='ocr_line' id='line_1_23' title="bbox 424 2870 2107 2959; baseline 0.004 -23"><span class='ocrx_word' id='word_1_251' title='bbox 424 2870 575 2957; x_wconf 86' lang='lat' dir='ltr'><strong>prelibati</strong></span> <span class='ocrx_word' id='word_1_252' title='bbox 599 2872 729 2938; x_wconf 91' lang='lat' dir='ltr'><strong>abbatis</strong></span> <span class='ocrx_word' id='word_1_253' title='bbox 751 2871 903 2959; x_wconf 89' lang='lat' dir='ltr'><strong>precibus</strong></span> <span class='ocrx_word' id='word_1_254' title='bbox 927 2875 1099 2939; x_wconf 90' lang='lat' dir='ltr'><strong>annuimus</strong></span> <span class='ocrx_word' id='word_1_255' title='bbox 1123 2882 1322 2957; x_wconf 89' lang='lat' dir='ltr'><strong>cunctasque</strong></span> <span class='ocrx_word' id='word_1_256' title='bbox 1344 2893 1397 2936; x_wconf 90' lang='lat' dir='ltr'><strong>res</strong></span> <span class='ocrx_word' id='word_1_257' title='bbox 1420 2870 1501 2935; x_wconf 93' lang='lat' dir='ltr'><strong>inibi</strong></span> <span class='ocrx_word' id='word_1_258' title='bbox 1523 2870 1681 2936; x_wconf 88' lang='lat' dir='ltr'><strong>hactenus</strong></span> <span class='ocrx_word' id='word_1_259' title='bbox 1705 2870 1853 2956; x_wconf 89' lang='lat' dir='ltr'><strong>quolibet</strong></span> <span class='ocrx_word' id='word_1_260' title='bbox 1881 2881 2012 2940; x_wconf 86' lang='lat' dir='ltr'><strong>tenore</strong></span> <span class='ocrx_word' id='word_1_261' title='bbox 2037 2877 2107 2942; x_wconf 90' lang='lat' dir='ltr'><strong>col-</strong></span> 
     </span>
     <span class='ocr_line' id='line_1_24' title="bbox 425 2972 2105 3061; baseline 0.005 -22"><span class='ocrx_word' id='word_1_262' title='bbox 425 2975 519 3059; x_wconf 71' lang='lat' dir='ltr'><strong>latae,</strong></span> <span class='ocrx_word' id='word_1_263' title='bbox 543 2998 605 3061; x_wconf 81' lang='lat' dir='ltr'><strong>que</strong></span> <span class='ocrx_word' id='word_1_264' title='bbox 629 2978 726 3041; x_wconf 77' lang='lat' dir='ltr'><strong>etiam</strong></span> <span class='ocrx_word' id='word_1_265' title='bbox 751 2978 811 3041; x_wconf 77' lang='lat' dir='ltr'><strong>site</strong></span> <span class='ocrx_word' id='word_1_266' title='bbox 833 2993 903 3042; x_wconf 77' lang='lat' dir='ltr'><strong>intra</strong></span> <span class='ocrx_word' id='word_1_267' title='bbox 921 2992 1077 3042; x_wconf 85' lang='lat' dir='ltr'><strong>Romuleam</strong></span> <span class='ocrx_word' id='word_1_268' title='bbox 1100 2992 1191 3041; x_wconf 89' lang='lat' dir='ltr'><strong>urbem</strong></span> <span class='ocrx_word' id='word_1_269' title='bbox 1215 2997 1342 3055; x_wconf 86' lang='lat' dir='ltr'><strong>extraque</strong></span> <span class='ocrx_word' id='word_1_270' title='bbox 1365 2996 1437 3038; x_wconf 74' lang='lat' dir='ltr'><strong>esse</strong></span> <span class='ocrx_word' id='word_1_271' title='bbox 1459 2972 1620 3058; x_wconf 69' lang='lat' dir='ltr'><strong>udonus,</strong></span> <span class='ocrx_word' id='word_1_272' title='bbox 1644 2991 1745 3040; x_wconf 88' lang='lat' dir='ltr'><strong>scilicet</strong></span> <span class='ocrx_word' id='word_1_273' title='bbox 1766 3007 1815 3056; x_wconf 91' lang='lat' dir='ltr'><strong>per</strong></span> <span class='ocrx_word' id='word_1_274' title='bbox 1832 2991 2030 3058; x_wconf 80' lang='lat' dir='ltr'><strong>Campaniam</strong></span> <span class='ocrx_word' id='word_1_275' title='bbox 2056 3013 2105 3047; x_wconf 89' lang='lat' dir='ltr'><strong>seu</strong></span> 
     </span>
     <span class='ocr_line' id='line_1_25' title="bbox 424 3075 2105 3171; baseline 0.003 -26"><span class='ocrx_word' id='word_1_276' title='bbox 424 3095 503 3145; x_wconf 90' lang='lat' dir='ltr'><strong>etiam</strong></span> <span class='ocrx_word' id='word_1_277' title='bbox 525 3111 572 3160; x_wconf 89' lang='lat' dir='ltr'><strong>per</strong></span> <span class='ocrx_word' id='word_1_278' title='bbox 595 3100 677 3144; x_wconf 89' lang='lat' dir='ltr'><strong>totam</strong></span> <span class='ocrx_word' id='word_1_279' title='bbox 700 3095 879 3160; x_wconf 83' lang='lat' dir='ltr'><strong>Pentapolim,</strong></span> <span class='ocrx_word' id='word_1_280' title='bbox 909 3095 1033 3144; x_wconf 86' lang='lat' dir='ltr'><strong>Tusciam</strong></span> <span class='ocrx_word' id='word_1_281' title='bbox 1057 3099 1083 3144; x_wconf 88' lang='lat' dir='ltr'><strong>et</strong></span> <span class='ocrx_word' id='word_1_282' title='bbox 1106 3075 1291 3159; x_wconf 77' lang='lat' dir='ltr'><strong>Spolitinumd</strong></span> <span class='ocrx_word' id='word_1_283' title='bbox 1321 3093 1446 3142; x_wconf 86' lang='lat' dir='ltr'><strong>ducatum</strong></span> <span class='ocrx_word' id='word_1_284' title='bbox 1470 3099 1549 3158; x_wconf 86' lang='lat' dir='ltr'><strong>atque</strong></span> <span class='ocrx_word' id='word_1_285' title='bbox 1572 3093 1741 3144; x_wconf 82' lang='lat' dir='ltr'><strong>Camerinum</strong></span> <span class='ocrx_word' id='word_1_286' title='bbox 1763 3111 1813 3145; x_wconf 90' lang='lat' dir='ltr'><strong>nec</strong></span> <span class='ocrx_word' id='word_1_287' title='bbox 1837 3112 1898 3146; x_wconf 88' lang='lat' dir='ltr'><strong>aon</strong></span> <span class='ocrx_word' id='word_1_288' title='bbox 1924 3100 2017 3148; x_wconf 80' lang='lat' dir='ltr'><strong>etiam</strong></span> <span class='ocrx_word' id='word_1_289' title='bbox 2042 3108 2105 3171; x_wconf 79' lang='lat' dir='ltr'><strong>per</strong></span> 
     </span>
     <span class='ocr_line' id='line_1_26' title="bbox 423 3171 2152 3270; baseline 0.006 -24"><span class='ocrx_word' id='word_1_290' title='bbox 423 3184 614 3248; x_wconf 77' lang='lat' dir='ltr'><strong>comitatum</strong></span> <span class='ocrx_word' id='word_1_291' title='bbox 636 3199 798 3260; x_wconf 75' lang='lat' dir='ltr'><strong>Perminum,</strong></span> <span class='ocrx_word' id='word_1_292' title='bbox 821 3198 984 3261; x_wconf 71' lang='lat' dir='ltr'><strong>tecelinum,</strong></span> <span class='ocrx_word' id='word_1_293' title='bbox 1006 3199 1175 3262; x_wconf 69' lang='lat' dir='ltr'><strong>aprutinum,</strong></span> <span class='ocrx_word' id='word_1_294' title='bbox 1198 3198 1347 3248; x_wconf 91' lang='lat' dir='ltr'><strong>Penninum</strong></span> <span class='ocrx_word' id='word_1_295' title='bbox 1370 3213 1417 3247; x_wconf 87' lang='lat' dir='ltr'><strong>seu</strong></span> <span class='ocrx_word' id='word_1_296' title='bbox 1439 3197 1580 3248; x_wconf 87' lang='lat' dir='ltr'><strong>Teatinum</strong></span> <span class='ocrx_word' id='word_1_297' title='bbox 1603 3200 1771 3262; x_wconf 88' lang='lat' dir='ltr'><strong>territorium,</strong></span> <span class='ocrx_word' id='word_1_298' title='bbox 1801 3171 1953 3270; x_wconf 77' lang='lat' dir='ltr'><strong>¹quarum</strong></span> <span class='ocrx_word' id='word_1_299' title='bbox 1979 3189 2102 3254; x_wconf 82' lang='lat' dir='ltr'><strong>videli-</strong></span> <span class='ocrx_word' id='word_1_300' title='bbox 2121 3209 2152 3256; x_wconf 78' lang='lat'><strong>25</strong></span> 
     </span>
     <span class='ocr_line' id='line_1_27' title="bbox 423 3285 2100 3374; baseline 0.005 -25"><span class='ocrx_word' id='word_1_301' title='bbox 423 3285 556 3351; x_wconf 82' lang='lat' dir='ltr'><strong>cethea</strong></span> <span class='ocrx_word' id='word_1_302' title='bbox 584 3294 658 3351; x_wconf 89' lang='lat' dir='ltr'><strong>sunt</strong></span> <span class='ocrx_word' id='word_1_303' title='bbox 681 3287 830 3351; x_wconf 88' lang='lat' dir='ltr'><strong>nomina:</strong></span> <span class='ocrx_word' id='word_1_304' title='bbox 862 3296 968 3351; x_wconf 89' lang='lat' dir='ltr'><strong>curtes</strong></span> <span class='ocrx_word' id='word_1_305' title='bbox 992 3303 1076 3351; x_wconf 80' lang='lat' dir='ltr'><strong>sancti</strong></span> <span class='ocrx_word' id='word_1_306' title='bbox 1099 3301 1232 3352; x_wconf 83' lang='lat' dir='ltr'><strong>Desiderii</strong></span> <span class='ocrx_word' id='word_1_307' title='bbox 1254 3297 1352 3370; x_wconf 89' lang='lat' dir='ltr'><strong>atque</strong></span> <span class='ocrx_word' id='word_1_308' title='bbox 1374 3299 1531 3364; x_wconf 77' lang='lat' dir='ltr'><strong>milianum,</strong></span> <span class='ocrx_word' id='word_1_309' title='bbox 1553 3301 1671 3367; x_wconf 71' lang='lat' dir='ltr'><strong>nigrai,</strong></span> <span class='ocrx_word' id='word_1_310' title='bbox 1695 3286 1818 3370; x_wconf 89' lang='lat' dir='ltr'><strong>Osteie,</strong></span> <span class='ocrx_word' id='word_1_311' title='bbox 1844 3285 2100 3374; x_wconf 78' lang='lat' dir='ltr'><strong>Caramanico,</strong></span> 
     </span>
     <span class='ocr_line' id='line_1_28' title="bbox 422 3387 2099 3478; baseline 0.005 -26"><span class='ocrx_word' id='word_1_312' title='bbox 422 3387 579 3472; x_wconf 87' lang='lat' dir='ltr'><strong>Patemu‚</strong></span> <span class='ocrx_word' id='word_1_313' title='bbox 608 3389 766 3472; x_wconf 78' lang='lat' dir='ltr'><strong>PicericO,</strong></span> <span class='ocrx_word' id='word_1_314' title='bbox 797 3404 882 3454; x_wconf 75' lang='lat' dir='ltr'><strong>waldo</strong></span> <span class='ocrx_word' id='word_1_315' title='bbox 907 3397 1053 3468; x_wconf 75' lang='lat' dir='ltr'><strong>Corvin00,</strong></span> <span class='ocrx_word' id='word_1_316' title='bbox 1082 3388 1274 3472; x_wconf 87' lang='lat' dir='ltr'><strong>Beleniano,</strong></span> <span class='ocrx_word' id='word_1_317' title='bbox 1308 3388 1429 3470; x_wconf 78' lang='lat' dir='ltr'><strong>Tosne,</strong></span> <span class='ocrx_word' id='word_1_318' title='bbox 1462 3388 1591 3474; x_wconf 82' lang='lat' dir='ltr'><strong>Casula,</strong></span> <span class='ocrx_word' id='word_1_319' title='bbox 1627 3389 1778 3473; x_wconf 88' lang='lat' dir='ltr'><strong>Selcanu,</strong></span> <span class='ocrx_word' id='word_1_320' title='bbox 1807 3389 1945 3476; x_wconf 89' lang='lat' dir='ltr'><strong>Ranile,</strong></span> <span class='ocrx_word' id='word_1_321' title='bbox 1982 3395 2099 3478; x_wconf 86' lang='lat' dir='ltr'><strong>Petra,</strong></span> 
     </span>
     <span class='ocr_line' id='line_1_29' title="bbox 421 3489 2098 3582; baseline 0.007 -30"><span class='ocrx_word' id='word_1_322' title='bbox 421 3489 645 3576; x_wconf 87' lang='lat' dir='ltr'><strong>Mampopolo‚</strong></span> <span class='ocrx_word' id='word_1_323' title='bbox 667 3490 801 3574; x_wconf 82' lang='lat' dir='ltr'><strong>Accola,</strong></span> <span class='ocrx_word' id='word_1_324' title='bbox 825 3491 983 3576; x_wconf 85' lang='lat' dir='ltr'><strong>Supercli,</strong></span> <span class='ocrx_word' id='word_1_325' title='bbox 1007 3492 1112 3574; x_wconf 90' lang='lat' dir='ltr'><strong>Turri,</strong></span> <span class='ocrx_word' id='word_1_326' title='bbox 1134 3491 1314 3576; x_wconf 86' lang='lat' dir='ltr'><strong>Fullonice,</strong></span> <span class='ocrx_word' id='word_1_327' title='bbox 1338 3493 1474 3574; x_wconf 90' lang='lat' dir='ltr'><strong>Raiano,</strong></span> <span class='ocrx_word' id='word_1_328' title='bbox 1498 3490 1600 3576; x_wconf 83' lang='lat' dir='ltr'><strong>Oolle,</strong></span> <span class='ocrx_word' id='word_1_329' title='bbox 1620 3493 1778 3578; x_wconf 87' lang='lat' dir='ltr'><strong>Pantano,</strong></span> <span class='ocrx_word' id='word_1_330' title='bbox 1798 3493 1884 3559; x_wconf 90' lang='lat' dir='ltr'><strong>Bico</strong></span> <span class='ocrx_word' id='word_1_331' title='bbox 1902 3495 2098 3582; x_wconf 88' lang='lat' dir='ltr'><strong>Pinnense,</strong></span> 
     </span>
     <span class='ocr_line' id='line_1_30' title="bbox 421 3591 2097 3686; baseline 0.007 -30"><span class='ocrx_word' id='word_1_332' title='bbox 421 3593 554 3676; x_wconf 84' lang='lat' dir='ltr'><strong>Medici,</strong></span> <span class='ocrx_word' id='word_1_333' title='bbox 585 3591 804 3678; x_wconf 81' lang='lat' dir='ltr'><strong>Capitinianu,</strong></span> <span class='ocrx_word' id='word_1_334' title='bbox 834 3591 1000 3677; x_wconf 80' lang='lat' dir='ltr'><strong>Oarufani,</strong></span> <span class='ocrx_word' id='word_1_335' title='bbox 1030 3595 1165 3678; x_wconf 87' lang='lat' dir='ltr'><strong>Niranu,</strong></span> <span class='ocrx_word' id='word_1_336' title='bbox 1197 3594 1319 3679; x_wconf 81' lang='lat' dir='ltr'><strong>Oeliffe,</strong></span> <span class='ocrx_word' id='word_1_337' title='bbox 1349 3594 1484 3678; x_wconf 87' lang='lat' dir='ltr'><strong>Seranu,</strong></span> <span class='ocrx_word' id='word_1_338' title='bbox 1518 3596 1670 3679; x_wconf 90' lang='lat' dir='ltr'><strong>Mortula,</strong></span> <span class='ocrx_word' id='word_1_339' title='bbox 1706 3596 1857 3680; x_wconf 89' lang='lat' dir='ltr'><strong>Asenari,</strong></span> <span class='ocrx_word' id='word_1_340' title='bbox 1896 3599 2097 3686; x_wconf 88' lang='lat' dir='ltr'><strong>Petelianu,</strong></span> 
     </span>
     <span class='ocr_line' id='line_1_31' title="bbox 422 3694 2146 3788; baseline 0.009 -29"><span class='ocrx_word' id='word_1_341' title='bbox 422 3694 567 3778; x_wconf 84' lang='lat' dir='ltr'><strong>Oedisse,</strong></span> <span class='ocrx_word' id='word_1_342' title='bbox 585 3694 751 3780; x_wconf 89' lang='lat' dir='ltr'><strong>Opacultu</strong></span> <span class='ocrx_word' id='word_1_343' title='bbox 762 3694 781 3779; x_wconf 69' lang='lat' dir='ltr'><strong>f,</strong></span> <span class='ocrx_word' id='word_1_344' title='bbox 804 3697 992 3779; x_wconf 85' lang='lat' dir='ltr'><strong>Victorrita,</strong></span> <span class='ocrx_word' id='word_1_345' title='bbox 1007 3697 1145 3781; x_wconf 85' lang='lat' dir='ltr'><strong>Blunza,</strong></span> <span class='ocrx_word' id='word_1_346' title='bbox 1162 3699 1317 3780; x_wconf 88' lang='lat' dir='ltr'><strong>Vrciona,</strong></span> <span class='ocrx_word' id='word_1_347' title='bbox 1341 3719 1447 3764; x_wconf 79' lang='lat' dir='ltr'><strong>sanetus</strong></span> <span class='ocrx_word' id='word_1_348' title='bbox 1463 3713 1563 3776; x_wconf 77' lang='lat' dir='ltr'><strong>Hebae,</strong></span> <span class='ocrx_word' id='word_1_349' title='bbox 1587 3708 1702 3764; x_wconf 88' lang='lat' dir='ltr'><strong>sancta</strong></span> <span class='ocrx_word' id='word_1_350' title='bbox 1716 3699 1873 3782; x_wconf 85' lang='lat' dir='ltr'><strong>Trinitas,</strong></span> <span class='ocrx_word' id='word_1_351' title='bbox 1901 3702 2094 3788; x_wconf 87' lang='lat' dir='ltr'><strong>Porclanu,</strong></span> <span class='ocrx_word' id='word_1_352' title='bbox 2114 3725 2146 3774; x_wconf 82' lang='lat'><strong>30</strong></span> 
     </span>
     <span class='ocr_line' id='line_1_32' title="bbox 422 3798 2096 3890; baseline 0.006 -26"><span class='ocrx_word' id='word_1_353' title='bbox 422 3798 612 3882; x_wconf 87' lang='lat' dir='ltr'><strong>Tolenianv,</strong></span> <span class='ocrx_word' id='word_1_354' title='bbox 636 3802 833 3865; x_wconf 88' lang='lat' dir='ltr'><strong>territorium</strong></span> <span class='ocrx_word' id='word_1_355' title='bbox 848 3801 970 3864; x_wconf 89' lang='lat' dir='ltr'><strong>Leonis</strong></span> <span class='ocrx_word' id='word_1_356' title='bbox 992 3799 1077 3864; x_wconf 71' lang='lat' dir='ltr'><strong>filiis</strong></span> <span class='ocrx_word' id='word_1_357' title='bbox 1100 3799 1229 3884; x_wconf 83' lang='lat' dir='ltr'><strong>Catulli,</strong></span> <span class='ocrx_word' id='word_1_358' title='bbox 1254 3801 1338 3866; x_wconf 88' lang='lat' dir='ltr'><strong>cella</strong></span> <span class='ocrx_word' id='word_1_359' title='bbox 1361 3819 1445 3866; x_wconf 79' lang='lat' dir='ltr'><strong>sancti</strong></span> <span class='ocrx_word' id='word_1_360' title='bbox 1460 3818 1555 3880; x_wconf 79' lang='lat' dir='ltr'><strong>Manu,</strong></span> <span class='ocrx_word' id='word_1_361' title='bbox 1578 3804 1774 3868; x_wconf 89' lang='lat' dir='ltr'><strong>territorium</strong></span> <span class='ocrx_word' id='word_1_362' title='bbox 1790 3803 2010 3890; x_wconf 87' lang='lat' dir='ltr'><strong>Maginfredi</strong></span> <span class='ocrx_word' id='word_1_363' title='bbox 2035 3810 2096 3874; x_wconf 88' lang='lat' dir='ltr'><strong>filii</strong></span> 
     </span>
    </p>
   </div>
   <div class='ocr_carea' id='block_1_4' title="bbox 306 3902 2094 3994">
    <p class='ocr_par' dir='ltr' id='par_1_4' title="bbox 306 3902 2094 3994">
     <span class='ocr_line' id='line_1_33' title="bbox 306 3902 2094 3994; baseline 0.007 -29"><span class='ocrx_word' id='word_1_364' title='bbox 306 3971 311 3980; x_wconf 57' lang='grc'>,</span> <span class='ocrx_word' id='word_1_365' title='bbox 421 3902 639 3985; x_wconf 85' lang='lat' dir='ltr'><strong>Formosiani,</strong></span> <span class='ocrx_word' id='word_1_366' title='bbox 669 3925 730 3967; x_wconf 91' lang='lat' dir='ltr'><strong>nec</strong></span> <span class='ocrx_word' id='word_1_367' title='bbox 754 3925 820 3968; x_wconf 92' lang='lat' dir='ltr'><strong>non</strong></span> <span class='ocrx_word' id='word_1_368' title='bbox 842 3906 941 3988; x_wconf 73' lang='lat' dir='ltr'><strong>etiam</strong></span> <span class='ocrx_word' id='word_1_369' title='bbox 963 3906 997 3967; x_wconf 94' lang='lat' dir='ltr'><strong>in</strong></span> <span class='ocrx_word' id='word_1_370' title='bbox 1020 3905 1179 3968; x_wconf 88' lang='lat' dir='ltr'><strong>comitatu</strong></span> <span class='ocrx_word' id='word_1_371' title='bbox 1202 3905 1390 3969; x_wconf 88' lang='lat' dir='ltr'><strong>Furconinu</strong></span> <span class='ocrx_word' id='word_1_372' title='bbox 1413 3915 1537 3970; x_wconf 90' lang='lat' dir='ltr'><strong>curtem</strong></span> <span class='ocrx_word' id='word_1_373' title='bbox 1558 3928 1667 3990; x_wconf 89' lang='lat' dir='ltr'><strong>unam,</strong></span> <span class='ocrx_word' id='word_1_374' title='bbox 1699 3909 1733 3971; x_wconf 95' lang='lat' dir='ltr'><strong>in</strong></span> <span class='ocrx_word' id='word_1_375' title='bbox 1757 3904 1876 3972; x_wconf 85' lang='lat' dir='ltr'><strong>Cemle</strong></span> <span class='ocrx_word' id='word_1_376' title='bbox 1900 3931 2026 3994; x_wconf 87' lang='lat' dir='ltr'><strong>unam,</strong></span> <span class='ocrx_word' id='word_1_377' title='bbox 2060 3915 2094 3977; x_wconf 92' lang='lat' dir='ltr'><strong>in</strong></span> 
     </span>
    </p>
   </div>
   <div class='ocr_carea' id='block_1_5' title="bbox 415 4005 2263 5337">
    <p class='ocr_par' dir='ltr' id='par_1_5' title="bbox 420 4005 2094 4100">
     <span class='ocr_line' id='line_1_34' title="bbox 420 4005 2094 4100; baseline 0.007 -32"><span class='ocrx_word' id='word_1_378' title='bbox 420 4005 584 4071; x_wconf 90' lang='lat' dir='ltr'><strong>Baluense</strong></span> <span class='ocrx_word' id='word_1_379' title='bbox 612 4027 712 4071; x_wconf 91' lang='lat' dir='ltr'><strong>unam</strong></span> <span class='ocrx_word' id='word_1_380' title='bbox 740 4029 801 4092; x_wconf 88' lang='lat' dir='ltr'><strong>que</strong></span> <span class='ocrx_word' id='word_1_381' title='bbox 830 4006 891 4071; x_wconf 89' lang='lat' dir='ltr'><strong>fuit</strong></span> <span class='ocrx_word' id='word_1_382' title='bbox 913 4023 974 4072; x_wconf 76' lang='lat' dir='ltr'><strong>visi</strong></span> <span class='ocrx_word' id='word_1_383' title='bbox 996 4022 1184 4087; x_wconf 71' lang='lat' dir='ltr'><strong>gestelensis,</strong></span> <span class='ocrx_word' id='word_1_384' title='bbox 1216 4010 1250 4071; x_wconf 93' lang='lat' dir='ltr'><strong>in</strong></span> <span class='ocrx_word' id='word_1_385' title='bbox 1272 4007 1459 4074; x_wconf 88' lang='lat' dir='ltr'><strong>Marsicano</strong></span> <span class='ocrx_word' id='word_1_386' title='bbox 1482 4032 1582 4074; x_wconf 91' lang='lat' dir='ltr'><strong>unam</strong></span> <span class='ocrx_word' id='word_1_387' title='bbox 1606 4021 1668 4096; x_wconf 85' lang='lat' dir='ltr'><strong>que</strong></span> <span class='ocrx_word' id='word_1_388' title='bbox 1690 4012 1750 4076; x_wconf 85' lang='lat' dir='ltr'><strong>fuit</strong></span> <span class='ocrx_word' id='word_1_389' title='bbox 1773 4010 1980 4098; x_wconf 81' lang='lat' dir='ltr'><strong>Garibaldi,</strong></span> <span class='ocrx_word' id='word_1_390' title='bbox 2008 4015 2094 4100; x_wconf 85' lang='lat' dir='ltr'><strong>Soti,</strong></span> 
     </span>
    </p>

    <p class='ocr_par' dir='ltr' id='par_1_6' title="bbox 420 4110 2095 4204">
     <span class='ocr_line' id='line_1_35' title="bbox 420 4110 2095 4204; baseline 0.008 -31"><span class='ocrx_word' id='word_1_391' title='bbox 420 4119 542 4174; x_wconf 89' lang='lat' dir='ltr'><strong>turrem</strong></span> <span class='ocrx_word' id='word_1_392' title='bbox 564 4112 656 4174; x_wconf 84' lang='lat' dir='ltr'><strong>iuxta</strong></span> <span class='ocrx_word' id='word_1_393' title='bbox 678 4110 790 4191; x_wconf 88' lang='lat' dir='ltr'><strong>Reate,</strong></span> <span class='ocrx_word' id='word_1_394' title='bbox 813 4131 913 4174; x_wconf 88' lang='lat' dir='ltr'><strong>unam</strong></span> <span class='ocrx_word' id='word_1_395' title='bbox 935 4127 964 4175; x_wconf 88' lang='lat' dir='ltr'><strong>in</strong></span> <span class='ocrx_word' id='word_1_396' title='bbox 985 4125 1106 4189; x_wconf 78' lang='lat' dir='ltr'><strong>Histano,</strong></span> <span class='ocrx_word' id='word_1_397' title='bbox 1130 4129 1276 4191; x_wconf 78' lang='lat' dir='ltr'><strong>portionem</strong></span> <span class='ocrx_word' id='word_1_398' title='bbox 1299 4112 1436 4177; x_wconf 90' lang='lat' dir='ltr'><strong>ecclesie</strong></span> <span class='ocrx_word' id='word_1_399' title='bbox 1460 4115 1565 4178; x_wconf 90' lang='lat' dir='ltr'><strong>sancti</strong></span> <span class='ocrx_word' id='word_1_400' title='bbox 1590 4114 1771 4198; x_wconf 87' lang='lat' dir='ltr'><strong>Michaelis,</strong></span> <span class='ocrx_word' id='word_1_401' title='bbox 1795 4132 1823 4180; x_wconf 84' lang='lat' dir='ltr'><strong>in</strong></span> <span class='ocrx_word' id='word_1_402' title='bbox 1847 4131 1950 4185; x_wconf 74' lang='lat' dir='ltr'><strong>Palma</strong></span> <span class='ocrx_word' id='word_1_403' title='bbox 1975 4145 2095 4204; x_wconf 71' lang='lat' dir='ltr'><strong>urnam,</strong></span> 
     </span>
    </p>

    <p class='ocr_par' dir='ltr' id='par_1_7' title="bbox 419 4215 2144 4302">
     <span class='ocr_line' id='line_1_36' title="bbox 419 4215 2144 4302; baseline 0.007 -23"><span class='ocrx_word' id='word_1_404' title='bbox 419 4232 447 4279; x_wconf 90' lang='lat' dir='ltr'><strong>in</strong></span> <span class='ocrx_word' id='word_1_405' title='bbox 470 4229 525 4280; x_wconf 90' lang='lat' dir='ltr'><strong>Pao</strong></span> <span class='ocrx_word' id='word_1_406' title='bbox 550 4215 695 4280; x_wconf 78' lang='lat' dir='ltr'><strong>Similiter</strong></span> <span class='ocrx_word' id='word_1_407' title='bbox 717 4237 826 4298; x_wconf 81' lang='lat' dir='ltr'><strong>unam,</strong></span> <span class='ocrx_word' id='word_1_408' title='bbox 855 4231 1011 4295; x_wconf 84' lang='lat' dir='ltr'><strong>Pantanola,</strong></span> <span class='ocrx_word' id='word_1_409' title='bbox 1042 4225 1074 4280; x_wconf 81' lang='lat' dir='ltr'><strong>ei</strong></span> <span class='ocrx_word' id='word_1_410' title='bbox 1097 4233 1124 4280; x_wconf 93' lang='lat' dir='ltr'><strong>in</strong></span> <span class='ocrx_word' id='word_1_411' title='bbox 1146 4232 1265 4296; x_wconf 88' lang='lat' dir='ltr'><strong>Uenena,</strong></span> <span class='ocrx_word' id='word_1_412' title='bbox 1293 4239 1393 4282; x_wconf 80' lang='lat' dir='ltr'><strong>unam</strong></span> <span class='ocrx_word' id='word_1_413' title='bbox 1418 4219 1451 4282; x_wconf 84' lang='lat' dir='ltr'><strong>in</strong></span> <span class='ocrx_word' id='word_1_414' title='bbox 1482 4234 1590 4283; x_wconf 85' lang='lat' dir='ltr'><strong>civitate</strong></span> <span class='ocrx_word' id='word_1_415' title='bbox 1612 4233 1742 4296; x_wconf 86' lang='lat' dir='ltr'><strong>Tuscana,</strong></span> <span class='ocrx_word' id='word_1_416' title='bbox 1771 4235 1799 4282; x_wconf 87' lang='lat' dir='ltr'><strong>in</strong></span> <span class='ocrx_word' id='word_1_417' title='bbox 1822 4233 1987 4302; x_wconf 77' lang='lat' dir='ltr'><strong>Suberassn,</strong></span> <span class='ocrx_word' id='word_1_418' title='bbox 2021 4241 2095 4290; x_wconf 87' lang='lat' dir='ltr'><strong>Cati·</strong></span> <span class='ocrx_word' id='word_1_419' title='bbox 2114 4242 2144 4289; x_wconf 83' lang='lat'><strong>35</strong></span> 
     </span>
    </p>

    <p class='ocr_par' dir='ltr' id='par_1_8' title="bbox 419 4311 2094 4406">
     <span class='ocr_line' id='line_1_37' title="bbox 419 4311 2094 4406; baseline 0.008 -24"><span class='ocrx_word' id='word_1_420' title='bbox 419 4335 507 4396; x_wconf 89' lang='lat' dir='ltr'><strong>niano,</strong></span> <span class='ocrx_word' id='word_1_421' title='bbox 530 4335 558 4382; x_wconf 90' lang='lat' dir='ltr'><strong>in</strong></span> <span class='ocrx_word' id='word_1_422' title='bbox 581 4341 638 4384; x_wconf 90' lang='lat' dir='ltr'><strong>orto</strong></span> <span class='ocrx_word' id='word_1_423' title='bbox 661 4319 854 4398; x_wconf 72' lang='lat' dir='ltr'><strong>Pistorienseh,</strong></span> <span class='ocrx_word' id='word_1_424' title='bbox 877 4342 977 4384; x_wconf 77' lang='lat' dir='ltr'><strong>unam</strong></span> <span class='ocrx_word' id='word_1_425' title='bbox 999 4337 1027 4385; x_wconf 93' lang='lat' dir='ltr'><strong>in</strong></span> <span class='ocrx_word' id='word_1_426' title='bbox 1050 4341 1135 4385; x_wconf 85' lang='lat' dir='ltr'><strong>castro</strong></span> <span class='ocrx_word' id='word_1_427' title='bbox 1158 4311 1313 4399; x_wconf 80' lang='lat' dir='ltr'><strong>Felicitatis,</strong></span> <span class='ocrx_word' id='word_1_428' title='bbox 1335 4339 1364 4386; x_wconf 93' lang='lat' dir='ltr'><strong>iu</strong></span> <span class='ocrx_word' id='word_1_429' title='bbox 1387 4341 1478 4386; x_wconf 83' lang='lat' dir='ltr'><strong>sancto</strong></span> <span class='ocrx_word' id='word_1_430' title='bbox 1495 4336 1634 4400; x_wconf 82' lang='lat' dir='ltr'><strong>Carbonia,</strong></span> <span class='ocrx_word' id='word_1_431' title='bbox 1657 4338 1686 4386; x_wconf 95' lang='lat' dir='ltr'><strong>in</strong></span> <span class='ocrx_word' id='word_1_432' title='bbox 1702 4336 1828 4402; x_wconf 85' lang='lat' dir='ltr'><strong>Carpeua,</strong></span> <span class='ocrx_word' id='word_1_433' title='bbox 1855 4339 2001 4406; x_wconf 79' lang='lat' dir='ltr'><strong>Maliane,</strong></span> <span class='ocrx_word' id='word_1_434' title='bbox 2027 4329 2094 4394; x_wconf 75' lang='lat' dir='ltr'><strong>Ba·</strong></span> 
     </span>
    </p>

    <p class='ocr_par' dir='ltr' id='par_1_9' title="bbox 418 4420 2098 4505">
     <span class='ocr_line' id='line_1_38' title="bbox 418 4420 2098 4505; baseline 0.009 -21"><span class='ocrx_word' id='word_1_435' title='bbox 418 4420 518 4503; x_wconf 78' lang='lat' dir='ltr'><strong>ni010,</strong></span> <span class='ocrx_word' id='word_1_436' title='bbox 547 4421 662 4504; x_wconf 83' lang='lat' dir='ltr'><strong>Biano,</strong></span> <span class='ocrx_word' id='word_1_437' title='bbox 693 4421 868 4505; x_wconf 79' lang='lat' dir='ltr'><strong>Ocretano,</strong></span> <span class='ocrx_word' id='word_1_438' title='bbox 898 4422 1071 4487; x_wconf 82' lang='lat' dir='ltr'><strong>ecclesiam</strong></span> <span class='ocrx_word' id='word_1_439' title='bbox 1102 4433 1213 4488; x_wconf 79' lang='lat' dir='ltr'><strong>sancte</strong></span> <span class='ocrx_word' id='word_1_440' title='bbox 1240 4424 1328 4489; x_wconf 79' lang='lat' dir='ltr'><strong>Iuste</strong></span> <span class='ocrx_word' id='word_1_441' title='bbox 1351 4454 1478 4504; x_wconf 87' lang='lat' dir='ltr'><strong>casasque</strong></span> <span class='ocrx_word' id='word_1_442' title='bbox 1502 4439 1592 4490; x_wconf 88' lang='lat' dir='ltr'><strong>decem</strong></span> <span class='ocrx_word' id='word_1_443' title='bbox 1614 4441 1642 4489; x_wconf 92' lang='lat' dir='ltr'><strong>in</strong></span> <span class='ocrx_word' id='word_1_444' title='bbox 1664 4440 1760 4491; x_wconf 81' lang='lat' dir='ltr'><strong>tinibus</strong></span> <span class='ocrx_word' id='word_1_445' title='bbox 1784 4443 1867 4490; x_wconf 89' lang='lat' dir='ltr'><strong>castri</strong></span> <span class='ocrx_word' id='word_1_446' title='bbox 1892 4443 2029 4498; x_wconf 83' lang='lat' dir='ltr'><strong>Tuscani</strong></span> <span class='ocrx_word' id='word_1_447' title='bbox 2052 4471 2098 4480; x_wconf 92' lang='lat'><em>-</em></span> 
     </span>
    </p>

    <p class='ocr_par' dir='ltr' id='par_1_10' title="bbox 418 4524 2098 4620">
     <span class='ocr_line' id='line_1_39' title="bbox 418 4524 2098 4620; baseline 0.008 -31"><span class='ocrx_word' id='word_1_448' title='bbox 418 4535 529 4590; x_wconf 91' lang='lat' dir='ltr'><strong>nostro</strong></span> <span class='ocrx_word' id='word_1_449' title='bbox 558 4525 718 4611; x_wconf 89' lang='lat' dir='ltr'><strong>imperiali</strong></span> <span class='ocrx_word' id='word_1_450' title='bbox 746 4536 901 4612; x_wconf 88' lang='lat' dir='ltr'><strong>precepto</strong></span> <span class='ocrx_word' id='word_1_451' title='bbox 932 4548 1007 4591; x_wconf 90' lang='lat' dir='ltr'><strong>cum</strong></span> <span class='ocrx_word' id='word_1_452' title='bbox 1036 4524 1185 4591; x_wconf 91' lang='lat' dir='ltr'><strong>omnibus</strong></span> <span class='ocrx_word' id='word_1_453' title='bbox 1213 4526 1310 4592; x_wconf 88' lang='lat' dir='ltr'><strong>rebus</strong></span> <span class='ocrx_word' id='word_1_454' title='bbox 1341 4526 1517 4591; x_wconf 91' lang='lat' dir='ltr'><strong>mobilibus</strong></span> <span class='ocrx_word' id='word_1_455' title='bbox 1548 4536 1579 4592; x_wconf 92' lang='lat' dir='ltr'><strong>et</strong></span> <span class='ocrx_word' id='word_1_456' title='bbox 1608 4525 1817 4592; x_wconf 89' lang='lat' dir='ltr'><strong>inmobilibus</strong></span> <span class='ocrx_word' id='word_1_457' title='bbox 1849 4532 1948 4596; x_wconf 88' lang='lat' dir='ltr'><strong>casis</strong></span> <span class='ocrx_word' id='word_1_458' title='bbox 1984 4538 2098 4620; x_wconf 85' lang='lat' dir='ltr'><strong>pratis</strong></span> 
     </span>
    </p>

    <p class='ocr_par' dir='ltr' id='par_1_11' title="bbox 417 4628 2263 4937">
     <span class='ocr_line' id='line_1_40' title="bbox 417 4628 2263 4724; baseline 0.008 -32"><span class='ocrx_word' id='word_1_459' title='bbox 417 4631 521 4694; x_wconf 92' lang='lat' dir='ltr'><strong>vineis</strong></span> <span class='ocrx_word' id='word_1_460' title='bbox 544 4630 678 4714; x_wconf 91' lang='lat' dir='ltr'><strong>pascuis</strong></span> <span class='ocrx_word' id='word_1_461' title='bbox 701 4630 894 4695; x_wconf 87' lang='lat' dir='ltr'><strong>molendinis</strong></span> <span class='ocrx_word' id='word_1_462' title='bbox 918 4628 1041 4694; x_wconf 83' lang='lat' dir='ltr'><strong>servisi</strong></span> <span class='ocrx_word' id='word_1_463' title='bbox 1070 4631 1307 4716; x_wconf 89' lang='lat' dir='ltr'><strong>piscationibus</strong></span> <span class='ocrx_word' id='word_1_464' title='bbox 1335 4633 1428 4718; x_wconf 89' lang='lat' dir='ltr'><strong>aquis</strong></span> <span class='ocrx_word' id='word_1_465' title='bbox 1452 4653 1674 4716; x_wconf 82' lang='lat' dir='ltr'><strong>aquarumque</strong></span> <span class='ocrx_word' id='word_1_466' title='bbox 1698 4629 1894 4696; x_wconf 88' lang='lat' dir='ltr'><strong>decursibus</strong></span> <span class='ocrx_word' id='word_1_467' title='bbox 1922 4657 1991 4702; x_wconf 88' lang='lat' dir='ltr'><strong>seu</strong></span> <span class='ocrx_word' id='word_1_468' title='bbox 2018 4662 2100 4705; x_wconf 89' lang='lat' dir='ltr'><strong>cum</strong></span> <span class='ocrx_word' id='word_1_469' title='bbox 2262 4709 2263 4724; x_wconf 61' lang='lat'><strong>,</strong></span> 
     </span>
     <span class='ocr_line' id='line_1_41' title="bbox 417 4732 2263 4850; baseline 0.009 -54"><span class='ocrx_word' id='word_1_470' title='bbox 417 4732 567 4796; x_wconf 91' lang='lat' dir='ltr'><strong>omnibus</strong></span> <span class='ocrx_word' id='word_1_471' title='bbox 591 4733 793 4818; x_wconf 89' lang='lat' dir='ltr'><strong>pertinentiis</strong></span> <span class='ocrx_word' id='word_1_472' title='bbox 817 4755 878 4818; x_wconf 92' lang='lat' dir='ltr'><strong>que</strong></span> <span class='ocrx_word' id='word_1_473' title='bbox 902 4732 966 4797; x_wconf 92' lang='lat' dir='ltr'><strong>dici</strong></span> <span class='ocrx_word' id='word_1_474' title='bbox 989 4735 1192 4799; x_wconf 77' lang='lat' dir='ltr'><strong>nominative</strong></span> <span class='ocrx_word' id='word_1_475' title='bbox 1217 4744 1367 4820; x_wconf 89' lang='lat' dir='ltr'><strong>possunt,</strong></span> <span class='ocrx_word' id='word_1_476' title='bbox 1402 4745 1499 4819; x_wconf 90' lang='lat' dir='ltr'><strong>prout</strong></span> <span class='ocrx_word' id='word_1_477' title='bbox 1527 4737 1611 4799; x_wconf 88' lang='lat' dir='ltr'><strong>iuste</strong></span> <span class='ocrx_word' id='word_1_478' title='bbox 1638 4745 1670 4800; x_wconf 88' lang='lat' dir='ltr'><strong>et</strong></span> <span class='ocrx_word' id='word_1_479' title='bbox 1696 4734 1848 4818; x_wconf 86' lang='lat' dir='ltr'><strong>legaliter</strong></span> <span class='ocrx_word' id='word_1_480' title='bbox 1885 4760 2099 4830; x_wconf 89' lang='lat' dir='ltr'><strong>possumus,</strong></span> <span class='ocrx_word' id='word_1_481' title='bbox 2120 4763 2152 4809; x_wconf 79' lang='lat' dir='ltr'><strong>to</strong></span> <span class='ocrx_word' id='word_1_482' title='bbox 2261 4741 2263 4850; x_wconf 95' lang='grc'><strong>1</strong></span> 
     </span>
     <span class='ocr_line' id='line_1_42' title="bbox 417 4837 2102 4937; baseline 0.007 -38"><span class='ocrx_word' id='word_1_483' title='bbox 417 4845 589 4920; x_wconf 87' lang='lat' dir='ltr'><strong>pretaxato</strong></span> <span class='ocrx_word' id='word_1_484' title='bbox 615 4846 727 4900; x_wconf 90' lang='lat' dir='ltr'><strong>sancte</strong></span> <span class='ocrx_word' id='word_1_485' title='bbox 750 4837 920 4902; x_wconf 87' lang='lat' dir='ltr'><strong>Trinitatis</strong></span> <span class='ocrx_word' id='word_1_486' title='bbox 944 4837 1082 4901; x_wconf 89' lang='lat' dir='ltr'><strong>cenobio</strong></span> <span class='ocrx_word' id='word_1_487' title='bbox 1106 4838 1335 4903; x_wconf 87' lang='lat' dir='ltr'><strong>confirmamus</strong></span> <span class='ocrx_word' id='word_1_488' title='bbox 1358 4840 1625 4922; x_wconf 87' lang='lat' dir='ltr'><strong>corroboramus,</strong></span> <span class='ocrx_word' id='word_1_489' title='bbox 1657 4862 1694 4904; x_wconf 89' lang='lat' dir='ltr'><strong>eo</strong></span> <span class='ocrx_word' id='word_1_490' title='bbox 1720 4839 1845 4906; x_wconf 87' lang='lat' dir='ltr'><strong>scilicet</strong></span> <span class='ocrx_word' id='word_1_491' title='bbox 1869 4854 1987 4927; x_wconf 90' lang='lat' dir='ltr'><strong>pacto</strong></span> <span class='ocrx_word' id='word_1_492' title='bbox 2016 4873 2102 4937; x_wconf 75' lang='lat' dir='ltr'><strong>qua-</strong></span> 
     </span>
    </p>

    <p class='ocr_par' dir='ltr' id='par_1_12' title="bbox 415 4937 2104 5132">
     <span class='ocr_line' id='line_1_43' title="bbox 415 4937 2104 5042; baseline 0.008 -42"><span class='ocrx_word' id='word_1_493' title='bbox 415 4947 510 5001; x_wconf 89' lang='lat' dir='ltr'><strong>tenus</strong></span> <span class='ocrx_word' id='word_1_494' title='bbox 538 4937 646 5003; x_wconf 90' lang='lat' dir='ltr'><strong>nullus</strong></span> <span class='ocrx_word' id='word_1_495' title='bbox 675 4938 742 5002; x_wconf 84' lang='lat' dir='ltr'><strong>dux</strong></span> <span class='ocrx_word' id='word_1_496' title='bbox 770 4939 914 5004; x_wconf 89' lang='lat' dir='ltr'><strong>marchio</strong></span> <span class='ocrx_word' id='word_1_497' title='bbox 944 4962 1055 5005; x_wconf 90' lang='lat' dir='ltr'><strong>comes</strong></span> <span class='ocrx_word' id='word_1_498' title='bbox 1086 4943 1259 5026; x_wconf 91' lang='lat' dir='ltr'><strong>episcopus</strong></span> <span class='ocrx_word' id='word_1_499' title='bbox 1286 4944 1469 5007; x_wconf 87' lang='lat' dir='ltr'><strong>vicecomes</strong></span> <span class='ocrx_word' id='word_1_500' title='bbox 1500 4943 1660 5010; x_wconf 87' lang='lat' dir='ltr'><strong>castaldio</strong></span> <span class='ocrx_word' id='word_1_501' title='bbox 1685 4943 1851 5009; x_wconf 88' lang='lat' dir='ltr'><strong>sculdasio</strong></span> <span class='ocrx_word' id='word_1_502' title='bbox 1877 4948 1939 5012; x_wconf 90' lang='lat' dir='ltr'><strong>vel</strong></span> <span class='ocrx_word' id='word_1_503' title='bbox 1968 4951 2104 5042; x_wconf 77' lang='lat' dir='ltr'><strong>aliquis</strong></span> 
     </span>
     <span class='ocr_line' id='line_1_44' title="bbox 416 5041 2103 5132; baseline 0.013 -28"><span class='ocrx_word' id='word_1_504' title='bbox 416 5041 546 5126; x_wconf 92' lang='lat' dir='ltr'><strong>publice</strong></span> <span class='ocrx_word' id='word_1_505' title='bbox 568 5045 614 5107; x_wconf 91' lang='lat' dir='ltr'><strong>rei</strong></span> <span class='ocrx_word' id='word_1_506' title='bbox 639 5052 775 5107; x_wconf 86' lang='lat' dir='ltr'><strong>exactor</strong></span> <span class='ocrx_word' id='word_1_507' title='bbox 798 5065 859 5106; x_wconf 89' lang='lat' dir='ltr'><strong>nec</strong></span> <span class='ocrx_word' id='word_1_508' title='bbox 882 5065 946 5107; x_wconf 93' lang='lat' dir='ltr'><strong>non</strong></span> <span class='ocrx_word' id='word_1_509' title='bbox 970 5065 1090 5128; x_wconf 89' lang='lat' dir='ltr'><strong>magua</strong></span> <span class='ocrx_word' id='word_1_510' title='bbox 1115 5067 1279 5130; x_wconf 90' lang='lat' dir='ltr'><strong>parvaque</strong></span> <span class='ocrx_word' id='word_1_511' title='bbox 1301 5068 1443 5130; x_wconf 88' lang='lat' dir='ltr'><strong>persona</strong></span> <span class='ocrx_word' id='word_1_512' title='bbox 1466 5046 1506 5110; x_wconf 90' lang='lat' dir='ltr'><strong>de</strong></span> <span class='ocrx_word' id='word_1_513' title='bbox 1530 5048 1596 5110; x_wconf 90' lang='lat' dir='ltr'><strong>iam</strong></span> <span class='ocrx_word' id='word_1_514' title='bbox 1619 5046 1715 5110; x_wconf 91' lang='lat' dir='ltr'><strong>dictis</strong></span> <span class='ocrx_word' id='word_1_515' title='bbox 1738 5045 1836 5110; x_wconf 85' lang='lat' dir='ltr'><strong>rebus</strong></span> <span class='ocrx_word' id='word_1_516' title='bbox 1863 5060 2103 5132; x_wconf 86' lang='lat' dir='ltr'><strong>prenomine-</strong></span> 
     </span>
    </p>

    <p class='ocr_par' dir='ltr' id='par_1_13' title="bbox 415 5143 2157 5337">
     <span class='ocr_line' id='line_1_45' title="bbox 415 5143 2103 5249; baseline 0.011 -41"><span class='ocrx_word' id='word_1_517' title='bbox 415 5155 483 5209; x_wconf 89' lang='lat' dir='ltr'><strong>tum</strong></span> <span class='ocrx_word' id='word_1_518' title='bbox 511 5143 664 5210; x_wconf 89' lang='lat' dir='ltr'><strong>abbatem</strong></span> <span class='ocrx_word' id='word_1_519' title='bbox 700 5167 840 5231; x_wconf 90' lang='lat' dir='ltr'><strong>suosque</strong></span> <span class='ocrx_word' id='word_1_520' title='bbox 875 5168 1081 5212; x_wconf 86' lang='lat' dir='ltr'><strong>successores</strong></span> <span class='ocrx_word' id='word_1_521' title='bbox 1115 5150 1295 5233; x_wconf 89' lang='lat' dir='ltr'><strong>inquietare</strong></span> <span class='ocrx_word' id='word_1_522' title='bbox 1324 5149 1469 5234; x_wconf 90' lang='lat' dir='ltr'><strong>quolibet</strong></span> <span class='ocrx_word' id='word_1_523' title='bbox 1498 5149 1595 5214; x_wconf 89' lang='lat' dir='ltr'><strong>modo</strong></span> <span class='ocrx_word' id='word_1_524' title='bbox 1624 5150 1677 5214; x_wconf 91' lang='lat' dir='ltr'><strong>vel</strong></span> <span class='ocrx_word' id='word_1_525' title='bbox 1711 5163 1980 5222; x_wconf 86' lang='lat' dir='ltr'><strong>sacrosanctum</strong></span> <span class='ocrx_word' id='word_1_526' title='bbox 2015 5185 2103 5249; x_wconf 89' lang='lat' dir='ltr'><strong>sepe</strong></span> 
     </span>
     <span class='ocr_line' id='line_1_46' title="bbox 415 5247 2157 5337; baseline 0.01 -26"><span class='ocrx_word' id='word_1_527' title='bbox 415 5249 617 5312; x_wconf 92' lang='lat' dir='ltr'><strong>nominatum</strong></span> <span class='ocrx_word' id='word_1_528' title='bbox 639 5248 747 5313; x_wconf 91' lang='lat' dir='ltr'><strong>locum</strong></span> <span class='ocrx_word' id='word_1_529' title='bbox 770 5247 940 5314; x_wconf 90' lang='lat' dir='ltr'><strong>disvestire</strong></span> <span class='ocrx_word' id='word_1_530' title='bbox 965 5250 1151 5336; x_wconf 86' lang='lat' dir='ltr'><strong>aliquando</strong></span> <span class='ocrx_word' id='word_1_531' title='bbox 1165 5261 1316 5333; x_wconf 88' lang='lat' dir='ltr'><strong>conetur,</strong></span> <span class='ocrx_word' id='word_1_532' title='bbox 1341 5252 1399 5317; x_wconf 89' lang='lat' dir='ltr'><strong>sed</strong></span> <span class='ocrx_word' id='word_1_533' title='bbox 1422 5254 1530 5337; x_wconf 91' lang='lat' dir='ltr'><strong>potius</strong></span> <span class='ocrx_word' id='word_1_534' title='bbox 1553 5249 1768 5316; x_wconf 79' lang='lat' dir='ltr'><strong>venerandok</strong></span> <span class='ocrx_word' id='word_1_535' title='bbox 1790 5256 1881 5318; x_wconf 85' lang='lat' dir='ltr'><strong>cetui</strong></span> <span class='ocrx_word' id='word_1_536' title='bbox 1909 5258 2006 5327; x_wconf 88' lang='lat' dir='ltr'><strong>inibi</strong></span> <span class='ocrx_word' id='word_1_537' title='bbox 2034 5267 2103 5333; x_wconf 84' lang='lat' dir='ltr'><strong>deo</strong></span> <span class='ocrx_word' id='word_1_538' title='bbox 2124 5283 2157 5330; x_wconf 78' lang='lat'><strong>45</strong></span> 
     </span>
    </p>
   </div>
   <div class='ocr_carea' id='block_1_6' title="bbox 500 5435 2154 5783">
    <p class='ocr_par' dir='ltr' id='par_1_14' title="bbox 500 5435 2154 5783">
     <span class='ocr_line' id='line_1_47' title="bbox 500 5435 2103 5510; baseline 0.011 -22"><span class='ocrx_word' id='word_1_539' title='bbox 500 5435 559 5489; x_wconf 80' lang='lat' dir='ltr'><strong>tit.</strong></span> <span class='ocrx_word' id='word_1_540' title='bbox 588 5437 681 5504; x_wconf 71' lang='lat' dir='ltr'><strong>[b&#39;oltz]</strong></span> <span class='ocrx_word' id='word_1_541' title='bbox 787 5441 812 5500; x_wconf 87' lang='lat' dir='ltr'><strong>a)</strong></span> <span class='ocrx_word' id='word_1_542' title='bbox 832 5439 959 5490; x_wconf 86' lang='lat' dir='ltr'><strong>adisseA</strong></span> <span class='ocrx_word' id='word_1_543' title='bbox 1065 5442 1092 5502; x_wconf 84' lang='lat' dir='ltr'><strong>b)</strong></span> <span class='ocrx_word' id='word_1_544' title='bbox 1112 5441 1270 5491; x_wconf 83' lang='lat' dir='ltr'><strong>LodoicoA</strong></span> <span class='ocrx_word' id='word_1_545' title='bbox 1376 5441 1400 5505; x_wconf 89' lang='lat' dir='ltr'><strong>c)</strong></span> <span class='ocrx_word' id='word_1_546' title='bbox 1417 5439 1555 5507; x_wconf 67' lang='lat' dir='ltr'><strong>superori</strong></span> <span class='ocrx_word' id='word_1_547' title='bbox 1660 5442 1687 5502; x_wconf 91' lang='lat' dir='ltr'><strong>d)</strong></span> <span class='ocrx_word' id='word_1_548' title='bbox 1706 5457 1771 5491; x_wconf 81' lang='lat' dir='ltr'><strong>corr.</strong></span> <span class='ocrx_word' id='word_1_549' title='bbox 1792 5457 1841 5491; x_wconf 75' lang='lat' dir='ltr'><strong>aaa</strong></span> <span class='ocrx_word' id='word_1_550' title='bbox 1861 5442 2056 5510; x_wconf 87' lang='lat' dir='ltr'><strong>Spoletinum</strong></span> <span class='ocrx_word' id='word_1_551' title='bbox 2078 5457 2103 5509; x_wconf 74' lang='lat' dir='ltr'><em>A</em></span> 
     </span>
     <span class='ocr_line' id='line_1_48' title="bbox 587 5507 2103 5586; baseline 0.004 -28"><span class='ocrx_word' id='word_1_552' title='bbox 587 5509 611 5568; x_wconf 81' lang='lat' dir='ltr'><strong>e]</strong></span> <span class='ocrx_word' id='word_1_553' title='bbox 631 5523 696 5558; x_wconf 79' lang='lat' dir='ltr'><strong>corr.</strong></span> <span class='ocrx_word' id='word_1_554' title='bbox 720 5524 767 5557; x_wconf 77' lang='lat' dir='ltr'><strong>aaa</strong></span> <span class='ocrx_word' id='word_1_555' title='bbox 785 5509 900 5570; x_wconf 83' lang='lat' dir='ltr'><strong>Corvini,</strong></span> <span class='ocrx_word' id='word_1_556' title='bbox 926 5507 959 5571; x_wconf 85' lang='lat' dir='ltr'><strong>cs.</strong></span> <span class='ocrx_word' id='word_1_557' title='bbox 976 5511 1103 5575; x_wconf 86' lang='lat' dir='ltr'><strong>gualdum</strong></span> <span class='ocrx_word' id='word_1_558' title='bbox 1122 5509 1218 5560; x_wconf 85' lang='lat' dir='ltr'><strong>Coruie</strong></span> <span class='ocrx_word' id='word_1_559' title='bbox 1241 5512 1278 5560; x_wconf 77' lang='lat' dir='ltr'><strong>im</strong></span> <span class='ocrx_word' id='word_1_560' title='bbox 1295 5510 1331 5560; x_wconf 90' lang='lat' dir='ltr'><strong>D.</strong></span> <span class='ocrx_word' id='word_1_561' title='bbox 1347 5509 1516 5560; x_wconf 81' lang='lat' dir='ltr'><strong>Oarlomaam</strong></span> <span class='ocrx_word' id='word_1_562' title='bbox 1534 5509 1621 5562; x_wconf 76' lang='grc' dir='ltr'><em>ΒΗΚ.</em></span> <span class='ocrx_word' id='word_1_563' title='bbox 1642 5513 1698 5560; x_wconf 81' lang='grc'><strong>859</strong></span> <span class='ocrx_word' id='word_1_564' title='bbox 1802 5509 1826 5570; x_wconf 78' lang='lat' dir='ltr'><strong>i)</strong></span> <span class='ocrx_word' id='word_1_565' title='bbox 1849 5513 1920 5564; x_wconf 82' lang='lat' dir='ltr'><strong>oder</strong></span> <span class='ocrx_word' id='word_1_566' title='bbox 1941 5519 2103 5586; x_wconf 62' lang='lat' dir='ltr'><strong>Opaculov</strong></span> 
     </span>
     <span class='ocr_line' id='line_1_49' title="bbox 585 5575 2102 5645; baseline 0.014 -20"><span class='ocrx_word' id='word_1_567' title='bbox 585 5579 612 5640; x_wconf 80' lang='lat' dir='ltr'><strong>g)</strong></span> <span class='ocrx_word' id='word_1_568' title='bbox 630 5575 733 5627; x_wconf 80' lang='lat' dir='ltr'><strong>tiliisA</strong></span> <span class='ocrx_word' id='word_1_569' title='bbox 837 5578 864 5636; x_wconf 86' lang='lat' dir='ltr'><strong>h)</strong></span> <span class='ocrx_word' id='word_1_570' title='bbox 884 5577 915 5638; x_wconf 84' lang='lat' dir='ltr'><strong>cs.</strong></span> <span class='ocrx_word' id='word_1_571' title='bbox 935 5581 963 5628; x_wconf 90' lang='lat' dir='ltr'><strong>in</strong></span> <span class='ocrx_word' id='word_1_572' title='bbox 982 5580 1063 5630; x_wconf 84' lang='lat' dir='ltr'><strong>fundo</strong></span> <span class='ocrx_word' id='word_1_573' title='bbox 1084 5580 1226 5640; x_wconf 85' lang='lat' dir='ltr'><strong>Cassiano,</strong></span> <span class='ocrx_word' id='word_1_574' title='bbox 1255 5585 1281 5630; x_wconf 90' lang='lat' dir='ltr'><strong>et</strong></span> <span class='ocrx_word' id='word_1_575' title='bbox 1304 5585 1404 5630; x_wconf 87' lang='lat' dir='ltr'><strong>curtem</strong></span> <span class='ocrx_word' id='word_1_576' title='bbox 1428 5583 1455 5630; x_wconf 90' lang='lat' dir='ltr'><strong>in</strong></span> <span class='ocrx_word' id='word_1_577' title='bbox 1474 5580 1649 5631; x_wconf 83' lang='lat' dir='ltr'><strong>Orta...res</strong></span> <span class='ocrx_word' id='word_1_578' title='bbox 1671 5583 1699 5629; x_wconf 90' lang='lat' dir='ltr'><strong>in</strong></span> <span class='ocrx_word' id='word_1_579' title='bbox 1725 5579 1822 5630; x_wconf 82' lang='lat' dir='ltr'><strong>finibus</strong></span> <span class='ocrx_word' id='word_1_580' title='bbox 1845 5582 2042 5642; x_wconf 85' lang='lat' dir='ltr'><strong>Pistoriensis</strong></span> <span class='ocrx_word' id='word_1_581' title='bbox 2071 5597 2102 5645; x_wconf 80' lang='lat' dir='ltr'><strong>ia</strong></span> 
     </span>
     <span class='ocr_line' id='line_1_50' title="bbox 586 5645 2103 5724; baseline 0.005 -28"><span class='ocrx_word' id='word_1_582' title='bbox 586 5645 755 5696; x_wconf 68' lang='lat' dir='ltr'><strong>Maelianae</strong></span> <span class='ocrx_word' id='word_1_583' title='bbox 772 5645 832 5698; x_wconf 81' lang='lat' dir='ltr'><strong>RK.</strong></span> <span class='ocrx_word' id='word_1_584' title='bbox 851 5649 921 5697; x_wconf 81' lang='lat'><em>1230</em></span> <span class='ocrx_word' id='word_1_585' title='bbox 1024 5649 1043 5711; x_wconf 91' lang='lat' dir='ltr'><strong>i)</strong></span> <span class='ocrx_word' id='word_1_586' title='bbox 1060 5650 1107 5697; x_wconf 79' lang='lat' dir='ltr'><strong>mit</strong></span> <span class='ocrx_word' id='word_1_587' title='bbox 1124 5647 1233 5698; x_wconf 75' lang='lat' dir='ltr'><strong>Zeicbeu</strong></span> <span class='ocrx_word' id='word_1_588' title='bbox 1250 5647 1370 5699; x_wconf 71' lang='lat' dir='ltr'><strong>caralita</strong></span> <span class='ocrx_word' id='word_1_589' title='bbox 1392 5647 1487 5699; x_wconf 81' lang='lat' dir='ltr'><strong>weitbe</strong></span> <span class='ocrx_word' id='word_1_590' title='bbox 1509 5649 1636 5700; x_wconf 75' lang='lat' dir='ltr'><strong>mtaeie·</strong></span> <span class='ocrx_word' id='word_1_591' title='bbox 1660 5647 1843 5714; x_wconf 63' lang='lat' dir='ltr'><strong>ammonae</strong></span> <span class='ocrx_word' id='word_1_592' title='bbox 1870 5651 2007 5724; x_wconf 70' lang='lat' dir='ltr'><strong>Stellany</strong></span> <span class='ocrx_word' id='word_1_593' title='bbox 2031 5663 2103 5714; x_wconf 49' lang='lat' dir='ltr'><strong>ode,-</strong></span> 
     </span>
     <span class='ocr_line' id='line_1_51' title="bbox 586 5715 2154 5783; baseline 0.004 -20"><span class='ocrx_word' id='word_1_594' title='bbox 586 5715 652 5764; x_wconf 79' lang='lat' dir='ltr'><strong>autb</strong></span> <span class='ocrx_word' id='word_1_595' title='bbox 673 5715 781 5780; x_wconf 72' lang='lat' dir='ltr'><strong>Titqitiq</strong></span> <span class='ocrx_word' id='word_1_596' title='bbox 799 5716 844 5767; x_wconf 76' lang='lat' dir='ltr'><strong>dee</strong></span> <span class='ocrx_word' id='word_1_597' title='bbox 862 5715 958 5767; x_wconf 77' lang='lat' dir='ltr'><strong>Wortee</strong></span> <span class='ocrx_word' id='word_1_598' title='bbox 976 5719 1096 5783; x_wconf 69' lang='lat' dir='ltr'><strong>amiota</strong></span> <span class='ocrx_word' id='word_1_599' title='bbox 1113 5715 1193 5767; x_wconf 78' lang='lat' dir='ltr'><strong>tollen</strong></span> <span class='ocrx_word' id='word_1_600' title='bbox 1297 5717 1324 5781; x_wconf 77' lang='lat' dir='ltr'><strong>li)</strong></span> <span class='ocrx_word' id='word_1_601' title='bbox 1344 5718 1495 5768; x_wconf 86' lang='lat' dir='ltr'><strong>veneranda</strong></span> <span class='ocrx_word' id='word_1_602' title='bbox 1512 5717 1543 5768; x_wconf 84' lang='grc' dir='ltr'><strong>Α.</strong></span> <span class='ocrx_word' id='word_1_603' title='bbox 2119 5734 2154 5783; x_wconf 75' lang='lat'><strong>⁶0</strong></span> 
     </span>
    </p>
   </div>
   <div class='ocr_carea' id='block_1_7' title="bbox 0 0 2270 6434">
    <p class='ocr_par' dir='ltr' id='par_1_15' title="bbox 0 0 2270 6434">
     <span class='ocr_line' id='line_1_52' title="bbox 0 0 2270 6434; baseline 0 7"><span class='ocrx_word' id='word_1_604' title='bbox 0 0 2270 6434; x_wconf 95' lang='lat' dir='ltr'><strong> </strong></span> 
     </span>
    </p>
   </div>
   <div class='ocr_carea' id='block_1_8' title="bbox 2261 5845 2267 6406">
    <p class='ocr_par' dir='ltr' id='par_1_16' title="bbox 2261 5845 2267 6406">
     <span class='ocr_line' id='line_1_53' title="bbox 2261 5845 2267 6406; baseline 0 0"><span class='ocrx_word' id='word_1_605' title='bbox 2261 5845 2267 6406; x_wconf 95' lang='lat' dir='ltr'><strong> </strong></span> 
     </span>
    </p>
   </div>
  </div>
 </body>
</html>
