4546 6420
453 425 516 490 622
1046 428 1500 486 KAISERURKUNDEN.

453 617 515 679 crit
536 613 662 678 cunctis
679 593 797 676 Christi
821 609 1019 696 pauperibus
1035 609 1229 694 beneficium
1251 608 1317 675 illic
1335 631 1464 694 semper
1485 608 1544 673 fiat
1566 609 1828 694 receptaculum3
1855 606 1909 670 ad
1932 604 2008 669 hoc
2031 605 2142 668 eciam

453 727 496 782 ut,
514 717 631 780 fratres
655 714 783 781 cenobii
811 717 915 800 ipsius
942 736 1029 779 nunc
1059 714 1138 779 inibi
1162 716 1351 798 congregati
1381 722 1413 778 et
1442 711 1549 778 adhbc
1577 713 1610 777 in
1634 711 1763 778 Christo
1796 705 2077 795 congregandi,
2109 717 2144 770 ut

451 820 586 884 liberius
615 819 746 884 domino
775 817 838 883 deo
869 818 902 882 in
932 826 1045 882 sancte
1075 815 1287 902 professionis
1317 817 1490 880 securitate
1514 816 1634 880 servire
1664 817 1807 900 possint,
1840 807 2061 878 huiusmodi
2085 831 2144 874 eos

452 923 601 988 libertate
624 923 759 988 donavit
780 930 831 1002 ut,
865 920 1126 1006 quandocunque
1148 922 1232 1004 patri
1257 941 1315 988 suo
1346 917 1507 1002 spirituali
1536 915 1669 982 urbatid
1696 917 1840 1000 fuerint,
1877 917 1951 1002 ipsi
1986 912 2146 978 habeant

451 1026 587 1093 liberam
610 1035 805 1111 potestatem
836 1024 1014 1090 secundum
1044 1022 1189 1106 regulam
1220 1023 1324 1086 sancti
1352 1020 1523 1086 Benedicti
1556 1022 1642 1087 inter
1671 1044 1704 1085 se
1728 1022 1781 1087 vel
1811 1019 2085 1102 undecunque,
2116 1019 2174 1081 sis

453 1152 535 1215 opus
560 1131 667 1212 fuerit,
691 1128 844 1194 abbatem
868 1129 929 1193 sibi
957 1127 1099 1211 eligendi
1129 1124 1210 1190 sed⁶
1233 1127 1337 1190 eciam
1366 1123 1599 1207 constituendi3
1630 1147 1724 1210 quem
1740 1123 1835 1190 dum
1872 1123 2013 1187 fratres
2045 1142 2143 1205 regu·

451 1235 562 1300 lariter
590 1234 729 1318 eligant,
760 1233 876 1298 dehinc
906 1243 943 1298 ut
970 1232 1054 1298 solet
1081 1221 1299 1295 constituendi
1328 1250 1402 1292 enm
1430 1229 1463 1291 in
1493 1228 1592 1293 choro
1621 1229 1814 1294 monasterii
1848 1228 2083 1291 conveniant
2112 1237 2145 1290 et

451 1360 517 1403 una
540 1336 626 1426 clero
651 1345 750 1422 atque
772 1335 894 1421 populo
919 1333 1124 1422 presentibus
1147 1333 1324 1398 sanctuarii
1352 1333 1460 1418 ipsum
1488 1331 1667 1396 secundum
1692 1351 1820 1395 morem
1848 1327 2143 1393 ecclesiasticum

452 1450 484 1504 ct
499 1439 734 1504 monachorum
750 1438 1019 1504 consuetudinem
1035 1439 1095 1501 rite
1119 1435 1243 1522 absque
1267 1437 1411 1499 omniurn
1434 1431 1699 1498 contradiccione
1721 1454 1869 1518 prorsus
1897 1433 2141 1514 constituant3

450 1542 502 1606 hic
526 1541 663 1606 subinde
686 1545 843 1607 canonice
867 1539 971 1606 abbas
995 1539 1163 1606 ordinatus
1193 1541 1261 1603 sine
1284 1537 1422 1602 alicuius
1445 1559 1582 1622 persone
1606 1536 1790 1602 donacione
1817 1545 1857 1600 et
1889 1535 2142 1621 inpedimento
2162 1549 2190 1595 to

452 1656 639 1731 susceptum
660 1647 874 1711 ministerium
906 1666 965 1730 pro
997 1667 1096 1730 posse
1122 1653 1154 1707 et
1180 1644 1262 1707 scire
1287 1665 1344 1706 suo
1367 1642 1492 1727 inpleat
1515 1640 1639 1726 solique
1661 1641 1722 1720 deo
1747 1639 1955 1706 secundum
1982 1641 2143 1706 ordinem

453 1772 545 1813 strum
575 1748 659 1814 liber
681 1749 802 1813 serviat
829 1748 1031 1834 liberamque
1056 1748 1185 1812 omnino
1209 1769 1317 1811 rerum
1346 1745 1407 1810 sibi
1436 1747 1683 1810 commissarum
1712 1745 1745 1808 in
1770 1741 1922 1809 Christo
1951 1743 2143 1829 disponen-

451 1852 565 1916 darum
587 1852 675 1916 intus
698 1861 730 1915 et
752 1851 832 1916 foris
856 1861 1052 1936 potestatem
1075 1851 1214 1932 habeat3
1239 1852 1339 1936 quisi
1363 1851 1447 1915 forte
1470 1859 1578 1936 preter
1599 1852 1837 1914 necessitatem
1864 1853 2088 1916 monasterii
2112 1863 2145 1917 et

450 1977 655 2020 communem
677 1955 812 2020 fratrum
836 1955 1010 2019 utilitatem
1033 1954 1211 2039 sacrilegos
1225 1952 1247 2036 (¹,
1273 1954 1362 2040 quod
1379 1954 1481 2037 absit,
1510 1950 1713 2018 licenciosol
1736 1962 1772 2018 et
1796 1953 2026 2019 seculariter
2050 1955 2143 2020 abuti

450 2061 683 2145 presumpserit
704 2059 853 2122 institua
874 2056 1024 2122 libertate
1048 2058 1171 2122 familia
1193 2057 1291 2122 rebus
1313 2058 1450 2124 bonisve
1473 2058 1660 2139 sanctuarii,
1687 2066 1721 2120 et
1743 2055 1787 2121 ob
1813 2053 1856 2120 id
1882 2057 2046 2123 fratrum
2072 2080 2143 2143 pre·
2163 2071 2189 2116 ta

450 2164 667 2227 monicionem
691 2169 925 2244 contempnens
949 2159 1108 2225 adanam
1131 2182 1327 2245 suorumque
1350 2162 1512 2246 privatam
1535 2160 1748 2245 cupiditatem
1772 2169 1809 2225 et
1835 2159 1992 2227 libitum
2017 2171 2145 2227 temere

450 2264 674 2348 dissipaverit,
706 2262 758 2328 vel
787 2263 814 2326 si
836 2261 996 2328 beneficia
1020 2261 1161 2348 quibusf
1185 2265 1333 2349 personis
1355 2287 1421 2329 non
1444 2266 1637 2329 necessariis
1659 2266 1863 2330 monasterii
1891 2266 2015 2350 ipsius
2043 2269 2145 2331 servi·

448 2367 574 2432 toribus
602 2368 793 2451 prestiterit,
823 2375 880 2431 ant
909 2368 937 2430 si
966 2367 1130 2452 episcopis
1154 2377 1210 2432 aut
1233 2366 1482 2453 quibuscunque
1510 2369 1656 2453 personis
1684 2369 1936 2433 consentaniis
1971 2371 2145 2448 annuerit,

449 2472 474 2533 si
503 2471 587 2536 forte
617 2468 800 2534 libertatem
823 2472 1012 2534 monasterii
1040 2480 1224 2555 pervertere
1254 2470 1380 2556 sibique
1407 2470 1518 2534 locum
1541 2479 1688 2536 sanctum
1711 2468 1880 2534 subicere
1912 2474 2147 2558 temptaverit

449 2575 516 2637 sive
539 2572 671 2658 aliquod
694 2574 866 2637 servicium
889 2571 964 2636 inde
982 2572 1051 2638 fieri
1066 2574 1220 2657 exigerit:
1244 2596 1324 2638 mox
1338 2573 1456 2638 fratres
1472 2573 1517 2638 ibi
1534 2575 1568 2637 in
1584 2571 1713 2638 Christo
1730 2576 1956 2659 congregati
1973 2597 2060 2640 cum
2080 2578 2145 2642 suf·
2162 2588 2192 2635 ao

448 2677 553 2761 fragio
577 2675 655 2740 cleri
685 2675 792 2740 tocius
819 2674 942 2739 familie
966 2684 999 2740 et
1022 2679 1165 2741 omnium
1188 2676 1348 2741 bonorum
1373 2678 1433 2742 rite
1457 2675 1542 2741 hunc
1565 2685 1758 2741 accusatum
1788 2679 1968 2763 iusteque
2003 2703 2043 2745 se
2067 2702 2146 2745 con-

446 2781 568 2844 victum
597 2779 755 2862 dignitate
784 2778 929 2845 abiciant
958 2778 1121 2865 aliamque
1150 2781 1243 2845 iuxta
1278 2779 1459 2864 predictam
1490 2779 1673 2846 libertatem
1702 2790 1736 2844 et
1768 2782 1893 2845 sancti
1925 2780 2146 2848 Benedictis

448 2881 586 2947 electum
610 2881 733 2968 absque
757 2883 844 2947 omni
867 2882 1132 2947 contradiccione
1162 2884 1371 2949 substituant.
1415 2883 1508 2948 Idem
1531 2883 1681 2948 dominns
1704 2891 1736 2946 ct
1760 2881 1834 2947 hoc
1862 2887 2079 2970 constituit,
2111 2897 2149 2953 ut

446 2984 550 3049 abbas
566 2985 711 3070 predicte
727 2984 807 3049 celle
823 3007 897 3050 cum
913 2985 1051 3051 consilio
1069 2987 1205 3052 fratrum
1222 3008 1364 3070 suorum,
1389 2989 1416 3051 si
1437 3009 1518 3072 opus
1542 2987 1647 3068 fuerit,
1669 2985 1775 3052 libere
1800 2996 1939 3072 aptum
1968 3001 2009 3055 et
2029 2991 2147 3057 utilem

447 3086 643 3152 advocatum
666 3086 811 3152 eiusdem
834 3085 1069 3172 cognacionish
1098 3089 1151 3174 qui
1175 3088 1237 3154 sibi
1260 3089 1420 3174 placuerit
1442 3089 1557 3174 eligat,
1588 3090 1641 3174 qui
1669 3109 1737 3152 non
1769 3110 1838 3173 pro
1874 3101 2029 3158 terreno
2056 3115 2146 3160 corn-
2162 3105 2191 3151 ‘2⁵

445 3189 543 3254 modo
567 3189 625 3255 sed
648 3211 707 3275 pro
727 3199 839 3256 eterna
861 3189 1010 3255 mercede
1033 3190 1180 3255 solicitus
1203 3201 1236 3256 et
1259 3191 1423 3257 studiosus
1446 3191 1535 3256 bona
1557 3202 1590 3257 et
1607 3201 1804 3257 consuetam
1828 3199 2146 3284 constitutamque

445 3294 633 3374 monasterii
663 3291 845 3358 libertatem
872 3303 906 3357 et
932 3294 1096 3357 iusticiam
1124 3293 1298 3360 defendere
1319 3294 1474 3378 voluerit3
1505 3294 1557 3359 hic
1587 3294 1724 3378 denique
1750 3296 1905 3382 quando
1943 3299 2146 3367 neccesse³

445 3396 551 3478 fuerit,
576 3395 836 3481 quandocunque
859 3395 973 3461 abbati
995 3395 1166 3480 videbitur,
1196 3397 1353 3462 invitatus
1381 3397 1422 3462 ab
1453 3396 1509 3463 illo
1532 3399 1642 3462 veniat
1670 3407 1701 3462 et
1722 3397 1773 3462 ibi
1797 3398 1991 3484 placitum
2017 3406 2146 3470 iustum

443 3520 502 3584 pro
526 3499 636 3564 causis
665 3509 697 3562 ct
719 3499 989 3564 neccessitatibus
1012 3501 1200 3564 monasterii
1222 3502 1283 3565 rite
1306 3510 1459 3586 peragat,
1487 3499 1612 3566 nullum
1634 3508 1745 3564 autem
1770 3504 1972 3570 servitium
2005 3509 2064 3572 ius
2088 3517 2145 3573 ant

444 3600 637 3666 beneficium
660 3601 722 3666 sibi
744 3623 803 3686 pro
827 3602 890 3666 hoc
916 3601 1051 3666 concedi
1074 3613 1291 3688 recognoscat
1313 3606 1376 3668 nisi
1400 3603 1508 3669 divine
1530 3604 1760 3669 retribucionis
1784 3609 2001 3693 premium3
2034 3611 2143 3678 isdem
2161 3621 2190 3668 ³0

445 3705 529 3767 enim
559 3703 741 3770 advocatus
771 3704 834 3768 nisi
860 3703 981 3769 abbate
1003 3704 1132 3770 volente
1161 3716 1194 3772 et
1221 3707 1405 3772 advocante
1433 3707 1521 3772 bona
1550 3718 1583 3773 et
1611 3709 1685 3773 loca
1715 3713 1934 3776 monasterii
1971 3717 2051 3780 suis
2080 3716 2143 3781 fre·

444 3807 588 3892 queneiis
611 3809 801 3872 temerarius
825 3816 857 3872 et
881 3809 949 3872 sine
973 3830 1074 3873 causa
1095 3811 1226 3876 minime
1249 3811 1348 3876 adeat
1371 3811 1423 3876 vel
1447 3813 1589 3895 attingat
1610 3832 1671 3876 ncc
1693 3823 2006 3898 presumptuosus
2032 3820 2070 3883 in
2094 3821 2142 3885 eis

443 3910 599 3994 placitum
623 3909 793 3997 quodlibet
816 3909 867 3975 vel
890 3909 1046 3976 noctandi
1074 3911 1239 3977 licentiam
1267 3912 1387 3978 babeat
1409 3914 1461 3980 vel
1490 3913 1752 3979 subadvocatum
1776 3936 1847 3999 per
1874 3939 1916 3982 se
1945 3921 2083 4006 faciat;
2114 3927 2141 3989 si

442 4023 550 4078 antem
578 4036 645 4079 non
670 4023 706 4078 ut
735 4014 917 4078 advocatus
947 4013 1004 4079 sed
1033 4015 1142 4099 potius
1166 4015 1406 4101 calumpniator
1433 4026 1465 4081 et
1494 4014 1734 4103 pervasorum‘1
1764 4027 1992 4089 monasterii
2025 4026 2140 4110 fuerit,

443 4119 574 4182 omnino
597 4127 792 4203 potestatem
816 4117 920 4182 abbas
943 4117 1065 4182 habeat
1087 4141 1160 4184 cum
1184 4119 1320 4185 consilio
1343 4121 1480 4186 fratrum
1502 4121 1588 4187 hunc
1611 4121 1791 4206 reprobare
1820 4135 1858 4189 et
1883 4126 2008 4195 alium
2034 4133 2140 4198 unde
2157 4144 2187 4192 as

442 4242 569 4305 cunque
597 4220 756 4305 placuerit
784 4220 913 4305 eligere.
959 4217 1136 4286 Constituit
1164 4225 1267 4287 eciam
1291 4226 1345 4308 qui
1375 4246 1474 4310 supra
1503 4235 1535 4290 et
1562 4247 1623 4290 nos
1652 4227 1756 4310 ipsius
1787 4231 1984 4311 peticione
2012 4237 2139 4301 consti·

440 4325 561 4388 tuimus
577 4323 674 4408 quod,
699 4326 725 4388 si
745 4325 908 4409 quispiam
932 4337 1197 4410 quarumcunque
1213 4347 1427 4411 personarum
1444 4327 1520 4392 licet
1535 4349 1634 4420 unam
1648 4329 1791 4412 vineam,
1819 4353 1941 4400 unum
1961 4360 2138 4422 mansum,

440 4449 541 4490 unum
571 4425 791 4510 molendinum
823 4436 880 4491 aut
913 4426 1028 4490 saltem
1058 4449 1157 4492 unum
1188 4430 1386 4514 mancipium
1413 4429 1466 4496 vel
1495 4430 1560 4495 tale
1591 4429 1714 4515 aliquid
1742 4454 1764 4495 a
1796 4438 2024 4520 supradicta
2049 4442 2138 4508 cella

438 4532 558 4595 iniuste
586 4530 770 4612 abstulerit,
801 4527 857 4594 et‘l
886 4531 989 4598 nostri
1018 4539 1269 4617 nostrorumque
1298 4532 1389 4617 regia
1417 4543 1580 4618 potestate
1603 4545 1739 4599 coactus
1769 4539 1850 4601 auri
1878 4540 2069 4610 talentum
2093 4546 2137 4612 ad

438 4635 595 4699 errarium
618 4635 702 4716 regis
725 4632 907 4718 persolvat,
941 4633 1088 4718 primitus
1110 4632 1238 4700 reddito
1269 4635 1407 4700 ecclesie
1436 4636 1525 4722 quod
1554 4638 1736 4717 invaserat3
1769 4638 1800 4701 si
1834 4662 1930 4708 vero
1967 4648 2138 4733 quislibet
2155 4661 2184 4708 tc

437 4738 576 4820 illorum,
601 4735 687 4822 quod
711 4737 807 4819 absit,
832 4745 956 4801 curtem
979 4738 1030 4802 vel
1052 4737 1196 4823 aliquam
1215 4738 1328 4803 villam
1346 4739 1422 4805 inde
1440 4737 1618 4806 volienteri
1642 4737 1897 4810 abalienaverit
1926 4751 2007 4817 sive
2026 4756 2136 4821 mani-

437 4839 538 4903 festus
571 4841 702 4903 invasor
731 4839 892 4904 bonorum
925 4842 1027 4926 ipsius
1057 4840 1140 4905 celle
1162 4844 1337 4926 exstiterit,
1370 4854 1402 4908 et
1431 4845 1458 4908 si
1486 4843 1549 4908 hoc
1581 4853 1815 4910 testamentum
1847 4852 2077 4922 tradicionis
2103 4871 2136 4924 et

436 4941 595 5007 libertatis
626 4965 819 5030 quocunque
848 4946 978 5029 ingenio
1003 4967 1060 5009 seu
1083 4954 1274 5027 argumento
1298 4945 1408 5031 legum
1432 4946 1627 5012 secularium
1649 4955 1841 5032 pervertere
1867 4963 1910 5018 et
1935 4956 2134 5046 infringere

437 5050 692 5132 attemptaverit,
722 5057 852 5112 centnm
881 5046 983 5113 libras
1014 5050 1084 5113 auri
1111 5048 1154 5112 ad
1176 5051 1300 5132 regiam
1329 5047 1497 5134 persolvat
1530 5071 1695 5114 cameram
1726 5057 1758 5113 et
1790 5051 1930 5121 reddat
1966 5064 2132 5145 primitus

437 5149 573 5214 ecclesie
597 5149 775 5214 secundum
803 5149 910 5234 legem
932 5150 1021 5236 quod
1044 5151 1190 5216 ablatum
1219 5153 1325 5217 fuerat
1354 5163 1386 5216 et
1409 5153 1455 5216 sic
1477 5153 1614 5216 intentio
1637 5149 1721 5216 illins
1746 5156 1895 5221 omnino
1924 5161 2033 5230 irrita
2058 5167 2129 5233 fiat
2147 5175 2177 5222 4⁵

435 5253 592 5316 llinistris
623 5275 751 5339 quoque
779 5263 811 5317 et
843 5252 963 5318 familie
998 5257 1175 5320 sanctuarii
1211 5253 1348 5320 eandem
1382 5254 1591 5320 concedimus
1624 5254 1730 5340 legem
1764 5261 1983 5332 servitutem
2024 5292 2130 5356 quam

435 5363 541 5418 cetere
556 5357 589 5418 in
605 5377 705 5438 regno
722 5366 834 5420 nostro
850 5356 951 5421 libere
967 5356 1104 5422 abbacie
1120 5357 1251 5441 habent,
1275 5357 1334 5422 et¹‘
1356 5367 1448 5424 tanto
1464 5357 1627 5424 fideliores
1650 5357 1786 5445 prelatis
1813 5365 1892 5430 suis
1914 5390 1985 5453 per
2006 5377 2126 5440 omnia

436 5457 588 5521 serviant.
632 5457 679 5522 Ut
706 5468 816 5523 autem
844 5461 989 5545 predicte
1017 5460 1207 5527 tradicionis
1231 5472 1263 5527 et
1283 5461 1444 5528 libertatis
1467 5471 1571 5528 status
1600 5472 1632 5528 et
1654 5464 1764 5528 omnia
1789 5473 1934 5536 statuta
1959 5477 2123 5560 predicta

522 5623 578 5679 ⁴58.
606 5628 675 5688 dtn
763 5630 788 5696 c)
803 5630 898 5681 Aetati
916 5649 964 5682 seu
1051 5633 1184 5698 OAetatt
1202 5636 1403 5700 quibuscunque
1490 5635 1519 5700 gl
1537 5637 1703 5699 saeptam
1720 5636 1848 5700 regulam
1951 5645 1984 5710 h)
2004 5646 2042 5711 A,
2061 5649 2124 5702 οἱα.

605 5697 680 5748 leicbt
697 5715 748 5748 aar·
765 5699 940 5751 cumbricius
957 5706 1017 5751 ctutt
1035 5705 1254 5768 congregacionis
1342 5703 1361 5768 i)
1381 5703 1477 5754 Artutt
1495 5705 1625 5754 violenter
1711 5703 1740 5766 k)
1758 5703 1784 5754 A
1804 5711 1875 5758 sart
1895 5718 1938 5762 ut.
2141 5717 2171 5766 so
