4546 6420
999 395 1456 454 KAISERURKUNDEN.

513 582 615 644 (ilcicli
640 581 667 642 (i
689 583 754 642 rard
776 583 813 642 H
832 582 923 656 pelves
943 583 1017 642 noch
1039 582 1148 641 madae
1170 598 1228 640 arsa
1250 581 1431 655 omlieuemle
1453 579 1645 652 Machmfters
1670 579 1706 659 (s.
1728 581 1797 642 ΒΟ.
1814 579 1893 659 259)
1919 578 1987 650 aas
2008 580 2076 637 eine

509 688 705 760 qemciusame
729 685 827 761 Quallc
849 685 972 755 surdelt,
995 684 1058 756 aas
1075 685 1286 744 Processaiuen
1306 702 1363 744 ocu
1384 684 1534 759 capetulo
1558 688 1650 756 1500,
1680 687 1783 745 welche
1804 687 1921 745 liuteis
1944 702 2001 742 am
2021 701 2074 757 qe-

511 792 654 848 uauestca
676 789 769 860 coptu
792 789 851 846 het.
890 787 959 846 Far
977 787 1166 861 Heratellaap
1189 787 1240 846 des
1259 787 1361 846 Teates
1384 788 1491 847 senaa
1512 788 1663 861 ullenfalls
1685 789 1759 848 noch
1781 789 1830 846 dic
1846 787 2075 859 Oenfirrnutioa

514 891 580 951 Otto
595 900 652 951 111.
677 889 805 965 Stamps
815 892 888 965 Ray.
906 895 971 952 937
984 891 1202 964 hermucaoqeu
1216 892 1348 963 socrdem
1371 893 1442 951 aber
1463 893 1507 950 sic
1527 893 1668 951 solestia
1682 892 1805 950 scldeeht
1820 890 2010 962 aberliefert.
2027 921 2074 934 —

510 995 576 1054 Das
598 994 701 1054 Dictat
724 1011 807 1054 mass
830 996 870 1054 It.
895 995 933 1054 B.
956 996 1179 1068 sweachriebea
1207 995 1330 1066 wadan,
1360 994 1499 1054 redimiti
1527 994 1581 1054 dus
1604 994 1789 1056 Eselrutolrell
1811 1012 1868 1054 voa
1890 995 1933 1054 It.
1960 994 2001 1054 F.
2026 1004 2109 1052 aas

513 1098 800 1158 scemmenstete.

616 1316 657 1380 In
678 1318 808 1382 nomine
832 1325 944 1381 sancte
967 1326 1000 1381 et
1021 1316 1213 1384 individue*
1234 1319 1400 1384 trinitatis.
1436 1316 1515 1383 Otto
1536 1318 1646 1383 divina
1663 1319 1793 1383 favente
1812 1319 1991 1384 clementia
2010 1319 2072 1382 im-

410 1429 542 1506 perator
571 1429 739 1504 augustus.
842 1419 877 1485 Si
905 1419 1049 1485 fidelium
1077 1420 1289 1487 nostrorumb
1318 1419 1529 1507 petitionibus
1560 1445 1730 1488 assensum
1758 1423 1933 1508 prebemus
1965 1432 2072 1507 atque

409 1524 492 1590 locis
515 1523 633 1588 divinis
656 1522 797 1588 cultibus
819 1524 1015 1609 mancipatis
1038 1527 1198 1609 presentis
1227 1525 1397 1611 futuroque
1426 1527 1653 1611 prosperitatis
1685 1535 1870 1612 oportunae
1900 1525 2072 1592 beneficia

410 1627 580 1712 largimur,
611 1627 728 1691 eternis
753 1648 792 1691 ac
814 1627 1050 1712 temporalibus
1074 1626 1232 1713 premiisd
1261 1629 1336 1694 inde
1360 1628 1457 1693 ditari
1480 1631 1659 1694 certissime
1682 1630 1879 1695 credimus·
1895 1631 2070 1716 Quocirca
2092 1644 2126 1690 ro

412 1732 556 1796 omnium
579 1739 692 1794 sancte
715 1729 767 1794 dei
791 1729 927 1794 ecclesie
949 1730 1093 1796 fidelium
1117 1735 1367 1817 nostrorumque
1390 1734 1588 1817 presentium
1611 1732 1736 1797 scilicet
1754 1743 1786 1798 et
1804 1734 1991 1798 futurorum
2008 1755 2070 1798 no·

410 1834 494 1899 verit
516 1833 724 1914 universitas,
747 1831 995 1898 Deodoricum⁰
1018 1833 1237 1898 venerabilem
1261 1834 1438 1898 antistitem
1461 1845 1574 1900 sancte
1596 1835 1752 1900 Metensis
1775 1834 1914 1900 ecclesie
1937 1847 2069 1901 nostra·

411 1959 474 2024 que
496 1959 539 2000 ex
562 1933 742 2022 progenie‘
769 1945 874 2001 ortum
896 1945 1008 2002 nostre
1031 1935 1233 2002 celsitudinis
1256 1935 1485 2002 excellentiam
1514 1938 1716 2024 postulasse,
1749 1941 1902 2025 quatinus
1925 1962 1987 2026 pro
2013 1939 2069 2004 dei

410 2061 522 2106 amore
550 2042 719 2125 nostrique
745 2040 873 2124 imperii
904 2041 1008 2106 salute
1037 2050 1151 2106 sancte
1181 2039 1425 2126 Acquilegiensi
1454 2041 1592 2106 ecclesie
1621 2040 1798 2106 inhonore
1822 2051 1936 2107 sancte
1959 2041 2069 2106 Marie

411 2145 519 2211 dicate
542 2145 594 2210 cui
617 2166 746 2229 preesse
763 2143 891 2210 videtur
906 2144 1075 2210 Rodaldus
1098 2144 1235 2228 insignis
1259 2145 1455 2229 patriarcha,
1480 2167 1593 2209 omnes
1617 2146 2120 2230 suasresetproprietates15

412 2271 543 2336 quoquo
566 2248 664 2314 modo
687 2248 734 2313 illi
756 2249 866 2314 iustel
893 2251 1092 2334 pertinentes
1114 2259 1225 2313 nostre
1248 2248 1452 2313 auctoritatis
1481 2246 1631 2333 paginal
1659 2248 1852 2313 confirmare
1882 2270 1921 2313 ac
1954 2270 2067 2313 corro-

412 2353 531 2418 borare
560 2348 798 2436 dignaremur.i
835 2350 936 2417 Cuius
960 2352 1066 2437 dignis
1090 2352 1241 2437 precibus
1265 2353 1344 2417 moti
1367 2361 1465 2437 atque
1494 2352 1596 2438 ipsius
1619 2339 1764 2416 Rodaldi
1784 2353 1990 2426 sanctissimi,
2007 2375 2066 2437 pa-

411 2455 551 2523 triarche
580 2455 771 2520 fidelitatem
802 2455 1064 2539 considerantes,
1099 2457 1282 2520 interventu
1315 2477 1355 2519 ac
1384 2456 1539 2541 petitione
1574 2455 1719 2520 eiusdem
1746 2455 1925 2520 Deodorici
1960 2458 2067 2520 nostri

411 2558 611 2625 dilectissimi
633 2560 825 2645 propinqui,
849 2568 946 2645 prout
967 2560 1051 2623 iuste
1075 2567 1107 2623 et
1129 2558 1277 2642 legaliter
1299 2580 1484 2643 possumus,
1508 2556 1718 2622 concedimus
1737 2567 1770 2622 et
1787 2558 1946 2642 largimur
1963 2569 2065 2644 atque

411 2685 471 2750 per
491 2663 587 2729 huius
609 2663 713 2728 nostri
736 2662 907 2749 precepti*
931 2665 1158 2729 auctoritatem
1181 2664 1413 2728 confirmamus
1437 2673 1469 2726 et
1490 2663 1740 2729 corroboramus
1759 2665 1825 2728 iam
1844 2664 1931 2728 dicte
1951 2673 2066 2728 sancte
2085 2682 2119 2729 ιο

411 2765 657 2852 Aequilegiensi
681 2764 838 2830 eeclesie¹
860 2777 996 2832 cunctas
1020 2789 1097 2833 suas
1120 2789 1172 2832 res
1195 2776 1227 2831 et
1250 2769 1467 2852 proprietates
1491 2788 1571 2852 quas
1596 2766 1658 2831 sibi
1680 2776 1748 2831 tam
1765 2788 1943 2852 nosquam
1959 2768 2064 2831 nostri

413 2879 637 2936 antecessores
660 2891 719 2954 per
740 2869 942 2955 imperialem
964 2880 1062 2956 atque
1084 2871 1228 2954 regalem
1250 2871 1478 2935 auctoritatem
1501 2869 1609 2953 largiti
1634 2892 1759 2953 sumus,
1789 2891 1955 2934 unacum
1979 2868 2065 2935 Con-

411 2971 575 3039 cordiensi
598 2973 792 3058 episcopatu
815 2980 914 3059 atque
937 2974 1136 3037 monasterio
1161 2972 1250 3058 quod
1273 2972 1391 3037 dicitur
1407 2972 1545 3038 Sextum
1560 2995 1599 3037 ac
1624 2976 1740 3038 ceteris
1765 2974 1972 3039 monasteriis
1996 2983 2067 3037 tam

411 3079 556 3142 virorum
579 3096 677 3161 quam
699 3076 893 3142 feminarum
922 3076 1064 3142 abbatiis
1092 3076 1243 3162 plebibus
1272 3076 1415 3141 castellis
1443 3086 1516 3142 ac¹¹²
1544 3078 1637 3141 terris
1665 3087 1868 3142 mortuorum
1896 3078 2066 3142 hominum

413 3181 468 3266 qui
491 3182 560 3245 sine
582 3188 776 3244 testamento
800 3189 832 3244 et
853 3179 1027 3245 heredibus
1050 3183 1169 3247 mortui
1194 3190 1268 3245 sunt
1280 3190 1303 3263 ¹¹,
1327 3181 1509 3245 masaritiis
1526 3182 1667 3246 scusatis
1688 3191 1720 3246 et
1739 3184 1864 3246 cunctis
1885 3203 1985 3266 super
2002 3191 2065 3245 ter·
2084 3197 2116 3244 25

412 3306 482 3351 ram
509 3285 613 3369 ipsius
641 3282 874 3367 residentibus,
909 3285 991 3350 locis
1021 3308 1149 3371 quoque
1176 3296 1243 3351 tam
1273 3285 1368 3350 cultis
1398 3307 1496 3371 qnam
1523 3284 1655 3349 'incultis
1679 3287 1780 3370 pratis
1803 3286 1907 3350 vineis
1931 3287 2067 3370 pascuis

413 3387 504 3454 silvis
533 3385 673 3452 stalliis⁰
703 3389 828 3473 eampis
859 3386 1031 3453 arboribus
1060 3399 1128 3453 tam
1158 3389 1323 3473 pomiferis
1353 3411 1451 3474 quam
1481 3388 1692 3453 infructuosis
1720 3387 1896 3452 herbaticis
1926 3387 2067 3451 desertis

412 3492 505 3578 aquis
528 3512 751 3577 aquarumque
775 3491 966 3556 decursibus
989 3492 1185 3558 molendinis
1208 3491 1445 3577 piscationibus
1467 3491 1628 3577 portubus
1650 3491 1788 3556 teloneis
1809 3493 1982 3577 rippaticis
2001 3491 2068 3556 dis-

412 3595 617 3662 trictionibus
646 3593 817 3659 collectisp
847 3594 1061 3682 omnibusque
1090 3595 1188 3661 rebus
1217 3594 1391 3661 mobilibus
1416 3604 1449 3660 et
1469 3594 1692 3660 immobilibus
1716 3595 1759 3660 ad
1780 3597 1887 3681 ipsam
1909 3595 2067 3681 Acquile·

414 3701 560 3785 giensem
591 3697 764 3763 ecclesiam
786 3699 818 3762 in
841 3698 1003 3783 integrum
1032 3697 1281 3786 respicientibus
1294 3707 1316 3778 i,
1349 3721 1387 3763 eo
1411 3697 1563 3764 videlicet
1587 3698 1699 3763 ordine
1722 3708 1846 3763 uttam
1870 3703 1942 3783 ipse
1966 3721 2068 3786 quam
2086 3718 2118 3766 30

413 3805 485 3867 suir
509 3822 714 3865 successores
737 3799 880 3865 habeant
902 3811 1034 3866 teneant
1055 3802 1254 3887 firmiterque
1278 3801 1468 3886 possideant
1491 3803 1600 3866 omnia
1618 3802 1766 3887 predicta
1782 3802 1826 3866 ad
1840 3804 1946 3887 ipsius
1964 3802 2068 3867 eccle·

414 3908 460 3970 sie
482 3904 655 3969 utilitatem
679 3925 736 3967 seu
758 3905 988 3978 necessitatem
1012 3908 1137 3972 eunctis
1161 3905 1278 3990 quibus
1301 3906 1467 3969 vixerints
1490 3904 1615 3987 diebus,
1641 3906 1783 3970 omnium
1801 3905 1972 3970 hominum
1991 3905 2066 3970 sub·

413 4011 481 4075 lata
496 4009 730 4073 controversia.
764 4007 954 4073 Interventu
976 4009 1074 4073 etiam
1098 4031 1137 4073 ac
1160 4007 1336 4093 petitionei
1359 4007 1502 4073 eiusdem
1526 4007 1704 4072 Deodorici
1728 4031 1786 4093 per
1808 4008 1893 4072 hanc
1915 4019 2068 4073 nostram

412 4110 615 4198 imperialem
645 4112 873 4175 auctoritatem
898 4111 1135 4176 confirmamus
1166 4121 1198 4174 et
1227 4110 1478 4176 corroboramus
1507 4120 1575 4176 tam
1609 4112 1672 4196 ipsi
1705 4111 1856 4176 Rodaldo
1870 4121 1884 4150 ¹¹
1914 4111 2066 4197 preclaro

413 4213 598 4301 patriarche
621 4234 720 4298 quam
743 4215 869 4278 cunctis
893 4213 1138 4278 successoribus
1162 4215 1229 4278 suis
1252 4224 1371 4278 cuneta
1396 4236 1526 4278 suarum
1555 4217 1770 4279 instrumenta
1793 4225 1959 4279 cartarum
1973 4225 1996 4297 ',
2027 4238 2066 4278 eo
2086 4232 2118 4279 so
2161 4265 2163 4270 .

413 4317 538 4383 scilicet
560 4325 658 4402 pacto
682 4325 727 4399 ut,
752 4319 778 4380 si
802 4338 956 4401 umquam
981 4340 1023 4381 ex
1045 4319 1126 4403 ipsis
1149 4317 1324 4402 aliquamw
1347 4326 1404 4381 aut
1425 4317 1510 4384 furto
1534 4329 1591 4384 aut
1613 4319 1765 4385 incendio
1789 4328 1869 4384 autr
1892 4319 2069 4404 naufragio

413 4431 472 4487 aut
501 4418 671 4507 quolibet¹
698 4429 815 4484 eventu
843 4421 1002 4502 amiserit,
1036 4419 1157 4484 habeat
1184 4419 1351 4485 licentiam
1373 4419 1570 4487 defendendi
1594 4445 1652 4508 per
1673 4422 1736 4487 hoc
1758 4431 1908 4487 nostrum
1931 4444 2067 4507 precep

413 4535 491 4608 tum,
517 4525 544 4589 si
567 4522 609 4587 ab
632 4521 796 4608 aliquibus
819 4545 878 4608 per
902 4523 1025 4608 placita
1047 4524 1205 4607 fatigatus
1228 4523 1333 4607 fuerit,
1357 4533 1524 4610 tamquam
1543 4528 1569 4590 si
1589 4529 1677 4611 ipsas
1697 4535 1806 4590 cartas
1822 4536 1880 4589 aut
1894 4524 2069 4590 firmitates

413 4628 553 4714 propriis
568 4628 708 4692 retineat
722 4625 883 4690 manibus.
917 4626 1138 4712 Precipientes
1161 4626 1270 4711 itaque
1293 4625 1441 4691 iubemus
1463 4639 1500 4693 ut
1518 4628 1625 4693 nullus
1645 4628 1712 4694 dux
1727 4627 1874 4693 marchio
1890 4629 2069 4714 episcopus

413 4741 548 4798 comesi
570 4732 754 4795 vicecomes
778 4729 950 4815 nullusque
972 4731 1019 4794 rei
1043 4729 1175 4815 publice
1198 4740 1334 4796 exactor
1363 4753 1435 4796 eum
1463 4741 1520 4797 aut
1549 4753 1626 4796 suos
1654 4752 1861 4796 successores
1884 4732 2070 4815 inquietare
2088 4746 2121 4792 40

414 4844 471 4899 aut
485 4832 659 4899 molestare
675 4854 733 4896 seu
749 4832 789 4897 de
811 4833 876 4896 iam
900 4831 1019 4898 dictis²
1044 4832 1141 4898 rebus
1166 4833 1316 4899 omnibus
1341 4836 1410 4899 sine
1434 4833 1532 4919 legali
1555 4833 1669 4899 iuditio
1694 4833 1864 4899 disvestire
1887 4845 2069 4919 presumat,

499 5038 557 5093 ⁴¹³.
587 5038 921 5108 [Inuchimer-Ottenthal]
1010 5041 1036 5108 a)
1056 5047 1147 5106 sanctq
1164 5040 1354 5106 individuqque
1372 5038 1400 5088 F
1491 5039 1519 5098 b)
1532 5036 1619 5098 Fen,
1638 5041 1660 5088 si
1679 5055 1727 5088 nos
1745 5043 1894 5088 nostrorum
1911 5036 2034 5088 fidelium
2051 5043 2074 5090 U

586 5110 611 5173 c)
626 5111 788 5176 posteritatis
807 5114 936 5174 oportune
957 5108 981 5160 0
1080 5109 1107 5170 d)
1126 5111 1246 5174 protinus
1267 5108 1290 5158 0
1390 5107 1414 5170 e)
1434 5106 1685 5168 erismatorum
1706 5104 1738 5167 G,
1757 5105 1955 5156 Theodericum
1973 5105 2013 5169 1³,-
2035 5109 2071 5156 im

584 5180 688 5228 taedere
706 5177 825 5241 Verlaase
842 5177 916 5228 hietat
934 5177 959 5231 C'
972 5178 1087 5228 Deodati
1191 5177 1210 5240 1)
1231 5175 1318 5240 Feli,
1337 5175 1477 5243 origineO
1576 5179 1603 5241 g)
1624 5178 1693 5225 iuste
1710 5175 1788 5225 illiO
1889 5175 1916 5238 h)
1935 5175 2075 5241 pagineO

585 5248 604 5313 i)
620 5246 653 5311 F,
672 5247 811 5314 dignemur
826 5244 903 5298 0οΗ
988 5247 1015 5311 lr)
1033 5245 1093 5308 PH,
1112 5251 1191 5311 atque
1210 5247 1289 5296 huius
1307 5248 1358 5310 ipsi
1376 5248 1494 5311 precepti
1516 5244 1541 5304 0,
1566 5251 1646 5309 atqua
1664 5261 1711 5310 pro
1729 5243 1754 5295 h.
1773 5262 1798 5294 n.
1817 5262 1842 5310 p.
1858 5241 1883 5293 0
1973 5243 1993 5310 1)
2006 5243 2071 5306 GH,
2090 5245 2124 5291 45

584 5315 649 5366 οΙιιιε
673 5322 764 5367 sancte
785 5314 817 5378 0,
847 5318 899 5365 iam
918 5317 988 5382 dictq
1007 5321 1099 5380 sancte
1117 5315 1187 5366 sedis
1205 5315 1382 5380 Aquileiensis
1401 5313 1428 5363 F
1527 5317 1564 5378 ιιι)
1582 5313 1652 5374 fehlt
1669 5311 1742 5363 in
1840 5319 1866 5372 ιι)
1888 5315 1987 5362 mortui
2007 5323 2074 5364 sunt

579 5384 651 5448 selle
669 5386 697 5434 ia
719 5383 741 5436 0
844 5384 870 5449 o)
889 5381 951 5446 GH,
970 5384 1055 5435 stallis
1073 5383 1104 5446 Γ,
1118 5383 1188 5450 fehlt
1205 5383 1277 5436 iaO
1377 5385 1403 5448 p)
1423 5379 1511 5444 roff,
1530 5380 1646 5432 bonisO
1745 5384 1773 5447 q)
1792 5379 1850 5443 Fe,
1869 5383 2072 5445 respicientium

589 5452 616 5516 0,
636 5454 846 5520 respectantibus
865 5452 896 5502 Η
996 5455 1018 5514 ι)
1031 5451 1102 5514 fehlt
1120 5451 1186 5502 inO
1285 5454 1307 5513 ιι)
1327 5449 1460 5502 vixeritO
1559 5452 1580 5515 t)
1600 5449 1661 5512 GH,
1680 5454 1828 5502 interventu
1847 5451 1927 5500 etiam
1948 5456 2018 5516 etp.
2040 5450 2073 5513 F,

587 5531 613 5572 et
630 5525 778 5572 interventu
798 5538 829 5572 ac
847 5520 912 5588 μθ
1011 5523 1038 5588 ιι)
1055 5519 1215 5572 RcdaldoO
1308 5519 1336 5587 v)
1353 5536 1459 5571 suorum
1471 5521 1488 5570 i.
1502 5517 1684 5571 easuommO
1782 5522 1816 5581 w)
1834 5516 1922 5578 ΕΗΒ,
1943 5519 2077 5584 aliqueO

587 5592 613 5654 x)
636 5589 730 5650 111111,
760 5591 849 5656 aliquo
877 5589 899 5641 0
1019 5595 1045 5656 y)
1075 5588 1098 5640 0
1111 5609 1145 5634 =
1163 5588 1224 5641 Do.
1243 5597 1289 5650 111,
1318 5587 1432 5656 decepere
1462 5589 1515 5639 dux
1545 5605 1632 5640 comes
1663 5588 1778 5638 marchio
1810 5589 1952 5652 episcopus
1982 5586 2076 5639 PGH
2091 5589 2127 5637 60

589 5661 614 5723 a)
630 5657 686 5711 GH
700 5659 755 5711 aad
772 5657 834 5712 Do.
846 5667 888 5722 111,
908 5658 1049 5710 molestare
1067 5675 1115 5710 seu
1133 5661 1161 5709 in
1180 5658 1299 5722 dictisO,
1318 5675 1351 5710 m.
1365 5674 1444 5724 super
1455 5661 1509 5710 iam
1522 5658 1598 5708 dictis
1611 5656 1641 5706 F.
