4530 6434
881 427 1005 484 erro
1027 429 1050 483 1.
1076 424 1148 482 aer.
1696 487 1698 494 Α
1773 416 1836 480 463
1910 407 1912 414 ⁴

192 605 338 672 fidelium
368 617 525 672 suorum⁸
553 607 772 693 peticionibus
800 606 975 690 inclinare,
1010 607 1162 692 quatinus
1191 607 1385 690 promtiores
1415 612 1447 670 et
1475 593 1660 670 devotiores
1682 604 1696 686 ξ
1717 626 1774 668 eos
1803 606 1836 668 in

193 731 288 774 snum
317 709 456 775 effitiant
485 709 689 776 famulatum.
734 709 943 796 Quapropter
970 712 1098 774 noverit
1127 710 1270 775 omnium
1298 708 1444 776 fidelium
1472 717 1584 793 sancte
1615 708 1666 773 dei
1700 707 1836 793 ecclesie

192 821 441 900 nostrorumque
464 815 663 898 presentium
686 813 835 878 scilicetl
862 834 902 877 ac
929 813 1111 879 futurorum
1133 815 1344 896 universitas,
1378 811 1587 896 Aled[ram]b
1616 812 1837 878 marchionem

192 916 377 980 interventu
391 938 429 980 ao
445 917 607 1002 peticione
622 913 824 1000 Adhelegidq
840 924 948 980 nostre
968 916 1116 1000 coniugis
1139 925 1237 1002 atque
1260 917 1386 1000 imperii
1409 917 1511 982 nostri
1535 917 1704 1002 participis
1726 925 1837 981 nostre

159 1016 326 1084 oadissc⁰
355 1017 564 1084 sublimitatis
594 1018 737 1101 culmen,
771 1017 936 1083 humiliter
964 1017 1161 1103 postulando
1191 1028 1227 1084 ut
1256 1017 1414 1104 quasdam
1443 1028 1551 1084 cortes
1579 1019 1677 1085 absas
1700 1028 1835 1086 actenus

190 1122 282 1205 regni
308 1123 410 1185 nostri
438 1121 501 1186 iuri
530 1119 684 1187 debeatid
712 1123 814 1185 nostri
837 1123 981 1205 precepti
1005 1124 1126 1206 pagina
1148 1120 1195 1185 illi
1220 1121 1472 1186 concederemus
1495 1144 1556 1186 nec
1578 1145 1645 1188 non
1667 1132 1701 1188 et
1724 1144 1836 1187 omnes

190 1245 243 1287 res
266 1232 298 1287 et
320 1225 534 1310 proprietates
558 1245 633 1290 snas
657 1223 724 1288 ad⁰
746 1225 913 1310 utridsqne
937 1245 1036 1288 sexus
1058 1223 1200 1288 familias
1224 1245 1286 1308 quq
1309 1223 1356 1287 illi
1380 1223 1581 1289 advenerunt
1603 1235 1670 1289 tam
1689 1225 1729 1289 de
1747 1223 1836 1289 here·

192 1327 293 1392 ditate
316 1337 487 1412 parentum
510 1348 609 1413 quam
632 1327 672 1392 de
696 1349 754 1392 suo
779 1323 948 1412 adquestu,
972 1323 1119 1391 similiter
1141 1327 1334 1390 auctoritate
1357 1327 1459 1390 nostri
1478 1329 1622 1412 precepti
1639 1326 1745 1391 eidem
1760 1347 1836 1391 con·

190 1430 392 1496 firmaremus
422 1440 454 1495 et
483 1431 613 1516 penitus
641 1429 937 1496 corroboraremus.
976 1425 1076 1494 (luins
1106 1427 1323 1513 peticionibus
1354 1439 1532 1494 annuentes
1555 1438 1587 1494 et
1609 1430 1711 1514 ipsius
1734 1428 1836 1494 fideli-

142 1541 292 1598 natatem
323 1532 566 1599 considerantes
597 1555 656 1618 per
682 1532 746 1598 hoc
774 1542 922 1597 nostrum
953 1538 1157 1616 preceptum,
1193 1541 1289 1615 prout
1317 1533 1400 1596 inste
1423 1542 1455 1597 et
1476 1531 1624 1617 legaliter
1651 1555 1836 1618 possumus,

191 1633 402 1700 concedimus
425 1634 585 1701 donamus
608 1645 707 1722 atque
729 1636 885 1720 largimur
907 1635 1034 1720 prefato
1059 1633 1247 1699 Alledramo
1277 1636 1457 1700 marchioni
1488 1658 1599 1702 omnes
1627 1635 1699 1700 illas
1730 1645 1836 1701 cortes

191 1739 225 1803 in
253 1737 388 1803 desertis
418 1738 501 1803 locis
532 1740 746 1804 consistentes
777 1761 797 1802 a
825 1739 957 1804 flumine
985 1738 1116 1803 Tanaro
1146 1757 1248 1823 usque
1278 1738 1321 1802 ad
1350 1738 1470 1804 flumen
1492 1739 1619 1804 Urbam
1641 1749 1673 1804 ct
1695 1740 1738 1804 ad
1760 1737 1836 1803 litus

192 1843 307 1925 maris,
331 1863 468 1928 quorum
491 1843 624 1907 nomina
646 1841 707 1906 hec
731 1850 823 1907 sunt:
856 1841 898 1908 de
921 1841 1170 1926 Gobangiasco,
1192 1840 1371 1926 Balangio,
1395 1841 1587 1925 Salescedo,
1611 1841 1743 1924 Lecesi,
1767 1840 1838 1907 Sal·

192 1943 274 2028 sole,
298 1944 422 2026 Niolia,
446 1941 652 2027 Pulcionem‚
676 1942 827 2026 Grualia,
850 1945 1007 2028 Pruncto,
1031 1943 1190 2026 Altesino,
1215 1941 1420 2027 Grutemilia,
1444 1945 1656 2028 Montoneso,
1683 1946 1836 2028 Nosceto,

140 2058 173 2107 15
190 2045 362 2131 Masionti,
390 2047 515 2131 Arche,
549 2056 582 2112 et
608 2046 764 2134 quioquid
792 2046 913 2113 ibidem
945 2043 1104 2132 [a]ctenus
1134 2048 1214 2112 iuris
1244 2048 1336 2132 regni
1363 2046 1468 2112 Italici
1493 2050 1660 2133 pertinuit,
1694 2057 1731 2113 ut
1753 2050 1838 2113 sicut

190 2149 356 2237 hucusque
378 2153 439 2216 iuri
462 2151 554 2235 regni
576 2151 678 2216 nostri
701 2159 734 2216 et
756 2150 900 2217 dominio
924 2150 1114 2218 subdivisef
1137 2161 1221 2231 sunt,
1244 2153 1291 2216 ita
1309 2150 1428 2216 amodo
1448 2151 1580 2216 inantea
1595 2150 1712 2236 prefati
1727 2149 1835 2215 Allae·

191 2252 294 2319 drami
327 2254 527 2320 marchionis
556 2251 699 2320 dominio
732 2253 913 2319 subdantur
941 2253 1034 2319 etin
1064 2257 1134 2319 eius
1165 2255 1215 2318 ius
1243 2253 1431 2338 delegentur
1458 2263 1491 2317 et
1520 2255 1651 2318 omnino
1674 2252 1836 2317 transfun-

192 2356 320 2423 dantur.
364 2357 503 2443 Insuper
532 2358 630 2422 etiam
653 2357 883 2422 confirmamus
906 2366 939 2421 et
961 2356 1212 2423 corroboramus
1235 2357 1423 2442 supradicto
1441 2355 1634 2421 Alledram⁸
1655 2356 1836 2422 marchioni

193 2483 305 2526 omnes
326 2484 380 2526 res
403 2470 435 2527 et
457 2464 673 2547 proprietates
697 2483 774 2527 suas
796 2460 864 2527 ad⁰
886 2462 1054 2547 utriusque
1077 2483 1175 2525 sexus
1198 2460 1340 2526 familias
1364 2470 1431 2524 tam
1454 2460 1494 2524 de
1517 2459 1694 2525 hereditate
1721 2483 1837 2546 paren-

140 2579 174 2628 ιο
190 2571 260 2628 tum
283 2561 444 2649 quamde
467 2564 627 2652 adquestu
650 2562 697 2628 illi
720 2562 931 2629 advenientes
953 2585 1011 2650 per
1033 2563 1163 2628 diversa
1190 2561 1264 2628 loca
1289 2564 1375 2628 infra
1396 2561 1547 2629 Italicum
1569 2585 1705 2648 regnum
1728 2566 1837 2629 conia·

191 2674 317 2749 centes,
351 2665 529 2732 videlicet=
557 2668 591 2733 in
620 2668 777 2732 comitatu
805 2664 969 2753 Aquensi,
1004 2666 1164 2732 Saonensi
1191 2687 1252 2730 nec
1282 2689 1348 2731 non
1376 2665 1509 2730 Astensi
1536 2675 1569 2730 et
1591 2667 1837 2751 Montisferrati,

192 2768 385 2834 Taurinensi
413 2779 446 2834 et
473 2769 690 2853 Uercellensi,
725 2769 891 2836 Parmensi
920 2780 953 2835 et
982 2768 1192 2836 Cremonensi
1216 2792 1273 2834 seu
1295 2767 1547 2853 Perg[o]mensi,
1582 2791 1656 2834 cum
1686 2770 1837 2836 omnibus

190 2893 302 2938 eorum
324 2875 527 2958 pertinentiis
550 2884 583 2939 et
605 2874 797 2939 adiacentiis
828 2896 884 2938 seu
914 2876 1013 2940 etiam
1042 2873 1197 2960 quicquid
1224 2872 1345 2938 habere
1372 2872 1423 2937 vel
1453 2871 1621 2957 possidere
1649 2874 1778 2940 videtur
1803 2875 1836 2938 in

191 2975 328 3041 diversis
358 2975 466 3042 locis1²
494 2978 528 3042 in
550 2987 619 3044 toto
642 2976 759 3043 Italico
782 2998 883 3061 reguo
907 2977 958 3042 vel
981 2978 1113 3042 inantea
1136 2974 1307 3062 adquirere
1330 2977 1463 3060 poterit,
1498 2977 1566 3040 sine
1594 2975 1706 3063 aliqua
1734 2978 1836 3042 mino-

139 3081 317 3146 adratione
339 3102 397 3166 per
418 3079 514 3146 huius
536 3083 640 3146 nostri
663 3082 807 3167 precepti
830 3078 1111 3145 confirmationem
1133 3077 1253 3142 babeat
1275 3087 1307 3143 et
1327 3087 1436 3143 teneat
1453 3078 1651 3165 firmiterque
1669 3080 1838 3165 possideat

168 3192 259 3248 'tam
281 3185 352 3269 ipse
376 3205 539 3270 quamque
562 3185 610 3250 sui
635 3184 786 3266 heredes,
820 3204 885 3248 una
908 3205 982 3248 oum
1005 3183 1099 3246 terris
1123 3183 1225 3246 vineis
1249 3183 1374 3267 campis
1401 3183 1504 3267 pratis
1532 3184 1664 3267 pascuis
1687 3182 1781 3248 cultis
1805 3190 1838 3247 et

190 3285 322 3352 incultis
345 3286 458 3352 divisis
481 3296 513 3351 et
535 3287 684 3352 indivisis
706 3285 882 3352 mobilibus
905 3294 938 3349 et
959 3283 1170 3352 inmobilibus
1189 3285 1355 3370 utriusque
1373 3307 1473 3351 sexus
1492 3285 1622 3350 familiis
1641 3286 1732 3351 silvis
1750 3285 1835 3351 salli-

191 3391 272 3452 cetis
295 3388 459 3454 montibus
482 3397 514 3452 et
536 3388 677 3455 vallibus
706 3388 910 3475 planiciebus
936 3389 1030 3475 aquis
1053 3409 1276 3473 aquarumque
1299 3387 1491 3454 decursibus
1513 3388 1708 3455 molendinis
1731 3392 1836 3476 pisca·

191 3491 334 3556 tionibus
357 3491 585 3558 venationibus
608 3494 760 3558 mercatis
784 3491 948 3558 toloneis⁰
977 3491 1193 3578 omnibusque
1220 3491 1385 3577 publicisa
1411 3492 1632 3558 functionibus
1655 3493 1707 3558 vel
1738 3495 1836 3557 etiam

140 3611 173 3661 ³0
192 3615 253 3680 quq
277 3593 342 3658 dici
364 3593 417 3658 vel
439 3596 598 3659 nominari
629 3604 772 3680 posunt⁰
803 3593 846 3660 ad
874 3594 1007 3660 easdem
1035 3618 1087 3660 res
1117 3604 1150 3659 et
1177 3597 1393 3680 proprietates
1417 3619 1474 3661 seu
1497 3607 1603 3661 cortes
1626 3595 1678 3660 vel
1702 3596 1835 3661 castella

189 3696 424 3782 pertinentibus
448 3697 500 3762 vel
523 3697 789 3783 adspitientibus,
824 3697 1030 3784 habeantque
1053 3707 1251 3782 potestatem
1273 3697 1405 3764 tenendi
1428 3699 1591 3764 vendendi
1614 3700 1835 3765 commutandi

191 3798 354 3866 alienandi
378 3822 437 3886 pro
459 3801 570 3866 anima
592 3799 760 3866 indicandi
782 3809 815 3865 et
838 3800 993 3888 quicquid
1016 3823 1129 3867 eornm
1152 3801 1332 3866 decreverit
1354 3803 1482 3869 animus
1504 3802 1655 3884 fatiendi,
1692 3803 1835 3866 omnium

190 3902 358 3969 hominum
383 3903 641 3969 contradictione
663 3914 799 3970 remota.
836 3902 985 3970 Intereai
1008 3927 1067 3990 per
1088 3905 1184 3972 huius
1201 3916 1311 3970 nostre
1331 3906 1516 3972 donationis
1532 3915 1564 3971 et
1580 3905 1835 3971 confirmationis

191 4009 419 4072 auctoritatem
441 4007 589 4073 iubemus
611 4014 643 4072 et
665 4008 796 4073 omnino
821 4009 1008 4089 statuimus,
1043 4017 1079 4075 ut
1106 4006 1197 4072 nulla
1225 4006 1358 4091 ItsffiJci
1386 4009 1479 4092 regni
1507 4030 1648 4093 persona
1673 4009 1836 4094 prefatum

138 4126 171 4174 et
190 4108 384 4174 Alledram⁸
412 4131 552 4195 suosque
580 4108 716 4174 heredes
740 4109 780 4174 de
804 4109 953 4174 omnibus
978 4132 1039 4195 quq
1064 4131 1163 4196 supra
1186 4109 1335 4194 leguntur
1357 4109 1409 4176 vel
1431 4112 1564 4176 inantea
1586 4110 1756 4196 adquirere
1778 4131 1835 4194 po·

190 4214 274 4294 terit,
297 4211 468 4276 disvestire
490 4219 674 4296 presumat3
699 4211 815 4295 quodsi
837 4211 954 4297 aliquis
978 4216 1220 4279 contentionem
1244 4212 1284 4277 de
1306 4213 1357 4277 his
1376 4213 1573 4298 supradictis
1593 4213 1741 4278 omnibus
1761 4235 1835 4278 oum

192 4313 308 4380 codem
331 4313 463 4398 suisque
485 4311 658 4378 heredibus
680 4313 845 4396 habuerit,
879 4315 992 4380 volens
1014 4316 1061 4382 illi
1084 4314 1238 4382 abicerel
1262 4315 1350 4401 quod
1371 4319 1562 4382 investitura
1584 4318 1659 4381 inde
1682 4319 1834 4402 preterito

189 4427 335 4502 tempore
357 4437 424 4482 non
446 4415 633 4498 habuerint,
656 4415 755 4482 liccat
777 4417 882 4483 eidem
903 4417 1072 4486 Alledram
1096 4423 1227 4507 suisque
1248 4419 1422 4486 heredibus
1445 4442 1503 4505 per
1525 4431 1672 4488 nostram
1698 4419 1836 4505 [dlatam

189 4519 357 4586 licentiam
378 4527 411 4586 et
432 4518 529 4586 huius
551 4520 654 4584 nostri
676 4520 823 4604 precepti
845 4519 1139 4604 eo[nsti]tutionem
1167 4532 1224 4587 aut
1252 4544 1311 4607 per
1338 4531 1578 4588 sacramentum
1607 4532 1664 4587 aut
1691 4545 1836 4608 pugnam

138 4638 173 4687 40
191 4622 367 4690 declarare.
412 4622 565 4689 Preterea
586 4621 760 4706 recipimus
789 4623 928 4688 eundem
951 4624 1172 4691 marchionem
1194 4625 1389 4691 Alledram⁸
1411 4648 1484 4691 cum
1510 4625 1585 4690 filiis
1608 4635 1640 4690 et
1661 4625 1836 4691 heredibus

191 4728 257 4792 suis
281 4736 315 4792 et
337 4725 488 4794 omuibus
509 4724 608 4790 rebus
632 4723 808 4790 mobilibus
831 4735 863 4790 et
884 4725 1091 4793 inmobibus¹
1113 4729 1198 4796 iuste
1221 4737 1253 4793 et
1275 4716 1421 4812 legaliter
1443 4728 1486 4793 ad
1509 4750 1584 4792 eum
1601 4728 1837 4814 pertinentibus

190 4828 250 4894 sub
269 4831 372 4896 nostri
390 4827 687 4910 mundburditione,
710 4829 758 4892 ita
778 4827 930 4896 videlicet
952 4841 989 4898 ut
1010 4831 1117 4898 nullus
1142 4831 1210 4897 dux
1231 4831 1404 4917 nullusque
1426 4831 1571 4898 marchio
1595 4829 1705 4898 nullus
1726 4854 1837 4897 comes

190 4930 297 4996 nullus
318 4932 419 4998 iudex
440 4931 548 4998 mallus
570 4930 733 5018 gastaldio
757 4930 930 5018 nullusque
951 4933 1082 5019 publice
1104 4937 1209 5019 partis
1231 4944 1424 5019 procurator
1439 4933 1530 5000 nulla
1545 4936 1649 5000 maior
1664 4933 1716 4998 vel
1731 4936 1836 5000 minor

190 5055 331 5119 persona
352 5057 425 5106 eum
447 5035 572 5121 absque
592 5035 692 5120 legali
715 5035 836 5108 iudicio
865 5038 1045 5122 inquietare
1073 5046 1131 5104 aut
1160 5037 1334 5104 molestare
1363 5047 1539 5122 presumat.
1584 5036 1620 5102 si
1643 5037 1714 5124 quis
1737 5037 1836 5120 igitur

139 5156 173 5205 eo
190 5137 285 5205 huius
307 5141 409 5206 nostri
432 5142 575 5225 precepti
598 5151 654 5210 ant
675 5139 872 5210 mundbordi
894 5139 1035 5208 violator
1056 5142 1213 5223 extiterit,
1248 5139 1421 5226 culpabilis
1452 5137 1577 5208 solvere
1604 5150 1743 5226 cogatur
1764 5142 1835 5206 auri

190 5241 305 5326 optimi
326 5239 427 5310 libras
450 5250 591 5326 centum,
615 5242 821 5312 medietatem
843 5243 1039 5313 chamaere⁶
1060 5253 1171 5329 nostre
1194 5254 1225 5310 et
1246 5243 1455 5316 medietatem
1485 5245 1611 5329 prefato
1640 5242 1836 5310 Alledram⁸

274 5475 331 5531 ³30.
360 5475 470 5546 [Siclrel]
558 5479 585 5542 a)
603 5479 664 5530 ἅδοι·
680 5481 727 5531 der
743 5481 814 5534 mle
829 5481 1017 5549 matema
1103 5485 1131 5547 b)
1149 5482 1294 5538 cletta
1380 5483 1447 5547 cla
1534 5485 1562 5548 d)
1580 5483 1612 5548 A,
1629 5483 1835 5538 maeander

358 5545 428 5598 wohl
443 5545 556 5598 murm
579 5564 627 5598 orto
652 5549 754 5601 debitas
858 5551 924 5618 εΗ
946 5559 1007 5602 state
1029 5569 1062 5604 ac
1164 5552 1241 5615 ι’)Α,
1264 5551 1333 5603 wohl
1349 5559 1410 5604 atatt
1430 5553 1536 5605 subdite
1563 5577 1567 5586 ·
1640 5557 1666 5622 g)
1686 5552 1835 5606 AlledraA

359 5617 386 5680 h)
403 5618 431 5666 in
449 5615 560 5667 diversis
577 5617 643 5667 locis
660 5617 721 5668 ator
737 5619 785 5670 der
802 5620 871 5672 Zeila
887 5621 1076 5690 noobpstrapen
1178 5623 1199 5684 i)
1217 5621 1254 5687 A,
1274 5621 1488 5673 wadrrcbeialicla
1505 5629 1567 5674 otatt
1596 5623 1660 5674 item
1763 5622 1792 5685 k)
1810 5620 1835 5674 A

138 5684 172 5735 ⁵0
358 5691 420 5736 atat!
437 5685 544 5736 obicere
638 5685 657 5748 l)
676 5684 700 5736 A
717 5693 777 5739 atate
795 5689 976 5742 inmobilibus.
