4500 6428
896 428 1020 486 ΟΤΤΟ
1043 429 1066 483 1.
1091 424 1163 484 956.
1787 420 1851 484 263

304 611 371 671 selrr
392 611 449 670 den
471 611 626 670 Eindrnelr
648 612 763 670 andern
783 613 1001 671 Vornrlennden
1021 613 1279 686 ncehqaeelnieben
1300 630 1341 670 en
1362 615 1436 682 sein,
1466 612 1535 670 dass
1557 612 1619 671 sicle
1640 612 1693 670 der
1713 611 1851 671 Dictator

304 715 395 773 16166
417 714 494 773 nied
515 715 685 782 beslinnnen
707 715 812 785 lusson,
836 716 900 774 nnd
921 734 1026 774 ausser
1045 716 1213 776 verterenen
1227 716 1298 774 DD.
1314 734 1371 775 oon
1384 714 1501 787 Annis
1512 716 1576 774 nied
1589 716 1734 774 Heinrich
1748 722 1850 789 incqen

305 819 378 877 noelr
404 818 498 877 nndre
525 823 599 878 61166
625 820 702 877 oncle
728 836 785 877 von
813 819 942 892 Indwiq
957 826 1013 879 111.
1039 819 1074 900 (s.
1098 820 1244 880 Wilmnns
1266 819 1370 890 Weetf.
1394 819 1465 881 ΚΠ.
1489 823 1519 890 1,
1541 818 1619 899 226)
1645 821 1709 878 lrier
1731 820 1849 878 1666161

303 921 421 981 worden
447 924 520 981 sein.
566 923 606 980 In
634 922 859 996 Bemnnqelnnq
887 922 1036 981 derselben
1064 923 1139 980 wird
1168 925 1230 982 sicli
1258 923 1306 980 elie
1336 921 1503 981 Gesclrielrte
1531 923 1583 980 der
1611 923 1762 982 einzelnen
1790 923 1848 980 Be·

301 1028 459 1099 sitensqen
480 1025 531 1084 dee
552 1025 788 1084 11166161εηί6111
810 1027 893 1084 mehr
914 1027 959 1085 bis
981 1028 1015 1083 in
1030 1027 1113 1099 jedes
1134 1026 1238 1085 Detait
1259 1026 1424 1097 onftletren
1452 1027 1564 1098 166666,
1594 1029 1649 1086 wie
1671 1044 1699 1085 66
1722 1045 1775 1085 nnn
1797 1027 1851 1084 der

301 1133 438 1202 stennon
460 1127 625 1202 Sebeidrnrq
651 1129 703 1186 der
728 1130 825 1187 crinea
851 1129 915 1187 need
941 1130 1083 1188 nneelnen
1111 1129 1273 1189 ornans
1298 1131 1394 1189 dieser
1418 1129 1543 1203 &appe
1568 1131 1666 1189 niden
1686 1131 1850 1189 ernnnscln

303 1238 390 1291 iocre.

303 1434 458 1518 (01116
480 1439 611 1502 nomine
634 1445 767 1500 sanctae
790 1445 822 1500 et
843 1434 1032 1500 individuae
1055 1438 1219 1501 trinitatis.
1254 1435 1333 1502 Otto
1357 1437 1408 1502 dei
1431 1439 1537 1522 gratia
1559 1461 1628 1503 rex.
1726 1439 1848 1504 Notum

200 1541 242 1603 sit
268 1541 366 1624 iffl'tur
389 1540 539 1606 omnibus
561 1538 712 1605 fidelibus
734 1541 854 1604 nostris
877 1539 1103 1624 praesentibus
1127 1539 1251 1604 scilicet
1272 1551 1305 1605 et
1326 1542 1460 1624 futuris,
1495 1541 1659 1628 quomodo
1683 1543 1872 1620 Lintolfusx

150 1655 183 1702 10
200 1665 343 1728 proavus
371 1654 483 1710 noster
511 1642 579 1708 dux
609 1641 778 1708 Saxonum
799 1639 813 1722 ξ
836 1640 1002 1728 quoddam
1030 1645 1263 1708 monasterium
1291 1645 1326 1708 in
1350 1642 1424 1709 loco
1449 1639 1706 1710 Gauderesheim
1727 1668 1848 1712 noncu-

199 1755 277 1830 pato
301 1749 486 1812 construxit
508 1768 582 1811 cum
604 1744 783 1832 venerabili
806 1747 875 1810 6166
897 1747 1036 1830 coniuge
1060 1745 1135 1827 Ota,
1158 1746 1373 1832 primordium
1395 1749 1494 1832 igitur
1515 1749 1660 1815 eiusdem
1683 1760 1849 1815 construc-

198 1850 297 1912 tionis
313 1849 480 1914 affirmans
496 1872 571 1915 cnm
585 1849 677 1913 filia*
697 1848 771 1914 velo
796 1860 988 1915 consecrata
1011 1871 1109 1936 quam
1133 1851 1184 1915 dei
1208 1853 1339 1915 servitio
1363 1850 1485 1916 ibidem
1504 1855 1716 1936 mancipavit,
1740 1853 1849 1918 simul·

199 1974 261 2039 que
289 1975 365 2018 cnm
393 1977 433 2018 ea
461 1953 594 2019 tradens
625 1953 710 2018 dotis
740 1955 871 2019 nomine
901 1953 1058 2040 quicquid
1084 1952 1210 2039 praedii
1236 1954 1352 2019 habuit
1378 1957 1411 2019 in
1435 1953 1713 2021 Gendereshemia
1735 1979 1848 2022 marcu

198 2066 231 2120 et
252 2058 286 2121 in
308 2057 463 2123 Riudiera
485 2081 599 2123 marcu
621 2059 710 2122 etin
732 2055 886 2141 Aluunga
908 2079 1021 2122 maren
1044 2067 1076 2121 et
1097 2059 1132 2121 in
1155 2056 1336 2122 Latheriab
1363 2080 1486 2123 marcu.
1531 2058 1710 2145 Postquam
1729 2070 1849 2146 ¹autem

148 2175 180 2223 16
198 2173 394 2227 memoratus
418 2162 486 2227 dux
509 2163 662 2248 migravit
685 2184 705 2224 a
728 2160 837 2226 seculo
861 2163 996 2247 eiusque
1019 2159 1215 2225 venerabilis
1239 2164 1382 2226 coniunx
1404 2161 1540 2226 viduata
1561 2165 1734 2246 remansit,
1768 2162 1850 2228 filii*

197 2288 310 2330 eorum
333 2266 432 2330 duces
455 2282 530 2331 Brun
552 2288 579 2332 et
601 2281 664 2331 Otto
687 2265 838 2329 adierunt
859 2263 1091 2328 Ludouuicum
1112 2263 1332 2328 venerabilem
1359 2287 1468 2349 regem
1490 2266 1546 2350 qui
1569 2287 1713 2330 sororem
1736 2288 1848 2330 eorum

197 2368 240 2433 ab
264 2373 368 2444 eisin
390 2372 633 2435 matrimonium
656 2377 847 2453 acceperat,
882 2378 915 2431 et
936 2382 1104 2432 tradiderunt
1131 2368 1160 2430 61
1190 2376 1504 2452 supramemoratum
1529 2386 1717 2434 monasterium
1739 2401 1755 2433 s
1777 2385 1848 2450 quod

197 2487 302 2538 Lintoll
326 2490 431 2554 genitor
460 2505 551 2539 eorum
579 2489 701 2552 inprimis
729 2486 852 2552 edificare
881 2487 984 2550 coepit,
1019 2492 1093 2534 cum
1123 2469 1273 2535 omnibus
1303 2501 1355 2551 quq
1378 2485 1413 2534 ad
1434 2486 1504 2536 idem
1525 2489 1714 2538 monasterium
1737 2490 1794 2538 inre
1816 2504 1848 2539 ae

198 2589 314 2656 legitime
336 2593 469 2656 pertinere
491 2592 623 2654 videntur,
646 2609 663 2640 s
685 2607 716 2642 eo
738 2589 864 2640 videlieet
886 2589 997 2639 rationis
1019 2594 1111 2638 tenore
1134 2593 1164 2638 ut
1185 2589 1334 2653 praelatum
1356 2591 1545 2640 monasterinm
1568 2592 1640 2656 regio
1663 2590 1848 2641 sublevaretur

147 2697 181 2744 20
198 2696 342 2744 munimine
371 2701 400 2768 et
426 2676 667 2746 sanctimonialesd
695 2694 791 2759 lemine
819 2693 919 2743 ibidem
948 2693 997 2744 deo
1027 2692 1187 2742 famulantes
1216 2693 1244 2741 in
1273 2679 1341 2741 cius
1364 2688 1397 2741 ct
1419 2676 1574 2764 deinceps
1605 2679 1848 2744 succedentium

199 2799 374 2848 consisterent
402 2800 550 2863 patrocinio
578 2791 727 2867 regnm.⁰
771 2780 870 2861 Quod
891 2781 945 2845 ille
968 2780 1164 2844 desiderium
1186 2790 1353 2865 gratanter
1375 2783 1503 2865 accepit
1532 2791 1630 2867 atque
1653 2784 1847 2848 auctoritate

197 2884 299 2970 regali
329 2889 507 2970 concessit,
540 2885 672 2951 casdem
702 2900 916 2950 sanctimoniales
939 2916 955 2948 6
977 2903 1136 2964 potestatem
1163 2900 1261 2950 habere
1291 2901 1360 2948 inter
1381 2898 1442 2948 illas
1465 2874 1658 2965 quamcumque
1680 2900 1780 2951 vellent
1802 2901 1847 2950 eli-

198 3020 269 3069 gere,
287 3023 304 3054 a
321 3011 349 3056 et
369 3006 525 3057 electionem
543 3007 617 3056 nullo
637 3007 809 3070 inquietante,
832 3003 878 3054 sed
902 2987 1062 3073 imperiali
1085 3004 1243 3054 auctoritate
1266 3019 1311 3054 eas
1333 3008 1488 3068 protegente
1510 3020 1557 3068 per
1580 3012 1676 3054 cuncta
1698 3006 1847 3057 seculorum

198 3108 330 3157 curricula
352 3105 453 3158 firmam
476 3114 503 3158 st
523 3108 707 3158 inviolabilem
729 3087 851 3172 1666666
883 3090 1001 3156 deinde
1030 3094 1193 3156 concessit
1223 3114 1334 3156 omnes
1362 3101 1560 3156 mercatores
1583 3081 1606 3156 a'
1625 3093 1715 3158 Reno
1744 3115 1847 3179 usque

147 3212 180 3258 66
199 3194 243 3258 ad
257 3193 390 3261 Albiam
409 3206 441 3260 et
459 3196 534 3262 Sale
556 3205 762 3261 transeuntes
785 3195 828 3259 ad
850 3219 928 3260 usus
953 3194 1251 3260 sanctimonialium
1273 3195 1318 3260 ibi
1343 3196 1529 3280 degentium
1551 3219 1685 3262 censum
1707 3196 1847 3261 thelonei

198 3298 394 3383 persolvere.
436 3299 556 3364 Postea
577 3323 656 3364 vero
679 3297 815 3363 tradidit
836 3299 879 3363 ad
904 3320 1001 3383 saepe
1024 3298 1147 3363 dictum
1169 3301 1402 3364 monasterium
1425 3317 1453 3365 in
1475 3331 1545 3382 pago
1567 3318 1612 3382 qui
1635 3321 1746 3367 vocatur
1769 3317 1846 3366 Suth-

198 3417 336 3484 thuringa,
364 3419 393 3468 in
416 3420 543 3468 comitatu
565 3402 765 3469 ἲ1711111111611111
791 3401 946 3489 qllicquid
973 3399 1089 3466 habuit
1110 3404 1144 3466 111
1166 3417 1314 3468 Tennisteti
1337 3425 1364 3468 et
1385 3421 1413 3468 in
1435 3436 1451 3467 a
1473 3419 1568 3469 Herilri
1591 3415 1623 3468 ct
1643 3406 1678 3468 111
1699 3404 1847 3469 Blidcru-

198 3508 281 3588 steti,
305 3529 344 3570 ac
360 3503 477 3570 deinde
494 3506 621 3571 dotavit
635 3505 855 3570 venerabilem
871 3527 1001 3569 soemm
1017 3526 1111 3568 suam
1127 3502 1226 3569 Otam
1243 3503 1329 3591 quqr
1348 3504 1517 3571 fundatrix
1532 3507 1641 3570 extitit
1658 3509 1846 3572 monasterii

197 3619 272 3693 post
295 3610 418 3675 obitum
441 3612 578 3676 senioris
602 3613 697 3676 6166ε
719 3609 864 3690 Lintolfi,
887 3609 1020 3673 madens
1043 3610 1073 3672 ei
1096 3609 1129 3671 in
1152 3630 1237 3694 pago
1253 3608 1510 3694 Nortbtburinga
1529 3609 1616 3674 dicto
1634 3611 1669 3675 in
1689 3612 1847 3676 comitatu

136 3727 170 3774 30
196 3701 415 3778 Theoderici¹¹
436 3716 471 3779 in
492 3713 566 3780 loco
592 3716 647 3802 qui
671 3714 789 3780 dicitnr
810 3713 1003 3780 Unanzleua
1025 3723 1236 3799 noncunpato
1250 3711 1266 3797 ³,
1291 3713 1437 3800 quandiu
1460 3725 1623 3800 superstes
1645 3717 1679 3779 in
1700 3715 1764 3781 bac
1779 3718 1846 3781 vita

195 3819 421 3899 remansisset3
447 3827 523 3904 post
546 3818 670 3884 obitum
692 3841 769 3884 vero
793 3822 862 3884 eius
886 3817 1010 3904 absque
1033 3816 1292 3882 contradictione
1313 3817 1470 3883 heredum
1492 3819 1561 3883 6166
1584 3821 1747 3884 concessit
1769 3842 1846 3885 aue-

195 3918 352 3985 toritate¹¹
373 3920 474 4006 regali
497 3921 636 3988 eandem
657 3921 872 3986 hereditatem
893 3924 962 3986 inre
985 3923 1120 4006 perenni
1142 3925 1338 3986 monasterio
1358 3924 1393 3987 in
1410 3924 1644 4008 proprietatem
1666 3955 1714 4003 pro
1730 3939 1845 3990 romono

196 4041 344 4090 animarum
369 4043 549 4107 piissimorum
571 4048 768 4092 6616666661661
791 4048 964 4108 augustorum
987 4045 1014 4091 et
1036 4040 1070 4091 ob
1093 4028 1163 4090 cius
1186 4041 1314 4091 mercedis
1337 4046 1507 4107 augmentum
1531 4057 1655 4092 necnon
1677 4058 1725 4107 pro
1748 4042 1846 4094 dilecta

196 4145 309 4210 coniuge
326 4151 385 4193 rua
400 4125 575 4211 Lirrtgsrca¹
608 4129 715 4194 Huius
737 4131 835 4214 igitur
856 4126 1035 4193 venerabili
1058 4126 1209 4213 exemplo
1233 4137 1431 4212 provocatus
1450 4127 1607 4193 Amolfus
1629 4151 1689 4193 rex
1711 4128 1846 4195 tradidit

145 4243 178 4292 35
197 4229 241 4296 ad
268 4231 355 4296 idem
383 4234 617 4298 monasterium
643 4235 678 4298 in
706 4233 900 4298 beneficium
927 4252 985 4317 per
1012 4232 1228 4296 interventum
1256 4232 1403 4315 coniugis
1436 4253 1493 4295 sne
1517 4229 1601 4296 Otae
1628 4254 1689 4296 nec
1717 4255 1783 4298 non
1812 4243 1846 4298 et

196 4334 389 4422 Hildigarde
410 4336 618 4402 venerandae
640 4338 748 4423 neptis
770 4339 840 4401 eius
868 4339 902 4401 in
930 4334 1143 4401 elemosinam
1165 4335 1239 4419 divq
1263 4337 1438 4400 memoriae
1461 4337 1514 4400 avi
1539 4334 1637 4401 suaei
1660 4337 1845 4403 Ludouuici

195 4441 281 4523 regis
309 4441 529 4526 genitorisque
557 4441 626 4503 eius
648 4438 864 4504 Karlomanni
886 4439 972 4521 regis
1000 4459 1062 4502 666
1088 4460 1155 4502 666
1177 4460 1236 4523 pro
1259 4438 1523 4505 beatissimorum
1545 4461 1668 4523 regum,
1691 4440 1844 4505 videlieet

197 4541 381 4608 Ludouuici
405 4552 437 4606 et
458 4542 574 4607 Karoli
597 4551 788 4629 patruorum
810 4543 890 4623 eius,
915 4543 1227 4605 commemoratione
1250 4545 1422 4629 animeque
1444 4545 1513 4607 eius
1534 4541 1676 4605 remedio
1699 4541 1744 4606 ad
1765 4565 1844 4608 usus

196 4645 388 4712 ancillarum
411 4645 463 4710 dei
486 4645 608 4710 ibidem
631 4645 763 4710 domino
788 4646 975 4730 sanctisque
998 4645 1067 4707 eius
1090 4642 1232 4708 <lirina¹1¹
1256 4645 1444 4732 obsequia¹1¹
1467 4644 1520 4710 die
1542 4655 1705 4731 noctuque
1723 4646 1844 4732 persol-

145 4761 180 4809 40
197 4752 341 4815 ventinm
364 4748 520 4836 quicquid
543 4748 658 4814 habuit
684 4751 719 4814 in
741 4746 835 4813 Cruft
856 4748 944 4811 6116
967 4744 1175 4812 Oalechheim
1198 4757 1230 4812 61
1252 4751 1286 4814 16
1308 4749 1464 4814 Hliurithi
1487 4750 1521 4812 in
1543 4749 1700 4813 comitatu
1721 4749 1841 4815 Irmen-

198 4853 282 4918 sridi.
315 4853 443 4918 Deinde
465 4852 601 4919 tradidit
615 4852 693 4918 Otto
718 4852 786 4917 dux
809 4854 842 4918 in
865 4851 1064 4916 Hullansteti
1086 4861 1119 4917 et
1140 4852 1315 4918 Heinriens
1339 4876 1398 4918 rex
1420 4852 1555 4918 tradidit
1578 4855 1612 4917 in
1626 4852 1844 4918 Veltbeccbi¹²

197 4968 230 5022 61
256 4959 290 5022 16
318 4957 530 5022 Herrihuson.
558 4993 602 5004 -
630 4956 722 5021 Haec
750 4959 848 5042 igitur
876 4957 986 5021 omnia
1014 4977 1077 5041 quq
1107 4959 1270 5043 praesenti
1302 4959 1422 5041 scripto
1446 4958 1654 5022 continentur
1674 4978 1842 5044 concessa,

197 5083 263 5124 non
284 5071 412 5126 tanturn
433 5063 627 5127 auctoritate
649 5060 752 5146 regali
774 5059 998 5140 concedimus,
1034 5060 1093 5125 sed
1121 5083 1196 5125 cum
1223 5060 1273 5126 his
1297 5083 1358 5146 que
1382 5062 1415 5124 in
1437 5059 1708 5126 Mundilineheim
1728 5061 1843 5128 habui-

198 5186 286 5246 111116,
319 5177 576 5248 augmentamus·
620 5165 664 5230 Ei
686 5183 709 5230 si
732 5196 845 5245 persona
865 5180 985 5246 quelibet
1006 5187 1172 5245 posterorum
1195 5187 1345 5230 nostrorum
1367 5164 1420 5230 vel
1448 5165 1602 5249 aliorum,
1636 5179 1708 5246 quod
1735 5184 1843 5235 minime

146 5351 181 5400 45
286 5350 343 5406 lec.
370 5352 465 5422 [nola]
561 5357 587 5416 a)
606 5371 672 5407 corr.
689 5355 809 5406 66611116
905 5355 933 5418 b)
952 5355 1002 5406 dar
1019 5361 1083 5406 aen
1100 5373 1118 5407 a
1135 5372 1201 5407 corr.
1219 5373 1300 5408 mero
1396 5357 1421 5418 6)
1440 5356 1534 5407 iem.
1552 5372 1601 5406 erre
1617 5372 1635 5406 v
1730 5359 1760 5424 d)
1778 5344 1843 5411 seim

369 5426 581 5476 eomwffi
669 5423 983 5490 asolqudmltam
1068 5424 1844 5493 fimesRaenr,irrden1LClba·eitadnesolqersdeWort

369 5508 400 5542 aa
421 5491 553 5544 61661161
573 5492 702 5559 16966666
722 5493 791 5544 nane
901 5495 929 5560 g)
950 5495 1051 5545 obitum
1073 5511 1094 5546 r.
1119 5498 1175 5544 eiua
1198 5493 1252 5556 aas
1267 5493 1356 5546 Bam
1466 5495 1494 5558 h>
1513 5495 1588 5546 'l'heo
1611 5511 1678 5546 eom
1699 5512 1747 5546 orer
1773 5496 1842 5546 'l'bio

368 5561 431 5625 i)A
532 5563 821 5625 inremotus
916 5561 1842 5629 1)nnonsmenrrnnromntaoemnaawwaotm‚

368 5629 672 5766 Qwibwh
691 5631 791 5698 ydem
813 5632 916 5684 nuder
935 5631 986 5683 ooli
1088 5634 1126 5696 m)
1145 5648 1162 5684 a
1184 5648 1251 5683 cerr.
1268 5648 1317 5682 eru
1339 5649 1356 5683 o
1459 5633 1488 5695 6)
1506 5634 1586 5699 equid
1608 5632 1702 5684 babuit
1718 5659 1753 5673 -
1771 5634 1843 5686 Volt-

369 5701 387 5754 b
455 5703 462 5715 ’
571 5717 640 5754 nem.
