4508 6428
395 417 459 484 394
996 429 1445 490 KAISERURKUNDEN.

395 640 452 674 esse
475 639 637 675 concessum.
671 624 783 690 Insuper
805 625 883 673 etiam
906 623 1061 674 obtuleruut
1083 625 1160 675 nobis
1183 626 1282 690 scripta
1303 627 1331 674 in
1353 626 1451 690 quibus
1474 627 1659 677 continebatur
1681 627 1820 688 insertum,
1843 623 1923 691 quod
1939 623 2064 674 Karolus

394 744 507 795 magnus
534 731 676 793 imperator
704 729 878 779 concessisset
903 727 988 779 eidem
1010 730 1170 779 monasterio
1192 729 1345 780 theloneum
1367 729 1400 779 de
1423 729 1537 780 navibus
1559 745 1628 796 quae
1650 746 1697 795 per
1719 731 1831 780 flumina
1855 729 2063 786 discurrebant,

395 849 444 884 nec
466 849 521 883 non
543 839 569 884 et
591 831 623 882 de
646 834 727 882 carris
750 837 776 882 et
798 833 955 898 saugmariis
983 834 1134 882 necessaria
1161 832 1246 896 ipsius
1273 833 1426 882 monasterii
1453 832 1497 883 vel
1526 836 1738 900 congregationis
1763 833 1869 884 ibidem
1893 833 1947 883 deo
1973 831 2062 880 samn-

394 938 474 988 lantis
503 940 612 1004 eiusque
641 937 757 987 familiae
780 937 972 999 deferentibus,
1001 933 1186 1000 undecumque
1208 933 1288 984 fiscus
1310 935 1463 986 theloneum
1486 938 1591 1002 exigere
1613 942 1715 1002 potest;
1744 953 1793 1002 pro
1818 936 1961 986 firmitatis
1985 949 2059 983 narn-

394 1057 445 1106 que
474 1041 562 1091 studio
590 1040 794 1104 postulaverunt
819 1057 867 1090 nos
889 1039 1019 1104 praedicti
1041 1039 1207 1090 venerabiles
1228 1041 1293 1104 riri,
1323 1058 1339 1089 s
1360 1047 1391 1091 ut
1413 1047 1551 1116 paternum
1574 1057 1673 1092 morem
1695 1047 1837 1107 sequentes
1862 1039 2092 1093 huiuscemodi5

392 1146 558 1195 auctoritatis
581 1149 686 1195 nostrae
709 1143 865 1195 beneficium
889 1145 974 1196 sidem
996 1146 1200 1197 concederemus
1221 1151 1248 1194 et
1271 1145 1485 1196 confirmaremus
1507 1146 1676 1196 monasterio.
1697 1145 1753 1196 Nec
1776 1161 1831 1195 non
1855 1150 1883 1194 et
1904 1149 2056 1208 praecepta

392 1248 531 1298 offerentes
549 1247 620 1312 quod
638 1248 708 1297 idem
731 1232 910 1318 supradicti
932 1251 1065 1314 principes
1080 1250 1270 1312 Franchorum,
1293 1249 1419 1307 videlicet
1434 1233 1577 1299 Karolus
1601 1236 1778 1320 imperator
1800 1265 1925 1314 avusque
1946 1233 2055 1317 ipsius

391 1351 565 1402 Ludouuicus
588 1354 731 1417 imperator
752 1367 802 1402 nec
824 1369 878 1401 non
901 1359 927 1402 et
949 1370 965 1401 s
986 1369 1103 1417 proavus
1125 1340 1195 1402 elus
1217 1353 1333 1403 Karolus
1355 1355 1498 1418 imperator
1520 1359 1664 1418 augustus,
1687 1353 1772 1404 eidem
1795 1354 1965 1403 monasterio
1990 1368 2054 1400 con·

340 1509 342 1514 ,
390 1454 513 1505 cederent
534 1453 667 1519 quandam
691 1461 792 1519 partem
815 1471 911 1505 census
933 1472 980 1507 seu
1003 1458 1097 1507 tributi
1118 1471 1187 1522 quae
1210 1458 1248 1506 eis
1271 1457 1408 1506 annuatim
1431 1473 1464 1507 ex
1479 1457 1637 1508 Alemannis
1658 1457 1839 1518 solvebantur,
1863 1456 1996 1506 videlicet
2019 1470 2053 1504 ex

391 1565 503 1609 centena
523 1559 676 1624 Erihgsuue
705 1565 732 1608 et
752 1560 868 1624 Apphon
895 1567 1063 1626 nuncupata,
1093 1577 1142 1612 nec
1169 1577 1224 1611 non
1247 1565 1273 1611 et
1295 1560 1423 1611 decimam
1446 1560 1479 1610 de
1500 1563 1622 1625 portione
1644 1576 1712 1627 qnae
1734 1562 1763 1610 iu
1784 1561 1947 1625 Albegenue
1970 1561 2051 1619 iacet,
2071 1567 2102 1614 ιο

390 1678 438 1712 seu
461 1669 487 1712 et
508 1678 606 1712 nonam
629 1679 662 1712 ex
683 1661 747 1712 fisco
770 1664 846 1712 cuius
869 1663 1029 1714 vocabulum
1052 1669 1091 1714 est
1113 1663 1265 1725 Sahsbach,
1294 1668 1374 1728 atque
1403 1665 1482 1714 etiam
1505 1670 1531 1715 et
1552 1678 1649 1715 nonam
1677 1669 1778 1729 partem
1800 1665 1895 1714 tributi
1921 1677 1993 1728 quse
2017 1678 2051 1711 ex

390 1767 554 1832 Prisegouue
584 1767 619 1816 ad
647 1772 767 1817 nostrum
796 1769 912 1834 exigitur
941 1784 1016 1833 opus.
1052 1769 1127 1818 Haec
1157 1773 1246 1818 autem
1275 1768 1398 1831 superins
1428 1767 1617 1832 comprehensa
1646 1783 1693 1832 pro
1724 1765 1903 1816 emolumento
1941 1766 2050 1814 animae

389 1875 495 1920 nostrae
509 1870 544 1920 ad
562 1871 632 1922 idem
653 1873 842 1922 monasterium
865 1872 1034 1934 contulimus,
1057 1877 1189 1938 qnatenus
1212 1870 1334 1922 monachi
1357 1869 1518 1935 stipendium
1539 1872 1718 1921 necessarium
1739 1869 1869 1920 habentes
1891 1885 1943 1935 pro
1967 1870 2049 1919 nobis

389 1973 504 2024 alacrius
527 1974 626 2024 domini
648 1975 855 2025 misericordiam
878 1991 986 2027 exorare
1008 1980 1158 2041 procurent,
1182 1974 1229 2024 sed
1246 1979 1273 2024 et
1290 1979 1437 2024 statuentes
1459 1967 1636 2039 praecipimus
1658 1979 1689 2025 ut
1710 1989 1796 2026 nonae
1818 1981 1900 2039 atque
1924 1973 2048 2024 decimae

388 2093 457 2143 qnae
479 2094 527 2143 pro
549 2084 640 2128 nostra
662 2079 806 2130 elemosina
827 2079 963 2144 praedicto
986 2079 1147 2130 contulimus
1170 2079 1338 2140 monasterio,
1360 2079 1445 2143 primo
1467 2083 1609 2143 antequam
1632 2094 1735 2128 summa
1756 2093 1886 2128 censuum
1909 2083 1939 2127 et
1960 2077 2046 2128 tribu·
2068 2091 2097 2138 ιε.

331 2215 335 2220 -
388 2188 475 2232 torum
505 2182 690 2248 dispertiatur,
723 2185 864 2250 agentibus
893 2185 1047 2235 monasterii
1076 2184 1172 2235 deutur
1194 2188 1222 2234 et
1242 2181 1411 2248 postmodum
1440 2180 1487 2232 fiat
1516 2181 1611 2231 divisio
1633 2183 1747 2246 partium
1770 2196 1839 2248 quae
1861 2181 1897 2231 sd
1921 2186 2046 2232 nostrum

388 2286 431 2336 vel
449 2288 575 2336 comitum
597 2293 747 2338 nostrorum
764 2289 807 2336 ius
824 2289 956 2352 pertinere
979 2288 1084 2339 debent.
1117 2289 1173 2338 Nos
1188 2303 1251 2338 vero
1274 2287 1487 2353 supradictorum
1509 2286 1701 2336 venerabilium
1723 2288 1842 2336 virorum
1863 2286 2047 2350 petitionibus

388 2396 415 2440 et
437 2391 569 2441 voluntati
597 2391 749 2441 satisfacere
778 2393 915 2456 cupientes
938 2393 1018 2442 stiam
1041 2397 1238 2442 autecessorum
1261 2398 1412 2443 nostrorum
1435 2407 1561 2441 concessa
1582 2391 1723 2457 privilegia
1744 2390 1895 2440 firmissima
1917 2389 2045 2456 largitate

387 2481 420 2544 in
444 2488 571 2544 tantmu
595 2497 750 2546 roboramus
772 2490 823 2563 ut,
858 2480 1122 2566 quandoquidem
1151 2482 1330 2545 necessitas
1360 2481 1563 2565 poposcerit,
1597 2477 1660 2565 ipsi
1683 2478 1833 2544 monachi
1858 2478 2045 2543 secundum

387 2581 534 2667 regulam
563 2585 669 2647 sancti
691 2583 862 2648 Benedicti
891 2582 1057 2648 licentiam
1086 2585 1170 2647 inter
1196 2605 1231 2647 se
1252 2581 1397 2647 habeant
1426 2583 1566 2668 eligendi
1596 2583 1743 2649 abbates.
1781 2599 1817 2648 Et
1839 2600 1967 2648 iussimus
1991 2599 2043 2648 hoc
2062 2607 2094 2654 au

386 2707 493 2752 nostrae
516 2703 682 2752 auctoritatis
705 2707 876 2767 praeceptum
898 2702 960 2752 inde
983 2702 1116 2752 conscribi
1137 2719 1184 2766 per
1204 2702 1276 2768 qnod
1298 2704 1464 2755 decernimus
1486 2712 1566 2771 atque
1589 2706 1718 2768 iubemus,
1742 2711 1772 2754 ut
1786 2706 1865 2754 sicuti
1888 2705 1924 2754 ab
1940 2703 2043 2754 eisdem

386 2807 609 2869 supranominatis
639 2806 851 2855 antecessoribus
880 2807 977 2856 nostris
1007 2789 1112 2854 eidem
1136 2808 1294 2857 monasterio
1318 2813 1344 2857 et
1366 2808 1494 2858 fratribus
1516 2809 1589 2874 regia
1611 2808 1653 2858 vel
1675 2807 1805 2872 imperiali
1827 2806 1955 2872 largitate
1979 2823 2042 2855 con-

386 2925 488 2958 cessum
512 2914 559 2971 eet,
582 2910 620 2958 ita
642 2908 766 2972 deinceps
788 2910 885 2958 nostris
907 2909 1056 2974 biturisque
1078 2911 1242 2974 temporibus
1264 2909 1414 2963 brutissima
1435 2913 1537 2962 ratione
1560 2917 1720 2976 permaneat
1754 2911 1790 2960 Et
1807 2917 1838 2960 ut
1858 2911 1910 2960 boc
1934 2917 2042 2960 nostrae

385 3015 551 3064 auctoritatis
573 3019 743 3079 praeceptum
765 3016 793 3063 in
816 3014 1020 3064 succedentibus
1043 3015 1119 3065 annis
1141 3014 1242 3066 firmius
1264 3017 1394 3067 habeatur
1415 3021 1442 3066 et
1463 3016 1616 3082 diligentius
1639 3017 1801 3078 observetur,
1824 3017 1936 3080 propria
1958 3029 2043 3064 mann

387 3123 478 3168 nostra
500 3117 661 3167 firmavimus
684 3123 711 3166 et
732 3118 806 3167 anuli
828 3119 911 3167 nostri
934 3120 1107 3183 impressione
1129 3119 1240 3186 sig-illari
1263 3122 1396 3170 iussimus.
2059 3124 2092 3171 26

1811 3192 1820 3210 ,

490 3379 504 3460 ξ
526 3383 691 3450 Liutulfns
708 3384 925 3450 cancellarius
940 3384 1091 3451 advicem
1106 3387 1269 3453 Brunouis
1291 3388 1544 3476 archicapellani
1567 3391 1744 3475 recognovi
1760 3398 1793 3455 et
1808 3389 2004 3478 subscripsi.
2028 3389 2043 3472 ξ

1956 3497 2042 3578 (SR)

488 3650 578 3714 Data
897 3650 911 3690 ⁶
933 3675 1020 3718 auno
1045 3652 1230 3718 dominicae
1252 3654 1486 3723 incarnationis
1502 3674 1693 3741 nccccnxv,
1716 3656 1829 3724 indict.
1845 3676 1925 3743 vm,
1949 3682 2040 3726 anno

384 3762 494 3818 autem
516 3755 608 3837 regni
631 3757 829 3820 serenissimi
852 3759 938 3841 regis
962 3756 1093 3822 Ottonis
1117 3777 1220 3842 xxvl,
1248 3761 1374 3844 imperii
1398 3764 1590 3846 etiam11113
1625 3773 1735 3828 actum
1757 3765 1792 3827 in
1813 3762 2042 3849 Uuormacia3
2061 3783 2094 3830 30

385 3873 474 3920 v1111.
497 3856 564 3921 kal.
587 3867 682 3922 mart.
706 3859 739 3922 in
763 3859 813 3924 dei
837 3863 967 3925 nomine
990 3882 1096 3926 amen.

1164 4171 1249 4246 278.

391 4336 472 4413 Otto
499 4339 639 4413 schenkt
664 4340 730 4415 cler
751 4341 884 4416 Kircbe
912 4342 972 4416 des
998 4345 1031 4417 lt.
1064 4346 1182 4420 Moriz
1209 4373 1254 4420 zu
1279 4345 1505 4446 Mapdeburp
1530 4349 1617 4420 zwei
1641 4347 1837 4446 kenipliclre
1861 4349 1966 4450 Hojse
1992 4381 2040 4427 zu

389 4458 497 4534 Calbc
523 4461 604 4535 und
626 4462 847 4563 Bosenburp.
1550 4489 1711 4563 lupellum
1733 4492 1796 4550 965
1819 4491 1915 4551 Mure
1936 4499 1993 4555 28,

482 4713 700 4786 Mandeburner
716 4712 893 4788 Gepiolbnclr
915 4716 966 4776 des
989 4718 1039 4777 15.
1057 4717 1109 4777 Ji.
1133 4719 1157 4790 f.
1182 4725 1223 4781 19
1246 4722 1289 4779 im
1309 4721 1338 4782 k.
1363 4711 1567 4782 Stnctsarcln'v
1587 4741 1628 4782 eu
1650 4723 1834 4798 Mandrum
1857 4724 1927 4804 (D).
2054 4743 2088 4790 ae

487 4875 653 4934 Widnlcind
675 4876 719 4936 ed.
744 4876 875 4938 Meibem
893 4883 955 4940 124
971 4881 1043 4954 Rey.
1066 4916 1110 4924 —
1131 4884 1250 4944 [suber
1270 4886 1407 4960 Disquis.
1430 4888 1567 4961 stapulas
1590 4889 1699 4948 Saron.
1722 4893 1856 4950 n⁰1600
1879 4893 2035 4965 anyeblr'cb

482 4995 539 5036 aus
562 4977 628 5034 dem
647 4976 784 5052 &ipisci
805 4979 856 5060 (L)
881 5007 918 5035 -τ
944 4984 1046 5058 nunu
1067 4985 1136 5045 ΒΑ.
1161 4983 1225 5060 10⁶,
1249 4992 1313 5049 344
1335 4994 1369 5048 πθ
1391 4992 1442 5062 15,
1468 5014 1507 5044 =
1531 4992 1681 5051 Huvener
1702 4991 1848 5052 Chronica
1869 5012 1929 5072 con
1944 4994 2035 5056 onae

483 5083 526 5141 ed.
547 5092 587 5152 ΙΙ,
604 5085 650 5143 22
672 5106 711 5136 =
736 5085 885 5145 Huoecrer
901 5086 1048 5148 Chronica
1069 5107 1125 5149 von
1141 5089 1228 5150 caue
1250 5094 1283 5150 in
1305 5092 1433 5173 (Hebae)
1455 5095 1541 5154 Fasc.
1567 5113 1665 5169 opusc.
1689 5098 1757 5156 bist.
1781 5099 1810 5156 6.
1833 5131 1878 5140 —-
1899 5097 2036 5160 Bebmer

481 5188 554 5260 Rep.
577 5191 651 5248 286.
675 5219 719 5229 -
741 5187 869 5261 Stunrpf
886 5191 959 5264 Περ.
984 5194 1057 5253 351.

483 5350 545 5409 Vrm
566 5351 622 5410 LI.
646 5349 773 5421 versasse
795 5353 860 5410 und
881 5356 956 5413 wohl
977 5358 1053 5415 anch
1071 5359 1265 5430 nesciturum.
1289 5395 1333 5403 -
1354 5362 1431 5421 Dem
1450 5363 1536 5422 Teate
1556 5363 1586 5422 L
1607 5364 1676 5437 lieyt
1697 5363 1862 5422 scbwnlr'clr
1885 5365 1941 5425 dus
1963 5367 2033 5427 Ori-
2052 5382 2088 5430 40

463 5550 522 5606 277.
550 5554 577 5614 d)
597 5553 651 5606 Po.
675 5555 735 5605 liras
760 5556 863 5610 Lueken
879 5559 930 5622 Γώ-
953 5561 1003 5612 dos
1027 5562 1209 5628 Ταφωᾱαιιιπι,
1236 5564 1287 5615 den
1305 5563 1521 5630 Arurtsllnnqrort
1538 5566 1594 5616 ond
1607 5565 1659 5627 jiir
1675 5566 1833 5617 rdrrntliclrr
1850 5567 1952 5632 Einer,·
1977 5574 2036 5622 cirre

547 5623 644 5743 ffin
671 5624 753 5675 Hand
778 5625 823 5677 der
846 5630 887 5678 10.
905 5627 951 5680 Jt.
971 5631 1047 5697 ῥίφω
1072 5645 1101 5696 v,
1127 5646 1198 5694 vm,
1225 5646 1270 5698 rr,
1298 5647 1347 5686 1111
1374 5633 1465 5696 tinea,
1491 5635 1652 5700 despleicbrn
1675 5639 1702 5686 in
1720 5637 1882 5688 Uuormacis
1900 5650 1983 5692 vmr.
2007 5642 2035 5693 lr.
