4530 6434
907 427 1032 484 ΟΤΤΟ
1055 428 1078 483 I.
1103 424 1174 482 971.
1801 419 1863 485 547

319 611 428 669 Ktrelre
449 630 489 669 00
511 610 648 680 Floram,
679 627 741 670 war
762 612 832 670 aber
853 612 895 669 im
923 611 955 670 J.
972 613 1057 670 1013
1080 607 1114 688 (s.
1137 611 1248 684 Uqaettt
1270 611 1312 670 ed.
1334 620 1373 681 ll,
1398 616 1428 682 3,
1453 611 1506 689 47)
1535 612 1622 671 nimia
1646 615 1790 672 vetustate
1814 631 1864 672 ne·

321 716 414 789 glotta
438 717 523 786 atque
545 730 616 787 pena
640 713 748 788 diruta,
781 714 887 772 tormte
909 715 972 773 also
995 719 1054 774 971
1080 715 1158 772 recl-t
1181 715 1254 774 roohl
1277 717 1358 774 einer
1380 715 1571 774 Kluusaerr‘n
1592 734 1662 774 sara
1685 715 1863 787 Aufeatlzalt

320 818 384 876 aad
405 817 668 876 Lebensaatertult
692 819 874 890 sinperctarnt
897 817 1020 876 roerden.
1044 849 1086 860 —-
1112 818 1160 876 Za
1183 817 1324 889 frtherea
1345 818 1510 876 Versuelrea
1533 818 1590 876 den
1608 819 1864 892 Aassteltanpsort

318 939 359 978 aa
381 920 549 978 testimari-ea
572 920 679 976 somna
697 921 772 991 jetrt
793 920 866 977 noch
890 919 942 976 der
958 922 990 976 ia
1006 919 1135 992 Stampf
1146 921 1315 993 Na-cttro-p:
1340 919 1416 979 Colle
1432 905 1476 978 bei
1491 921 1605 978 Nocere
1621 928 1666 978 00.
1684 939 1739 979 oon
1754 921 1862 980 Assisr'.

317 1023 396 1082 ‚lber
417 1040 446 1081 es
465 1024 528 1095 piot
550 1025 584 1080 in
606 1022 658 1080 der
678 1022 764 1081 Nutu
786 1039 841 1080 000
863 1023 994 1096 Perapiu
1016 1040 1048 1082 so
1070 1023 1233 1081 eatlreicte
1259 1023 1447 1095 Ortselraften
1474 1024 1604 1096 plciclrea
1633 1025 1764 1083 Nemeae
1794 1025 1863 1085 class

318 1128 487 1185 01000000
510 1125 745 1198 Antaltsptmlcte
767 1124 823 1196 frtr
845 1125 898 1184 clos
921 1125 1056 1184 Itinerar
1079 1127 1142 1184 eine
1163 1127 1273 1184 sirlrere
1291 1127 1433 1199 Deatuap
1456 1128 1534 1185 nicht
1557 1128 1681 1200 rrrtpliet
1703 1130 1750 1186 ist.

418 1311 457 1374 ln
480 1311 610 1376 nomine
633 1319 766 1374 sanctae
790 1319 822 1373 et
844 1309 1033 1373 individuae
1056 1310 1220 1374 trinitatis.
1260 1308 1339 1374 Otto
1358 1311 1469 1375 divina
1485 1310 1675 1396 providente
1691 1313 1863 1380 clementia

216 1418 393 1500 imperator
424 1423 593 1498 augustus.
696 1411 730 1478 Si
760 1412 837 1476 loca
869 1412 987 1477 divinis
1018 1412 1159 1477 cultibus
1191 1415 1378 1497 mancipata
1407 1414 1467 1478 sub
1499 1424 1610 1478 nostro
1646 1418 1800 1500 regimine
1831 1428 1863 1482 et

215 1519 391 1584 munimine
415 1518 653 1602 susceperimus
677 1527 708 1579 et
731 1518 883 1580 iuvamen
911 1517 1014 1579 nostri
1045 1517 1171 1600 imperii
1201 1515 1463 1600 praebuerimus,
1495 1528 1530 1581 ut
1558 1519 1590 1580 in
1620 1521 1751 1602 proprio
1776 1529 1863 1584 statu

166 1639 197 1686 10
216 1624 393 1688 constituta
414 1621 490 1685 loca
512 1620 560 1684 ab
577 1621 717 1683 inimicis
741 1622 856 1684 invasa
881 1641 992 1684 secure
1015 1617 1186 1702 possidere
1208 1619 1355 1700 valeant,
1387 1620 1464 1685 hinc
1494 1620 1608 1706 procul
1633 1621 1731 1686 dubio
1757 1622 1861 1687 suble-

214 1728 283 1790 vari
307 1725 426 1790 divinis
450 1723 583 1788 auxiliis
606 1725 736 1787 minime
766 1723 971 1805 ambigimus.
1012 1721 1174 1802 Quocirca
1199 1734 1333 1787 sanctae
1357 1723 1407 1787 dei
1432 1723 1589 1788 ecclesiae
1612 1735 1859 1810 nostrorumque

215 1827 357 1892 fidelium
380 1835 449 1891 tum
472 1828 693 1911 praesentium
716 1833 784 1888 tum
807 1827 905 1889 etiam
923 1825 1105 1889 futurorum
1120 1835 1237 1890 noscat
1252 1825 1421 1909 industria,
1446 1827 1533 1912 quod
1550 1827 1735 1911 praeclarus
1752 1827 1859 1892 Gobo-

215 1931 335 1996 hardus
360 1952 469 1994 comes
493 1930 595 1993 nostri
619 1925 820 1992 celsitudinis
844 1928 970 2013 imperii
994 1927 1122 1993 eulmen
1145 1927 1258 1992 adiens
1281 1929 1443 1994 humiliter
1467 1931 1661 2017 deprecatus
1685 1941 1748 2015 est,
1773 1933 1862 2019 quod

214 2035 366 2099 videlicet
385 2033 546 2097 inclusam
562 2030 736 2095 salvatoris
752 2033 855 2095 nostri
872 2031 948 2095 Iesu
965 2029 1083 2096 Christi
1105 2031 1262 2116 obsequio
1285 2032 1506 2098 inhaerentem
1529 2037 1645 2118 iugiter
1668 2037 1727 2101 sub
1749 2047 1860 2102 nostro

164 2155 195 2202 16
214 2141 342 2224 penitus
366 2138 519 2220 suffragio
543 2145 575 2200 et
597 2137 754 2199 tutamine
776 2137 1006 2220 reciperemus,
1030 2139 1161 2201 nornine
1177 2135 1472 2221 Hermergaridarn,
1497 2161 1569 2204 cum
1594 2141 1734 2206 eeclesia
1756 2145 1858 2207 sancti

214 2243 359 2306 llliniatis
382 2240 498 2305 honori
522 2239 631 2303 dicata
654 2247 752 2323 atque
776 2240 842 2303 suis
866 2240 1026 2302 universis
1049 2239 1294 2323 pertinentibus.
1342 2241 1439 2321 Quod
1468 2243 1600 2326 dignuin
1631 2245 1749 2329 quippe
1773 2244 1861 2310 duci-

214 2369 299 2426 mus,
336 2346 413 2410 dum
443 2343 592 2409 omnibus
622 2352 807 2408 nostrorum
836 2365 1011 2427 regnorum
1038 2327 1185 2407 ecclesiis
1207 2365 1274 2408 non
1298 2343 1400 2409 solum
1426 2367 1592 2430 praeesse,
1627 2352 1862 2412 verumetiam

213 2448 382 2534 praedicta
403 2450 504 2512 nostri
529 2447 655 2532 imperii
679 2444 838 2510 celsitudo
863 2469 923 2511 nos
947 2449 1059 2530 exigat
1081 2445 1156 2510 huic
1179 2455 1246 2511 tarn
1269 2447 1405 2510 festivae
1429 2450 1578 2532 petitioni
1595 2459 1708 2514 ettam
1727 2461 1860 2516 sanctae

213 2552 358 2617 eiusdem
381 2551 518 2616 devotae
541 2573 652 2615 aurem
674 2561 808 2614 nostrae
832 2553 1016 2615 serenitatis
1035 2551 1229 2635 propensius
1252 2548 1418 2630 inclinare,
1442 2553 1493 2614 cui
1510 2553 1641 2637 insuper
1657 2551 1720 2616 hoc
1736 2553 1859 2618 mondi-

163 2667 196 2713 00
214 2655 365 2719 burdium
395 2656 479 2718 sacri
510 2655 613 2717 nostri
641 2653 753 2739 palatii
783 2653 851 2716 fieri
880 2655 1048 2734 iussimus,
1084 2664 1119 2716 ut
1148 2652 1261 2716 eadem
1291 2653 1411 2718 devota
1440 2657 1533 2738 virgo
1569 2657 1670 2740 ipsius
1700 2656 1860 2721 ecclesiae

215 2781 342 2824 omnem
367 2760 513 2842 optineat
534 2760 691 2841 vigorem,
714 2759 761 2820 uti
785 2759 960 2842 opiscopus
984 2759 1050 2822 iarn
1074 2757 1199 2842 pridem
1222 2759 1250 2820 ei
1275 2769 1492 2836 concesserat,
1516 2761 1548 2823 in
1568 2762 1695 2825 cunctis
1715 2760 1860 2825 eiusdem

215 2863 374 2928 ecclcsiae
404 2863 622 2946 pertinentiis,
653 2872 751 2946 atque
783 2881 1016 2946 quemcumque
1047 2860 1109 2925 sibi
1138 2871 1170 2924 et
1196 2860 1354 2925 ecclesiae
1377 2862 1576 2926 advocatum
1598 2863 1641 2926 ad
1664 2863 1860 2946 exigendum

213 2969 329 3032 iniuste
346 2966 529 3030 abstractas
547 2966 608 3030 sibi
623 2987 675 3028 res
690 2963 838 3046 voluerit,
856 2964 955 3047 eligat
973 2961 1084 3049 <isque
1100 2967 1202 3027 nostri
1219 2965 1296 3028 iuris
1314 2965 1460 3048 optineat
1474 2966 1643 3048 vigorem‘*
1661 2967 1731 3030 viee
1747 2976 1859 3030 nostra

214 3080 245 3134 et
269 3069 426 3155 quidquid
449 3069 524 3133 inde
549 3067 751 3134 subtractum
774 3069 872 3132 frierit
893 3069 1021 3148 iniuste,
1046 3067 1224 3131 secundum
1248 3067 1453 3132 iudiciarium
1477 3077 1631 3133 statutum
1650 3069 1694 3133 ad
1712 3069 1860 3133 eamdem

162 3188 194 3235 as
214 3172 386 3238 ecelesiam
401 3174 590 3236 universum
604 3173 764 3235 restituat.
800 3170 833 3234 Si
850 3172 922 3255 quis
946 3171 1044 3253 igitur
1066 3192 1219 3256 perverso
1242 3171 1275 3234 in
1298 3169 1429 3235 homine
1452 3171 1514 3236 hoc
1538 3174 1700 3236 contraire
1723 3183 1858 3256 tempta·

212 3279 304 3356 verit,
329 3285 444 3339 noscat
467 3297 502 3338 se
524 3297 615 3338 reum
637 3275 765 3358 imperii
787 3274 968 3337 maiestatis
991 3275 1084 3358 eique
1102 3275 1359 3358 compositurum
1377 3274 1477 3338 libras
1497 3277 1566 3338 auri
1587 3278 1698 3361 optimi
1719 3286 1857 3358 centum,

212 3378 419 3442 medietatem
447 3399 596 3440 camerae
624 3386 771 3458 nostrae,
801 3376 936 3440 alteram
965 3377 1122 3442 ecclesiae
1146 3375 1241 3460 ml>
1290 3377 1387 3458 Quod
1410 3388 1445 3442 ut
1466 3381 1574 3443 verius
1605 3379 1757 3444 credatur
1788 3379 1858 3444 dili·

212 3483 404 3568 gentiusque
428 3480 470 3544 ab
495 3480 644 3544 omnibus
669 3479 875 3561 observetur,
906 3480 994 3543 anuli
1022 3482 1125 3545 nostri
1148 3482 1361 3566 impressione
1386 3481 1499 3546 subtus
1523 3485 1675 3547 iussimus
1700 3471 1861 3566 insigniri.

314 3621 427 3684 Petrus
451 3617 666 3683 cancellarius
690 3617 839 3682 advicern
866 3617 1027 3702 [Huberti]
1052 3620 1198 3705 episcopi
1221 3631 1253 3684 ot
1276 3619 1554 3684 archicancellarii
1576 3624 1763 3705 recognovi.

160 3781 193 3827 30
313 3758 436 3822 Datum
452 3756 603 3822 kalendis
620 3759 727 3821 martii
744 3779 830 3822 anno
855 3756 1038 3821 dominicae
1061 3758 1294 3821 incarnationis
1318 3773 1524 3838 Dcccctxxr,
1550 3781 1635 3823 anno
1653 3781 1728 3823 vero
1747 3758 1856 3824 domni

211 3860 342 3926 Ottonis
366 3863 562 3926 serenissimi
586 3863 793 3946 imperatoris
815 3878 848 3942 X,
872 3859 1050 3925 indictione
1071 3878 1147 3942 xrv3
1172 3871 1280 3948 actum
1303 3862 1337 3926 in
1360 3862 1513 3925 comitatu
1538 3863 1695 3946 Perugiae
1718 3863 1750 3925 in
1774 3861 1857 3927 colle
1942 3915 1944 3918 .

211 3966 265 4049 qui
288 3964 406 4028 dicitur
428 3964 517 4048 apud
540 3962 642 4028 Colle.

991 4151 1077 4226 toa.

220 4305 300 4380 Otto
330 4304 473 4376 uorlciIrt
494 4304 572 4375 clean
592 4304 631 4374 K
634 4304 737 4376 laetor
755 4303 792 4378 S.
818 4304 992 4378 Viaccnzo
1020 4331 1079 4377 arra
1103 4306 1272 4379 Volturno
1301 4321 1406 4379 ¹uratur
1429 4309 1854 4405 010010πὶ000Βοεΐίἱῑί-

160 4453 192 4498 35
209 4452 309 4522 paup
328 4424 387 4496 <les
407 4423 769 4519 Inquisitionsreclrtos
788 4423 972 4498 Varreedtc
990 4426 1040 4498 ina.
1062 4427 1263 4525 Verso-laren
1278 4455 1390 4526 pepon
1410 4429 1466 4500 elie
1481 4429 1714 4501 Klosterlcato
1732 4430 1856 4503 00101ιο

209 4545 281 4619 sau
300 4545 364 4618 ulcr·
381 4543 572 4642 Hdriplceit
587 4570 632 4616 aa
651 4544 830 4616 catziolrea
852 4545 1019 4618 tructus.
1397 4569 1542 4626 Rauenna
1564 4573 1624 4627 971
1651 4568 1738 4639 upra
1759 4571 1811 4626 22.

314 4753 477 4813 Chronicoa
498 4752 699 4822 Volturncase,
725 4751 821 4809 Codex
843 4753 1046 4825 autoqrapuus
1069 4769 1126 4812 000
1149 4753 1361 4828 0000001000
1384 4755 1433 4812 des
1456 4759 1506 4812 12.
1531 4755 1583 4814 Jt.
1607 4755 1630 4826 t'.
1655 4759 1720 4816 192
1749 4757 1781 4812 ia
1804 4754 1856 4812 der

312 4857 478 4918 Bibliottelr
500 4857 663 4916 Barberini
684 4873 724 4914 aa
747 4855 822 4914 Itone
847 4854 909 4934 (A.)

312 4997 465 5054 Muratori
488 4995 539 5055 SS.
564 4989 607 5064 ll,
632 4998 695 5054 440
717 5012 773 5052 000
797 4994 833 5052 Α.
857 5028 900 5035 -
923 4994 1052 5052 Bdluucr
1073 4996 1146 5067 Rea.
1170 4999 1233 5054 364
1257 4995 1320 5053 aad
1344 4995 1470 5068 Struapf
1489 4995 1560 5067 ch.
1585 4998 1646 5054 504
1669 5012 1709 5052 aa
1732 4997 1804 5052 972.

160 5155 193 5201 40
313 5132 352 5190 D.
377 5133 710 5205 0000000000100000
732 5149 772 5190 00
795 5132 898 5191 dassen
919 5130 1111 5206 Aasstelluap
1139 5133 1177 5191 It.
1202 5133 1239 5192 E.
1268 5132 1412 5204 tetlretlr'pt
1432 5149 1568 5204 periisses·
1584 5150 1624 5189 aa
1646 5132 1710 5190 seia
1731 5131 1852 5190 seteint.

316 5235 406 5294 Ueter
428 5235 475 5293 die
497 5235 650 5308 Datiranp
669 5254 693 5294 s.
718 5235 812 5295 sicta
835 5235 928 5295 Besa.
952 5253 1010 5293 aar
1032 5235 1114 5308 Dr'pl.
1140 5238 1168 5305 8,
1193 5239 1266 5294 172.

415 5421 453 5484 Iu
474 5423 606 5486 nomine
629 5431 741 5486 sancte
764 5430 796 5486 et
818 5420 984 5486 individue
1007 5421 1170 5485 trinitatis.
1210 5419 1287 5484 Otto
1313 5419 1424 5484 divina
1448 5420 1579 5484 favente
1601 5419 1774 5484 elementia
1795 5419 1853 5482 im-

211 5533 342 5608 perator
365 5531 533 5607 augustus.
621 5522 774 5589 Omnium
798 5533 910 5590 sancte
933 5522 984 5587 dei
1008 5522 1145 5586 ecclesie
1168 5526 1336 5609 nostrique
1358 5523 1455 5608 longe
1477 5524 1607 5610 lateque
1629 5525 1755 5608 imperii
1775 5521 1853 5587 fide-

298 5693 355 5747 401.
386 5693 541 5763 [Ottenthal]
646 5699 671 5756 a)
689 5696 820 5763 vigoreA
925 5699 952 5758 b)
973 5697 1100 5750 ecclesiae
1120 5705 1168 5748 etc.
1189 5697 1219 5748 A.

1588 5783 1646 5844 69*
