4500 6428
427 412 492 479 344
625 437 627 442 ·
1024 418 1477 480 KAISERURKUNDEN.

427 620 549 671 fidelitati
571 622 751 687 prompeiores
773 619 874 682 reddat,
897 621 1005 685 insuper
1028 625 1054 670 et
1076 619 1110 670 ab
1133 625 1240 670 aeterno
1264 613 1386 670 arbitre¹
1408 616 1603 669 indeficientem
1621 618 1825 668 retributionem
1844 614 1997 680 percipiat
2029 611 2101 673 Qua-

427 731 535 789 propter
556 706 570 786 11
592 726 710 774 666166
732 723 850 774 fidelium
872 729 980 774 sanctae
1003 723 1044 774 dei
1068 724 1196 790 aecclesie
1218 729 1422 788 nostrorumque
1445 723 1611 786 presencium
1634 721 1735 772 scilicet
1755 736 1786 770 ac
1805 720 1969 770 1616161616
1990 715 2099 766 noverit

427 827 566 890 industria,
595 827 709 893 qualiter
730 829 882 878 interventu
904 843 936 877 ae
957 829 1090 892 peticione
1113 811 1272 896 adeleide
1296 812 1512 896 imperatricis
1536 811 1719 896 (1116616666
1742 809 1897 892 coniugis
1922 815 2043 888 nostre
2067 813 2098 867 et

428 915 597 980 Adelberti
620 931 705 980 incliti
728 917 858 979 comitis
880 915 1039 1000 Regensis
1062 917 1130 980 sive
1153 913 1348 979 Motinellsis
1371 913 1476 979 fidelis
1499 916 1602 979 nostri
1632 945 1680 994 per
1707 929 1787 979 huius
1814 928 1940 993 precepti
1967 926 2097 991 paginam

428 1034 614 1084 confirmamus
642 1049 674 1084 ac
702 1034 816 1099 pleniter
844 1035 1047 1084 corroboramus
1077 1039 1185 1083 sanctas
1207 1033 1323 1099 Regensi
1346 1033 1491 1086 aecclesiae
1520 1034 1549 1082 in
1576 1033 1677 1083 honore
1707 1026 1840 1081 samiae
1872 1029 1918 1080 dei
1950 1025 2127 1094 genitricisb

428 1155 582 1206 semperque
605 1141 721 1204 virginis
739 1141 824 1205 116116
847 1140 984 1204 sanctique
1006 1139 1131 1202 Prosperi
1155 1138 1254 1187 Christi
1283 1121 1480 1186 confessoris
1509 1141 1660 1201 constructe
1687 1136 1731 1185 cui
1759 1116 1988 1183 Ermenaldus
2019 1147 2093 1181 1616

427 1243 525 1294 16611116
548 1244 637 1309 presul
659 1226 813 1309 pastoralib
842 1259 907 1294 cura
929 1242 1065 1308 invigilat,
1100 1248 1229 1292 omnem
1257 1245 1355 1292 terram
1380 1225 1482 1311 ipsius
1507 1225 1681 1289 comitatus
1704 1244 1731 1289 et
1751 1238 1891 1304 publicam
1915 1236 2091 1286 funccionem

428 1355 502 1396 cum
525 1341 654 1398 16161166ο
682 1353 708 1398 et
730 1329 894 1398 stratatieo‘l
921 1353 948 1397 et
970 1347 1052 1398 muris
1075 1347 1240 1396 incircuitu
1263 1350 1289 1394 et
1311 1344 1411 1394 fossato
1440 1338 1473 1392 et
1498 1328 1629 1393 alveum
1657 1349 1740 1412 6666
1768 1357 1785 1392 a
1813 1334 1976 1412 quattuor
2005 1338 2090 1388 milia-

428 1447 497 1500 11166
520 1438 713 1502 intrinsecus
736 1446 769 1501 et
791 1439 994 1501 extrinsecus
1018 1457 1147 1500 sursum
1169 1443 1201 1499 et
1224 1432 1387 1514 deorsum,
1411 1449 1494 1498 servis
1517 1452 1544 1497 ei
1566 1446 1678 1508 ancillis,
1700 1451 1814 1495 verum
1836 1430 1947 1493 eciam
1971 1444 2001 1491 in
2024 1443 2088 1491 eivi-

427 1561 482 1604 tate
504 1541 608 1626 Papia
630 1561 726 1605 terram
748 1555 795 1605 ubi
818 1538 942 1604 dudum
965 1569 1055 1604 carcer
1077 1537 1183 1604 adfuit
1204 1527 1249 1602 ad
1275 1567 1426 1603 mensuram
1453 1536 1632 1621 legitimam
1662 1532 1791 1602 nbulaef
1811 1555 1866 1600 tres
1897 1544 2088 1618 terramque
2106 1546 2134 1592 10

428 1643 512 1708 infra
534 1645 640 1729 ipsam
662 1645 829 1707 civitatem
852 1665 935 1728 quae
958 1643 1101 1709 condam
1122 1641 1243 1728 palacii
1266 1643 1384 1706 veteris
1408 1663 1484 1727 pars
1507 1640 1632 1704 exstitit
1653 1639 1697 1703 ad
1719 1639 1982 1724 superscriptam
1999 1659 2087 1700 men-

429 1769 538 1812 suram
566 1745 720 1811 tabulas'
747 1755 966 1828 quinquagintass
988 1769 1015 1812 et
1037 1763 1249 1826 superueniens
1272 1759 1338 1810 Pedi
1360 1745 1393 1808 in
1416 1744 1490 1808 loco
1515 1745 1569 1829 qui
1592 1741 1727 1807 Uaccile
1750 1741 1870 1806 dicitur
1893 1739 2086 1825 aliquantas

428 1873 480 1914 res
503 1860 535 1914 et
557 1853 774 1937 proprietates
797 1852 1004 1914 coniacentes
1027 1872 1094 1914 non
1117 1849 1213 1934 longe
1241 1871 1262 1912 6
1291 1847 1369 1913 villa
1397 1857 1429 1913 61
1461 1848 1659 1912 monasterio
1691 1845 1794 1910 sancti
1818 1843 1971 1910 Siluestri
2001 1864 2086 1929 qnae

429 1953 513 2017 cella
541 1955 728 2019 nominatur
758 1951 798 2018 de
819 1953 1024 2036 Nonantula,
1060 1952 1150 2018 velut
1177 1977 1198 2016 6
1225 1956 1346 2019 6661116
1375 1951 1660 2039 predecessoribus
1689 1951 1830 2034 Hugone
1860 1958 1893 2013 61
1923 1948 2084 2012 Lothario

429 2056 560 2140 regibus
584 2079 642 2142 per
664 2058 808 2142 precepti
831 2059 986 2142 paginam
1010 2079 1168 2122 concessa
1192 2067 1224 2121 et
1246 2057 1458 2122 corroborata
1480 2058 1703 2140 cognovimus.
1744 2070 1841 2120 Omnes
1864 2085 1975 2134 quoque
1999 2065 2128 2117 66116615

430 2175 521 2239 plebes
550 2177 676 2227 abbacias
704 2177 864 2226 monasteria
892 2175 1010 2241 capellas
1032 2175 1126 2241 predia
1148 2181 1258 2226 cunctas
1281 2191 1323 2226 res
1345 2191 1412 2242 quas
1435 2174 1467 2226 de
1490 2175 1567 2226 donis
1589 2191 1681 2242 regum
1704 2189 1750 2224 seu
1776 2151 1970 2239 imperatorum
1993 2171 2084 2238 prede·

430 2295 563 2330 66666166
584 2267 742 2330 *nostrorum
771 2285 970 2344 ceterorumque
998 2279 1129 2330 bonorum
1158 2280 1310 2344 hominum,
1337 2296 1430 2331 verum
1458 2282 1539 2330 etiam
1566 2295 1608 2330 res
1636 2281 1774 2328 universas
1803 2278 1934 2342 66666166
1966 2275 2083 2326 eiusdem

430 2383 558 2450 aecclesie
581 2390 665 2455 quae
681 2390 701 2432 a
715 2367 870 2433 Bertaldo
895 2367 956 2432 vel
970 2389 992 2432 6
1013 2367 1089 2433 filiis
1113 2369 1182 2432 eius
1205 2367 1380 2434 comitibus
1403 2377 1435 2433 61
1458 2391 1479 2432 6
1501 2369 1630 2432 Franca
1653 2365 1798 2452 predicte
1821 2366 1985 2431 canonice
2007 2386 2083 2428 con·

429 2473 497 2538 lata
524 2483 621 2558 atque
651 2469 765 2536 oblata
794 2481 885 2555 sunt,
914 2471 966 2536 vel
989 2471 1128 2536 aliorum
1149 2471 1311 2538 bonorum
1333 2471 1501 2536 hominum
1524 2485 1747 2556 concessionibus
1762 2484 1960 2535 tradicionibus
1983 2486 2083 2548 661666

428 2608 523 2657 66166
544 2591 693 2657 privilegiis
716 2590 901 2642 offensionibus
924 2589 1164 2656 conparacionibns
1180 2592 1436 2642 commutacionibus
1457 2591 1609 2642 libellomm
1632 2595 1659 2640 61
1680 2569 1935 2656 quarumcumqueh
1957 2587 2082 2653 legalium
2098 2591 2126 2638 10

430 2702 563 2747 cartarum
585 2697 833 2760 conscripcionibus
856 2711 904 2746 seu
926 2695 1088 2746 iiotechariis
1109 2695 1167 2762 1666
1190 2702 1298 2746 6666166
1320 2695 1396 2745 locus
1418 2694 1540 2761 legaliter
1563 2695 1679 2758 optinuit
1700 2693 1743 2743 161
1764 2691 1999 2753 16166111661611,
2030 2705 2082 2739 una

428 2817 489 2852 cum
511 2799 635 2850 domibus
657 2805 684 2850 61
706 2798 835 2850 aedificiis
857 2799 994 2849 aecclesiis
1016 2799 1222 2863 baptismalibus
1245 2798 1354 2850 decimis
1377 2803 1404 2849 61
1426 2797 1541 2864 capellis
1559 2812 1591 2847 66
1612 2796 1882 2860 16611116611166666
1904 2809 1986 2844 sexus
2002 2793 2082 2843 aldio-

428 2905 509 2954 nibus
531 2909 558 2954 et
579 2903 745 2967 aldiauabus,
769 2905 868 2953 mansis
892 2904 976 2954 661616
999 2905 1102 2954 vestitis
1125 2908 1153 2953 et
1174 2904 1330 2954 absentibus
1353 2904 1430 2954 terris
1451 2904 1538 2952 vineis
1560 2893 1660 2966 666616
1681 2902 1765 2966 pratis
1787 2901 1896 2965 pascuis
1915 2900 1992 2949 silvis
2008 2899 2081 2947 arbo

430 3007 503 3057 ribus
526 3007 662 3072 pomiferis
685 3013 712 3057 et
734 3007 908 3058 infructuosis
930 3006 1026 3057 insulis
1047 3008 1170 3071 piscariis
1199 3009 1311 3078 carectis
1340 3007 1432 3058 salinis
1459 3006 1578 3072 ripaticis
1606 3005 1766 3056 molendinis
1793 3005 1871 3069 aquis
1900 3017 2082 3068 6666166666

430 3111 587 3162 decursibus
615 3111 750 3162 montibus
778 3110 895 3162 vallibus
922 3110 1091 3176 planiciebus
1119 3113 1184 3176 ripis
1212 3112 1315 3178 rupinis
1344 3111 1450 3176 alpibus
1478 3092 1562 3159 riuisi
1585 3108 1776 3170 defluentibus,
1804 3109 1896 3159 omnia
1919 3108 2029 3157 omnino
2050 3092 2124 3153 11111

431 3217 562 3281 integrum
585 3230 751 3282 quecumque
774 3215 827 3264 dici
849 3214 892 3265 161
915 3216 1047 3265 nominari
1068 3221 1189 3279 possunt,
1212 3215 1283 3265 unde
1306 3215 1398 3266 eadem
1421 3214 1551 3264 aecclesia
1573 3219 1600 3263 et
1622 3219 1715 3264 666616
1730 3211 1858 3277 Regensis
1879 3210 1959 3261 sedes
1974 3215 2080 3259 6616666

430 3320 556 3368 investita
578 3334 636 3369 6666
659 3318 819 3381 dinoscitur,
847 3333 895 3383 per
917 3317 1033 3370 confinia
1055 3322 1082 3369 et
1104 3321 1244 3369 terminos:
1276 3333 1292 3369 6
1314 3317 1423 3369 moridie
1445 3299 1562 3383 itaquek
1583 3331 1631 3382 per
1653 3321 1779 3366 montana
1800 3329 1895 3364 versus
1918 3313 2081 3363 occidentem

431 3424 571 3473 coniacent
593 3422 658 3472 fines
681 3424 840 3488 terminique
862 3414 1019 3482 11616166166
1042 3423 1074 3474 de
1097 3403 1177 3474 irato
1200 3426 1288 3475 Mauri
1316 3426 1345 3474 in
1368 3429 1483 3474 montem
1506 3423 1538 3473 de
1560 3424 1669 3486 Mensa,
1699 3421 1760 3472 inde
1782 3422 1810 3470 in
1833 3401 2030 3471 Ceutocrucis¹
2057 3423 2081 3466 61

430 3527 491 3576 iude
520 3529 549 3575 in
578 3520 706 3592 aquamm
727 3526 874 3590 Marinum,
907 3525 969 3576 inde
996 3527 1025 3576 in
1053 3532 1169 3578 16661661
1193 3528 1225 3579 de
1248 3531 1326 3580 Posei
1349 3529 1539 3580 descendentes
1562 3531 1590 3579 in
1613 3530 1700 3578 111661
1721 3528 1840 3578 Niteram
1863 3541 1916 3591 666
1940 3525 2033 3574 defluit
2055 3524 2080 3570 in

429 3631 540 3679 fluvium
555 3629 665 3691 Inciam,
687 3636 746 3699 pel·
760 3612 895 3678 fluvium
910 3612 1037 3678 inciam
1059 3631 1129 3680 sicut
1151 3633 1210 3696 ipsa
1231 3633 1307 3682 Incia
1328 3633 1464 3684 descendit
1482 3649 1499 3683 a
1516 3648 1619 3684 summa
1631 3633 1697 3682 villa
1711 3629 1858 3682 Monticulo
1882 3629 2027 3678 decurrens
2049 3641 2077 3675 ex
2094 3622 2123 3670 30

431 3739 550 3783 11616166
573 3734 601 3782 16
623 3733 736 3782 Baream
759 3737 786 3783 et
808 3731 902 3782 defluit
925 3732 1048 3783 deorsum
1069 3751 1117 3799 per
1138 3735 1249 3800 Aidam,
1280 3737 1314 3787 ad
1342 3732 1519 3802 aquilonem*
1545 3741 1647 3802 partem
1675 3737 1703 3784 in
1731 3735 1817 3784 rivum
1840 3732 2027 3796 Campiginem
2056 3733 2079 3778 et

429 3836 491 3886 inde
514 3838 542 3886 in
564 3836 732 3903 Tegolariam
753 3820 895 3908 indeque
918 3843 976 3906 per
991 3838 1093 3888 Padum
1109 3844 1136 3889 et
1150 3841 1244 3890 Zaram
1259 3819 1337 3891 'sicut
1351 3841 1441 3891 Padus
1464 3841 1556 3892 defluit
1577 3843 1605 3891 in
1627 3840 1765 3900 Burriana,
1788 3839 1851 3887 item
1874 3853 1923 3901 per
1946 3835 2078 3886 meridiem

429 3941 463 3990 ad
486 3941 641 3990 orientalem
662 3940 769 4006 plagam
792 3940 920 3991 incedunt
942 3940 1008 3991 fines
1030 3957 1077 4006 per
1100 3943 1209 3992 Pratum
1232 3941 1383 3994 6616166ιι
1411 3947 1439 3994 16
1467 3949 1582 3994 666166
1605 3941 1707 3993 Rusulo
1735 3955 1782 4006 per
1810 3939 1898 4004 alpem
1923 3941 1952 3988 in
1975 3937 2079 3996 Fasola,

429 4045 524 4095 deinde
546 4062 594 4110 per
616 4046 703 4110 alpem
725 4061 810 4110 usque
833 4047 861 4094 in
885 4045 981 4096 Terma
1003 4045 1121 4110 Salonis,
1152 4047 1219 4098 fines
1241 4064 1304 4100 vero
1332 4051 1378 4116 qui
1407 4054 1470 4099 sunt
1498 4051 1567 4098 inter
1589 4049 1711 4097 Tusciam
1735 4051 1761 4096 et
1782 4046 1933 4110 1166666616
1957 4050 1984 4094 61
2005 4043 2079 4093 bloti-

430 4164 537 4200 neuaem
561 4149 593 4199 de
615 4149 718 4198 Termis
741 4148 846 4198 Salonis
869 4151 1029 4213 perveniunt
1051 4153 1078 4200 16
1101 4151 1220 4202 Teudam
1247 4154 1330 4218 regis,
1363 4153 1426 4203 inde
1454 4153 1488 4204 ad
1516 4154 1629 4204 Fontem
1658 4151 1760 4201 Siluani
1789 4154 1816 4200 61
1844 4148 1907 4198 inde
1938 4149 1968 4198 in
1997 4149 2079 4198 rivum
2097 4145 2125 4192 35

430 4251 635 4318 sanguinarium
658 4267 689 4302 ac
712 4253 808 4302 deinde
831 4253 865 4302 ad
888 4252 976 4302 lacum
993 4255 1025 4304 de
1041 4255 1162 4320 Carpene
1185 4261 1212 4305 et
1233 4256 1295 4307 iude
1317 4257 1346 4305 16
1367 4258 1438 4306 viam
1461 4271 1565 4318 novam,
1588 4256 1649 4322 inde
1667 4255 1797 4305 inlocum
1813 4253 1964 4314 Modicum,
1988 4251 2081 4302 deinde

430 4357 457 4404 in
484 4355 572 4406 locum
601 4357 646 4422 qui
676 4355 774 4405 dicitur
796 4357 921 4406 Lauerna
948 4361 975 4406 et
1001 4357 1063 4409 inde
1091 4375 1138 4424 per
1160 4365 1275 4410 montem
1299 4351 1454 4420 Laurenltii]
1478 4359 1640 4410 descendens
1663 4349 1753 4418 ven[it]
1776 4359 1803 4406 in
1826 4357 1940 4406 fluvium
1964 4355 2081 4410 Dulium,

430 4458 491 4508 inde
513 4475 561 4524 per
582 4460 677 4509 silvam
700 4459 733 4510 de
755 4460 837 4510 Mallo
861 4466 888 4510 et
911 4460 973 4510 inde
994 4462 1023 4510 in
1046 4462 1191 4527 Collinam,
1224 4455 1338 4523 delinde]
1366 4465 1394 4512 in
1415 4463 1525 4513 Pratum
1548 4464 1656 4530 longum
1679 4478 1711 4512 ac
1733 4460 1827 4511 deinde
1855 4477 1902 4524 per
1926 4462 2015 4509 rivum
2037 4459 2081 4523 qui

429 4562 546 4614 decurrit
567 4565 600 4614 de
622 4565 742 4630 Lupacio
765 4566 793 4615 iu
815 4565 927 4616 fluvium
950 4564 1022 4615 Sicla
1044 4567 1158 4632 indeque
1180 4583 1228 4632 per
1251 4568 1349 4618 Siclam
1372 4584 1457 4634 66666
1479 4568 1591 4618 Ι)611116
1613 4583 1645 4618 ac
1667 4565 1762 4617 deinde
1787 4563 1910 4615 ascendit
1940 4581 1988 4630 per
2010 4564 2082 4612 Dim-

429 4671 546 4719 naticnm
568 4671 596 4718 in
619 4665 766 4720 Cassiolan
789 4676 815 4720 61
837 4671 899 4720 inde
922 4669 1059 4720 descendit
1080 4686 1128 4735 per
1150 4686 1250 4720 sarram
1273 4671 1305 4721 de
1328 4663 1483 4720 Mairiano⁰
1506 4676 1533 4720 et
1555 4671 1676 4735 pervenit
1699 4671 1726 4718 in
1748 4669 1859 4718 fluvium
1881 4667 2037 4716 Rasannam
2058 4663 2129 4715 6110

429 4772 490 4822 inde
518 4773 637 4823 ascendit
664 4775 693 4822 in
714 4774 858 4824 Periuiana
879 4773 994 4838 indeque
1016 4775 1044 4822 in
1068 4779 1183 4824 montem
1206 4790 1285 4839 super
1307 4774 1391 4824 valles
1413 4789 1497 4840 usque
1519 4775 1547 4823 in
1569 4775 1729 4838 Antiquam,
1762 4763 1891 4820 deludet
1918 4771 2082 4821 descendens

428 4877 456 4924 in
478 4875 650 4925 Piscariolam
673 4868 766 4936 1616111
787 4879 816 4926 16
838 4877 949 4926 fluvium
972 4876 1070 4926 Siclanr
1093 4893 1124 4928 ac
1147 4877 1242 4928 deinde
1265 4895 1311 4942 per
1334 4879 1445 4928 Gluzam
1468 4882 1617 4928 currentem
1645 4892 1692 4941 per
1720 4880 1835 4926 montem
1858 4873 1971 4924 Cerrsdi
1998 4890 2083 4940 usque

406 4980 491 5036 ,dum
513 4981 588 5030 venit
609 4980 659 5029 sub
682 4985 771 5030 monte
793 4979 897 5030 Metelli
920 4984 947 5030 et
969 4980 1031 5031 inde
1052 4998 1069 5029 6
1091 4997 1138 5046 661
1153 4981 1300 5045 Siluanum,
1325 4980 1420 5033 deindo
1444 4982 1560 5032 decurrit
1581 4998 1630 5047 per
1647 4981 1778 5030 Salsulam
1794 4983 1820 5029 et
1834 4973 1925 5029 iude‘¹
1947 4996 1997 5044 per
2012 4995 2083 5030 mon-

430 5089 482 5132 tem
500 5082 678 5134 Monticulum
699 5083 813 5149 indeque
835 5099 883 5148 per
905 5083 1034 5149 Campum
1057 5085 1212 5148 Miliacium,
1234 5091 1256 5134 a
1278 5085 1511 5150 septentrionalem
1535 5085 1640 5152 plagam
1661 5100 1709 5150 per
1730 5083 1841 5150 paludes
1863 5082 1992 5134 Civitatis
2015 5099 2084 5134 none

514 5219 572 5274 242.
600 5221 770 5290 [Laschitzer]
852 5221 921 5286 ald
1002 5225 1029 5288 b)
1048 5240 1126 5275 611661·
1143 5223 1226 5274 dar-cla
1243 5225 1346 5275 Patalete
1362 5225 1473 5291 66611116
1490 5225 1615 5276 6111111166
1632 5241 1696 5276 6616
1776 5223 1885 5288 6)6616·.
1903 5239 1954 5272 666
1974 5221 2132 5275 161666615

600 5291 626 5353 d)
646 5308 712 5342 cm.
730 5307 778 5341 aas
795 5293 945 5355 stradatico,
965 5294 1013 5342 eois
1030 5295 1059 5343 s'a
1076 5293 1124 5343 der
1138 5291 1193 5343 Vll.
1211 5293 1290 5356 stebt,·
1309 5293 1366 5344 1166·
1383 5293 1438 5344 aad
1454 5297 1559 5345 66616161
1576 5297 1605 5344 ia
1622 5294 1669 5345 der·
1682 5292 1762 5358 lips
1777 5289 1935 5342 16661611
1951 5291 1994 5354 A,
2013 5309 2088 5342 1661111

600 5376 628 5409 er
644 5359 700 5410 stela
723 5361 868 5411 6111616611
891 5361 960 5421 will,
987 5361 1031 5412 dle
1045 5361 1226 5425 sedlerlaoflsa
1243 5361 1407 5413 Baedstcben
1424 5365 1470 5413 mit
1491 5355 1729 5429 Yitpnuqepaalden
1746 5360 1877 5411 1611166161
1894 5360 1941 5412 die
1957 5362 2087 5428 1161111666

599 5428 763 5480 8661616166
783 5429 847 5480 oter
868 5429 912 5479 dic
935 5429 1004 5481 aaa
1107 5434 1131 5492 6)
1151 5429 1234 5481 durch
1252 5431 1341 5482 Rcsrar
1364 5448 1430 5481 6611.
1454 5449 1502 5483 aas
1524 5434 1652 5483 miliarias
1754 5431 1779 5493 1)
1797 5429 1846 5480 eleo
1865 5432 1956 5480 6166116
1979 5447 1997 5482 a
2020 5449 2087 5484 6611.

599 5497 813 5549 weiraleieliel
825 5515 873 5548 666
892 5515 907 5550 6
1011 5503 1039 5566 g)
1052 5499 1101 5549 des
1119 5499 1176 5550 later
1186 5499 1312 5564 solpende
1330 5501 1381 5566 duq
1399 5499 1497 5551 neieina
1515 5501 1574 5567 (aql.
1587 5499 1648 5552 Do.
1662 5501 1729 5563 268)
1747 5503 1991 5562 61616166ῳᾶ166·
2003 5501 2088 5551 116611

598 5565 786 5633 ueehpetrnqen
803 5584 835 5618 66
852 5568 908 5617 scin
988 5565 1017 5632 h)
1035 5566 1103 5618 116611
1121 5573 1205 5633 quarti
1215 5568 1286 5634 solqt
1304 5571 1347 5620 eia
1363 5568 1524 5620 661-1616611161
1542 5589 1558 5636 6
1639 5571 1741 5634 1)161·1·.
1760 5569 1888 5633 66611616
1974 5570 2005 5631 k)
2018 5570 2086 5620 66611
2103 5563 2135 5612 50

599 5650 616 5684 a
633 5634 717 5685 11161116
735 5637 825 5688 Basca·
904 5636 923 5698 l)
938 5636 1123 5687 Centrocrucis
1142 5637 1195 5688 VU.
1278 5640 1314 5701 m)
1327 5639 1415 5704 alpem
1430 5637 1485 5690 VU.
1572 5641 1599 5702 n)
1615 5638 1738 5690 Carciola
1752 5635 1806 5689 VU.
1893 5639 1921 5697 o)
1942 5638 2086 5690 Mantiane

599 5703 654 5755 VU.
741 5707 769 5770 6)
788 5704 819 5769 Α,
837 5710 898 5756 61611
916 5705 1011 5756 deinde
1098 5705 1125 5771 q)
1141 5705 1265 5756 6161661166
1283 5723 1301 5756 6
1318 5707 1373 5757 und
1391 5708 1407 5756 ‹l
1426 5707 1511 5757 clane
1529 5707 1624 5760 116661.
