4576 6420
433 402 496 466 342

436 615 509 658 eum
533 591 685 656 dominus
710 590 750 654 de
773 588 835 654 hoc
858 587 967 652 seculo
992 608 1108 651 vocare
1131 586 1231 650 iusse-

254 705 260 718 '
355 687 358 692 ¹
434 699 484 778 rit,
509 694 613 761 modis
633 693 782 758 omnibus
802 693 966 756 sancimus
989 700 1021 754 et
1044 689 1231 774 [inlterdioi

340 827 343 836 ·
434 823 516 882 mus,
541 796 688 863 utnulla
710 805 887 884 prepotens
908 815 1075 881 parvaque
1091 815 1232 879 persona

434 901 617 988 predictum
639 899 833 965 coenobium
855 896 1010 963 invadere
1032 898 1154 961 nitatur
1175 906 1232 960 aut

434 1003 617 1070 beneficiali
635 1004 746 1068 ordine
761 1012 817 1068 aut
834 1000 1013 1088 preceptali
1027 1002 1229 1066 auctoritate.

435 1123 626 1175 Confirmamus
649 1108 746 1171 etiam
770 1115 802 1170 et
825 1105 1075 1170 corroboramus
1097 1126 1155 1189 pro
1179 1103 1230 1169 dei

434 1233 544 1276 amore
567 1220 600 1275 et
622 1232 681 1296 pro
704 1213 821 1274 iusta¹1¹
850 1209 1006 1293 petitione
1029 1217 1163 1292 nostre¹¹
1185 1209 1229 1272 di-

433 1316 516 1399 lootq
538 1315 687 1397 coniugis
707 1312 813 1378 eidem
827 1311 1006 1377 venerabili
1022 1311 1096 1377 loco
1113 1321 1230 1393 curtes,

433 1441 532 1485 unam
556 1441 617 1504 quq
640 1417 801 1501 Virgonto
827 1415 946 1480 dicitur
968 1417 1065 1479 sitam
1088 1417 1122 1479 in
1145 1414 1231 1479 valle

435 1522 555 1588 Ossola
584 1533 616 1586 et
645 1520 744 1587 aliam
778 1544 840 1607 quq
870 1519 978 1605 Ouille
1014 1527 1230 1604 nuncupatur,

434 1649 507 1692 oum
538 1626 688 1691 omnibus
716 1648 827 1690 earum
857 1625 1059 1710 pertinentiis
1082 1623 1177 1708 aquis
1200 1631 1233 1686 et

435 1730 671 1815 piscationibus
694 1752 754 1794 neo
777 1753 845 1795 non
868 1740 900 1795 et
926 1745 996 1794 vada
1019 1743 1052 1794 ad
1075 1741 1232 1808 piscandum

435 1867 486 1916 quq
502 1851 607 1900 suntin
622 1851 725 1912 Ticino,
748 1849 774 1899 id
798 1856 838 1900 est
860 1851 887 1900 in
911 1850 968 1899 rivo
984 1847 1087 1909 Potoni,
1110 1847 1233 1896 Morasoa

435 1969 482 2004 seu
497 1954 595 2004 vadum
611 1953 684 2019 quod
699 1953 796 2003 dicitur
811 1951 988 2014 Laudemarii‚
1005 1957 1105 2002 eostam
1120 1952 1231 2002 Tenere

436 2056 498 2107 dum
521 2063 547 2108 et
569 2056 636 2108 illud
658 2057 730 2122 quod
758 2057 855 2106 dicitur
885 2055 1069 2106 Sextemsscus
1097 2071 1157 2105 oum
1185 2055 1232 2106 illo

435 2159 522 2210 medio
545 2158 616 2225 quod
639 2159 673 2209 ad
696 2157 790 2224 Sopem
812 2158 910 2209 dicitur
932 2164 958 2208 et
979 2152 1077 2208 illam⁰
1104 2157 1177 2224 quod
1199 2157 1232 2208 ad

435 2262 550 2314 Aunella
578 2257 700 2312 diciturp
723 2279 770 2314 seu
799 2270 825 2313 et
856 2264 903 2313 illa
926 2246 1015 2312 vada
1037 2279 1089 2329 quq
1121 2264 1232 2313 suntin

436 2367 518 2430 Pado,
541 2367 668 2417 habentia
689 2369 803 2432 priorem
826 2369 967 2418 terminum
991 2383 1007 2417 a
1028 2368 1088 2418 loco
1104 2369 1150 2432 qui
1166 2382 1232 2416 nun·

435 2475 550 2535 cupatur
577 2471 681 2536 Popula
711 2471 821 2538 Pagana
849 2477 875 2522 et
903 2472 1057 2536 pertingens
1086 2487 1170 2536 usque
1199 2469 1233 2520 ad

435 2573 523 2624 locum
549 2575 596 2638 qui
624 2574 722 2624 dicitur
752 2573 839 2638 Caput
868 2574 930 2636 Asi,
962 2589 994 2624 ex
1023 2580 1135 2640 utraque
1157 2579 1233 2638 parte

436 2677 502 2727 Padi
524 2694 585 2728 curn
608 2677 702 2726 insulis
725 2679 820 2742 positis
842 2679 918 2728 iuxta
939 2678 1087 2743 predictam
1110 2680 1233 2744 piscatio·

435 2798 494 2832 uem
517 2781 561 2831 vel
582 2780 709 2846 quiequid
732 2782 765 2831 ab
782 2783 892 2846 antiquo
908 2787 1025 2848 tempore
1044 2799 1090 2833 seu
1106 2782 1233 2832 moderno

435 2884 504 2934 idem
527 2885 714 2935 monasterium
735 2899 782 2948 per
798 2886 966 2951 antiquorum
982 2901 1074 2951 regam
1096 2893 1154 2935 seu
1175 2872 1233 2934 lm-

435 2981 622 3059 peratorum
653 2972 889 3038 donationem‘¹
923 2991 1040 3054 optinuit
1068 2990 1111 3039 vet
1144 2991 1234 3042 Padus

435 3093 534 3142 invasit
556 3098 602 3143 aut
624 3093 652 3142 iu
675 3092 795 3142 futurum
816 3088 975 3158 imruperitr
1005 3093 1037 3143 de
1060 3095 1173 3158 propriis
1195 3095 1234 3158 ip-

436 3196 491 3246 sius
513 3198 665 3248 monasterii
688 3181 742 3245 Vel
757 3180 897 3246 allorum
912 3181 1019 3246 rebus.
1053 3197 1235 3262 Precipientes

436 3315 498 3365 ergo
521 3301 643 3350 iubemus
658 3317 674 3348 ιι
689 3306 743 3350 tam
766 3301 934 3364 presentibus
956 3315 1088 3366 quamque
1104 3295 1136 3350 et
1149 3286 1234 3352 futu-

435 3391 489 3472 ris,
513 3410 543 3454 ut
564 3399 656 3469 parti⁸
685 3404 796 3468 predicti
820 3389 970 3454 coenobii
994 3405 1026 3455 de
1048 3405 1090 3454 his
1112 3405 1235 3455 omnibus

437 3525 488 3574 quq
518 3525 600 3574 supra
629 3525 645 3560 a
673 3510 751 3559 nobis
786 3523 917 3580 concessa¹
934 3513 961 3559 et
983 3508 1137 3559 confirmata
1166 3517 1237 3564 sunt,

436 3613 556 3678 quolibet
571 3618 688 3678 tempore
704 3611 804 3662 nullam
819 3618 956 3678 presumat
971 3613 1068 3663 inferre
1087 3615 1234 3666 molestiam

437 3721 483 3765 aut
506 3718 725 3779 contrarietatem,
749 3715 794 3766 sed
818 3717 867 3766 sub
891 3718 961 3766 omni
984 3719 1135 3783 integritate
1156 3721 1235 3769 sicuti

437 3832 454 3866 a
475 3819 553 3868 nobis
576 3834 702 3870 concessa
723 3825 750 3870 st
772 3819 926 3870 confirmata
948 3827 1010 3870 sunt
1023 3785 1199 3885 'perhenniter
1217 3840 1233 3872 ιι

438 3921 472 3970 ad
494 3921 636 3972 utilitatem
658 3923 741 3988 ipsius
763 3925 916 3974 monasterii
934 3910 1002 3973 sine
1018 3924 1108 3990 aliqua
1124 3925 1234 3977 dimino-

361 4051 366 4059 ·
438 4025 540 4075 ratione
555 4027 713 4090 pertineant.
740 4009 773 4076 Si
792 4013 863 4096 quis
879 4013 977 4096 igitur
991 4010 1086 4077 huius
1101 4022 1234 4079 nostrae

438 4112 625 4179 donationis
659 4113 874 4180 ordinationis
911 4125 943 4180 et
975 4115 1233 4182 confirmationis

437 4217 579 4283 violator
600 4217 786 4304 ext[it]erit‚
814 4222 898 4285 sciat
921 4243 954 4285 se
977 4222 1234 4307 compositiuum

437 4323 508 4387 auri
539 4324 652 4409 optimi
680 4322 781 4388 libras
810 4324 914 4402 mille,
943 4324 1150 4390 medietatem
1176 4327 1234 4391 ka·

437 4448 524 4510 mere
558 4436 668 4514 nostre
706 4428 891 4514 nostrisque
925 4428 1169 4495 successoribus
1203 4440 1235 4494 et

437 4528 644 4596 medietatem
667 4532 814 4618 predicto
838 4531 1014 4614 coenobio,
1039 4541 1071 4596 et
1093 4531 1144 4596 dei
1168 4555 1234 4597 ma-

437 4631 644 4700 ledictionem
657 4645 855 4720 sanctaeque
868 4633 919 4699 dei
931 4637 1097 4718 genitricis
1109 4635 1234 4701 Mariae

438 4746 470 4800 et
496 4736 584 4802 beati
612 4737 800 4823 archangeli
827 4736 998 4802 Michaelis
1027 4748 1059 4802 et
1089 4740 1233 4805 omnium

437 4840 629 4925 angelorum
652 4853 684 4908 et
705 4842 792 4907 beati
815 4843 902 4905 Petri
925 4843 1081 4928 principis
1105 4852 1235 4928 aposto-

437 4943 543 5010 lorum
559 4932 591 5010 et
607 4947 751 5011 omnium
767 4955 954 5010 sanctorum
968 4944 1090 5010 habeat
1112 4955 1234 5013 etcum

438 5047 521 5112 Iuda
549 5048 706 5114 traditore
735 5051 924 5135 porcionem
947 5051 1097 5134 accipiat.
1136 5047 1234 5129 Quod

464 5200 537 5256 2⁴1⁰.
556 5203 592 5269 m)
605 5219 672 5254 eon.
684 5219 731 5255 aas
743 5206 812 5269 iuste
880 5205 908 5264 n)
921 5219 968 5270 ure
981 5202 1046 5254 ohne
1055 5203 1233 5268 Ablata-cunpe-

555 5272 657 5323 maten
721 5274 747 5334 o)
760 5272 944 5338 urspriluqlielr
961 5273 1017 5335 illo,
1036 5273 1108 5322 dorm
1125 5289 1191 5323 corr.
1205 5273 1234 5322 ιἰι

557 5342 604 5392 illa
673 5341 701 5408 p)
719 5345 775 5392 eine
792 5341 874 5392 aaa
890 5341 936 5392 dee
953 5344 993 5392 12.
1011 5341 1056 5392 Jh.
1076 5341 1152 5406 ᾕρεε
1172 5341 1234 5392 aber

555 5410 603 5462 aar
626 5410 695 5460 Zeila
721 5412 797 5461 timu
823 5413 851 5461 in
869 5411 989 5463 Pobledo
1064 5413 1092 5477 q)
1109 5411 1171 5461 dha
1188 5409 1235 5460 der

556 5479 626 5530 Zeia
648 5478 835 5545 mhpnrapea
919 5479 985 5544 r)A
1071 5481 1093 5540 s)
1113 5481 1234 5530 iuhemus

557 5555 587 5598 ιιι
605 5565 682 5599 nemo
705 5567 736 5600 ex
759 5549 883 5600 fidelibus
907 5555 1015 5600 sanctae
1038 5549 1081 5598 dei
1105 5549 1234 5599 ecclesiae

563 5617 693 5682 simulque
712 5619 808 5669 nostris
832 5623 886 5668 tam
912 5618 1078 5684 presentibus
1105 5633 1236 5683 quamque

558 5687 712 5738 absentibus
730 5689 798 5753 parti
815 5685 869 5738 VU.

1029 402 1478 460 KAISERURKUNDEN.

1284 607 1324 652 tas
1346 585 1439 664 duas,
1468 615 1548 649 unam
1570 615 1621 664 que
1643 597 1774 664 Uirgonto
1797 597 1894 647 dicitur
1915 613 1931 644 ιι
1954 601 1980 646 et
2003 595 2086 645 aliam

1284 699 1344 773 [que
1373 686 1510 771 oraillspf
1535 709 1717 768 nuncupatur,
1751 718 1811 752 cum
1839 701 1962 751 omnihus
1992 713 2085 750 samm

1283 812 1449 876 pertinentiis
1477 815 1538 858 nec
1566 815 1633 858 non
1662 793 1764 856 servis
1786 801 1819 855 et
1846 789 1974 855 ancillis
2005 805 2086 869 aquis

1284 921 1310 964 et
1338 914 1530 978 piscationibus
1558 929 1607 963 nec
1635 928 1688 962 uon
1717 918 1744 961 et
1772 910 1841 960 vada
1869 909 1902 959 ad
1924 907 2085 973 piscandum

1284 1033 1335 1083 quq
1358 1023 1420 1068 sunt
1441 1019 1468 1066 in
1491 1018 1599 1080 Ticino,
1628 1008 1665 1076 [ul
1687 1007 1734 1075 est]
1758 1017 1785 1064 iu
1807 1016 1864 1064 rivo
1887 1013 1997 1074 Poloui‚
2025 1011 2085 1061 Mo·
2105 1004 2122 1052 5

1283 1137 1359 1172 rasca
1382 1113 1437 1182 [seu
1453 1122 1550 1171 vadum
1573 1121 1645 1186 quod
1660 1121 1757 1171 dicitur
1772 1109 1959 1179 Ιιιιιιιιιιιιιιιιιιι,Α
1980 1120 2084 1165 costam

1283 1226 1448 1276 Teveredum
1471 1232 1497 1276 et
1519 1225 1585 1275 illud
1608 1225 1679 1290 quod
1702 1224 1798 1274 dicitur
1815 1222 1999 1272 Sextemaseus
2023 1234 2086 1268 cum

1284 1331 1330 1382 ilio
1353 1331 1439 1381 medio
1463 1330 1534 1394 qnod
1550 1329 1626 1394 Sepis
1648 1329 1745 1379 dicitur
1768 1334 1794 1378 et
1808 1325 1875 1376 illud
1897 1324 1968 1390 quod
1991 1340 2008 1371 ιι
2030 1323 2086 1371 Au—

1284 1435 1355 1485 nella
1377 1435 1474 1485 dicitur
1496 1450 1543 1483 seu
1566 1438 1592 1483 et
1614 1433 1662 1482 ilia
1684 1424 1771 1492 [rada]
1793 1447 1844 1496 quq
1867 1435 1928 1478 sunt
1950 1429 1978 1476 in
2000 1426 2085 1486 Pado,

1283 1539 1410 1588 habentia
1439 1538 1552 1602 priorem
1581 1537 1721 1586 terminum
1745 1549 1761 1584 a
1782 1535 1841 1584 loco
1870 1535 1915 1598 qui
1944 1545 2085 1595 nuncupa·
2107 1531 2137 1577 10

1284 1647 1327 1691 tur
1348 1641 1452 1706 Popula
1474 1641 1583 1707 Pagana
1606 1646 1632 1690 et
1654 1641 1805 1705 pertingens
1831 1653 1915 1702 usque
1937 1633 1972 1684 ad
1995 1634 2086 1683 locum

1285 1736 1340 1811 [qui
1368 1744 1465 1795 dicitur
1495 1735 1592 1810 Calput
1618 1744 1680 1806 Asi,
1711 1758 1743 1792 ex
1772 1746 1883 1807 utraque
1912 1747 1988 1804 parte
2015 1737 2086 1787 Padi

1285 1864 1345 1898 cnm
1368 1848 1462 1898 insulis
1485 1849 1578 1913 positis
1601 1850 1676 1898 iuxta
1691 1846 1836 1912 predictam
1850 1845 2024 1910 piscationem
2042 1840 2085 1890 vel

1284 1952 1411 2018 quiequid
1440 1954 1473 2002 ab
1503 1954 1611 2018 antiquo
1639 1957 1756 2016 tempore
1785 1966 1833 2000 seu
1861 1948 1987 1998 moderno
2013 1946 2086 1996 idem

1283 2059 1471 2107 monasterium
1505 2072 1553 2120 per
1579 2058 1748 2121 antiquorum
1775 2070 1866 2120 regum
1895 2069 1942 2102 seu
1972 2053 2085 2115 impera·
2105 2045 2138 2093 15

1284 2165 1370 2210 torum
1397 2159 1565 2209 donationem
1588 2159 1703 2224 optinuit
1725 2157 1768 2208 vel
1791 2147 1889 2216 Padlus
1910 2145 2018 2214 invasit]
2039 2160 2087 2204 aut

1284 2266 1312 2313 in
1333 2264 1452 2312 futurum
1468 2245 1628 2328 immpeut‘
1649 2262 1681 2312 de
1700 2262 1814 2326 propriis
1828 2262 1913 2326 ipsius
1929 2260 2087 2309 monasterii

1284 2369 1329 2418 vel
1350 2367 1462 2417 aliorum
1486 2367 1572 2417 rebus.
1610 2365 1790 2430 Precipientes
1813 2380 1874 2430 ergo
1901 2364 2024 2413 iuhemus
2048 2378 2087 2410 a*

1285 2477 1338 2521 tam
1360 2473 1528 2536 presentibus
1551 2484 1681 2535 quamque
1704 2474 1731 2519 et
1752 2461 1866 2532 iutnlris,
1888 2471 1919 2516 ut
1940 2467 2009 2532 parti
2027 2482 2087 2531 pre-

1286 2576 1349 2626 dicti
1372 2575 1494 2626 coenobii
1518 2573 1550 2624 do
1572 2574 1613 2624 his
1636 2573 1759 2623 omnibus
1785 2588 1836 2638 qua
1866 2585 1946 2635 supra
1969 2585 1986 2618 a
2007 2571 2087 2620 nobis
2105 2561 2140 2608 20

1285 2695 1412 2731 concessa
1434 2670 1469 2739 etl
1491 2677 1646 2729 confirmata
1660 2684 1729 2741 silut,
1752 2676 1872 2743 quolibet
1893 2681 2011 2739 tempore
2028 2674 2087 2724 nul·

1285 2786 1337 2834 lam
1359 2789 1494 2850 presumat
1515 2782 1612 2832 inferre
1635 2781 1788 2846 molestiam
1800 2787 1847 2830 aut
1863 2780 2087 2840 contrarietatem,

1286 2888 1332 2940 sed
1355 2889 1404 2938 sub
1427 2879 1517 2948 [omni]
1544 2887 1695 2952 integritate
1721 2887 1798 2936 sicuti
1822 2900 1838 2934 a
1859 2885 1936 2934 nobis
1959 2897 2088 2934 concessa

1286 2999 1312 3045 et
1334 2992 1488 3044 confirmata
1511 2996 1572 3041 sunt
1594 2991 1762 3055 perhenniter
1785 2989 1818 3039 ad
1840 2988 1981 3038 utilitatem
2000 2987 2087 3052 ipsius

1286 3099 1436 3148 monasterii
1460 3097 1517 3146 sine
1540 3095 1630 3160 nh'qua
1652 3093 1853 3144 diminoratione
1874 3093 2033 3158 pertineant.
2058 3089 2085 3139 Si
2105 3085 2140 3134 25

1286 3203 1345 3268 quis
1374 3201 1455 3266 igitur
1482 3198 1562 3248 huius
1590 3201 1696 3247 nostrae
1730 3197 1880 3248 donationis
1910 3171 2086 3249 ordinationis

1287 3311 1312 3355 et
1335 3303 1541 3354 confirmationis
1565 3301 1678 3352 motator
1704 3303 1833 3364 extiterit,
1864 3305 1930 3353 sciat
1957 3319 1985 3353 se
2015 3322 2086 3356 corn·

1287 3411 1436 3478 positurum
1470 3407 1528 3455 auri
1561 3407 1653 3470 optimi
1685 3405 1767 3455 libras
1800 3406 1885 3468 mille,
1917 3407 2085 3460 medietatem

1290 3517 1396 3581 kamere
1418 3519 1506 3579 nostre
1528 3530 1545 3561 ιι
1567 3517 1593 3562 et
1615 3509 1781 3560 medietatem
1803 3510 1920 3574 predicto
1947 3515 2086 3576 coenobio,

1289 3627 1315 3671 et
1349 3619 1390 3669 dei
1428 3617 1651 3674 maledictionem,
1675 3617 1834 3679 sanctaeque
1872 3615 1913 3665 dei
1948 3617 2087 3681 genitricis
2106 3609 2140 3657 30

1287 3724 1371 3789 Mariq
1401 3727 1428 3772 et
1456 3721 1527 3771 beati
1561 3718 1713 3784 archangeli
1745 3716 1884 3768 Michaelis
1913 3725 1939 3768 et
1968 3722 2088 3770 omnium

1287 3828 1440 3894 angelorum
1464 3831 1490 3876 et
1512 3826 1583 3875 beati
1606 3823 1679 3873 Petri
1707 3823 1834 3888 principis
1857 3822 2037 3887 apostolorum
2061 3831 2088 3876 et

1287 3933 1403 3984 omnium
1433 3934 1583 3980 sanctorum
1610 3926 1709 3976 habeat
1737 3930 1763 3975 et
1786 3941 1845 3976 cum
1868 3925 1937 3976 luda
1958 3927 2087 3978 traditore

1286 4035 1437 4100 porcionem
1460 4034 1581 4096 accipiat.
1619 4028 1698 4090 Quod
1720 4032 1750 4076 ut
1771 4030 1860 4080 verim
1882 4028 2005 4080 credatur
2028 4030 2087 4080 dili-

1265 4139 1443 4203 ,gentiusquo
1466 4137 1500 4186 ab
1526 4137 1648 4186 omnibus
1676 4136 1844 4196 observem,
1874 4133 1996 4182 manibus
2026 4150 2087 4199 pro·
2106 4131 2140 4179 35

1286 4241 1351 4305 priis
1384 4240 1539 4290 roborantes
1572 4238 1645 4289 anuli
1679 4239 1762 4288 nostri
1798 4237 1961 4301 inpressione
1995 4237 2089 4288 subter

1287 4344 1413 4394 iussimus
1435 4341 1563 4408 insigniri.
