4530 6434
882 453 1007 510 ΟΤΤΟ
1029 454 1053 509 Ι.
1077 449 1148 508 967.
1776 447 1840 511 485

191 632 315 716 Sabini,
338 655 399 698 nec
421 655 489 698 non
512 635 612 699 etiam
629 640 754 698 cortem
769 632 810 698 de
826 630 986 698 Comama
999 630 1084 698 unai
1107 654 1182 698 cum
1197 633 1313 700 eodem
1329 655 1445 719 campo
1466 657 1528 722 que
1545 635 1663 702 dicitur
1680 635 1840 721 [mon]te¹¹

192 736 335 803 Gabiani
359 746 391 803 st
414 737 513 802 alium
535 759 688 823 eampum
711 737 765 822 qui
790 736 908 803 dicitur
929 737 1065 802 Paetina
1088 746 1121 802 et
1142 737 1221 802 villa
1245 760 1306 824 que
1335 737 1594 824 nlun]cn[pa]tur
1612 739 1786 806 Nutrinula
1809 750 1841 804 et

192 863 342 906 mansum
363 839 483 906 unum¹
506 840 546 906 de
563 840 725 922 Querceto
742 849 775 905 et
790 840 867 904 villa
891 863 953 926 que
976 841 1096 906 dicitur
1111 839 1231 926 Agiola
1247 851 1279 904 et
1294 851 1418 906 cortem
1434 841 1475 906 de
1491 841 1711 908 Stristiniuno.
1740 842 1840 908 Cuius

191 944 404 1031 petitionibus
435 967 546 1010 aurem
575 944 831 1009 accomodantes
862 953 1036 1028 pretaxato
1067 941 1254 1009 Gausfredo
1288 967 1346 1028 per
1376 945 1462 1010 banc
1495 955 1605 1032 nostre
1634 948 1839 1012 auctoritatis

159 1061 174 1108 a
193 1051 348 1133 paginam
369 1047 579 1112 concedimus
602 1057 635 1112 et
657 1047 888 1113 confirmamus
912 1070 951 1111 ac
977 1049 1105 1132 penitus
1129 1047 1380 1113 corroboramus
1406 1071 1518 1114 omnes
1540 1073 1593 1114 res
1622 1051 1840 1136 proprietates

193 1173 269 1216 suas
285 1173 324 1215 ac
340 1151 481 1216 familias
497 1152 666 1236 utriusque
683 1172 781 1215 sexus
805 1149 963 1215 hactenus
987 1149 1030 1213 ab
1055 1149 1101 1213 eis
1114 1159 1133 1188 ¹¹¹
1156 1152 1240 1215 iuste
1264 1160 1297 1216 et
1318 1152 1468 1236 legaliter
1489 1163 1669 1238 possesas¹¹
1692 1152 1840 1237 adquiri-

192 1264 243 1320 tas
266 1253 319 1319 vel
340 1254 574 1340 acquirendae,
599 1255 708 1318 ornnia
732 1254 830 1318 etiam
850 1255 1066 1318 instrumenta
1089 1262 1254 1319 cartarum
1265 1263 1287 1338 ⁰,
1311 1259 1556 1340 prenominatus
1578 1259 1712 1340 insuper
1734 1265 1840 1320 cortes

192 1368 225 1423 et
246 1357 341 1423 villas
363 1361 397 1423 in
420 1360 601 1444 pretaxatis
624 1357 834 1423 eomitatibus
856 1354 942 1422 unai
965 1379 1040 1422 cum
1063 1357 1208 1422 castellis
1232 1357 1367 1442 capellis
1392 1361 1494 1423 servis
1518 1368 1551 1423 et
1568 1357 1695 1423 ancillis
1714 1359 1841 1444 campis

193 1463 338 1546 pratrist
365 1464 498 1549 pascuis
523 1462 614 1527 silvis
637 1463 731 1548 aquis
755 1483 977 1547 aquarumque
1001 1460 1192 1526 decursibus
1216 1462 1455 1546 piscationibus
1486 1462 1618 1527 salectis
1646 1461 1841 1526 molendinis

143 1577 175 1625 10
193 1565 358 1632 montibus
380 1565 520 1632 vallibus
549 1565 747 1652 planitiebus
774 1563 894 1649 [eloltis
917 1574 950 1628 et
971 1563 1118 1646 ineoltis,
1153 1573 1251 1648 prout
1278 1567 1364 1630 iuste
1392 1573 1424 1629 et
1452 1563 1627 1649 le[g]aliter
1655 1587 1841 1651 possumus,

192 1682 229 1736 ut
256 1670 378 1736 habeat
406 1679 628 1756 potestatemp
657 1668 788 1734 tenendi
816 1667 961 1734 donandi
983 1666 1146 1732 vendendi
1169 1668 1356 1733 comutandi
1382 1666 1545 1734 alienandi
1570 1691 1626 1733 seu
1650 1691 1708 1753 pro
1731 1671 1842 1733 anima

193 1774 359 1841 iudicandi
382 1785 415 1840 et
437 1773 592 1862 quicquid
615 1774 794 1838 decreverit
817 1773 944 1836 animus
968 1771 1086 1836 exinde
1108 1771 1267 1854 faciendi,
1305 1773 1447 1836 omnium
1468 1772 1636 1837 hominum
1659 1771 1841 1836 contradic-

195 1880 283 1942 tione
305 1886 441 1943 remota.
480 1876 675 1962 Recepimus
698 1876 837 1961 denique
860 1896 934 1940 enm
957 1895 1031 1938 cum
1055 1871 1204 1938 omnibus
1228 1876 1363 1958 prefatis
1386 1875 1473 1942 illius
1496 1876 1762 1962 possessionibus
1786 1897 1844 1961 per

193 1983 288 2047 buius
317 1983 436 2067 pagine
465 1982 651 2045 cantionem
680 1978 739 2044 sub
769 1988 880 2064 nostre
910 1978 1110 2042 defensionis
1138 1976 1396 2061 mundburdum‚
1426 1980 1642 2064 precipientes
1670 1989 1707 2062 pt
1735 1978 1842 2044 nullus

143 2093 175 2139 15
194 2086 262 2151 dux
291 2084 436 2149 marchio
468 2106 579 2149 comes
610 2085 795 2148 vicecomes
826 2105 884 2148 seu
915 2081 1069 2170 quislibet
1098 2083 1189 2165 regni
1221 2084 1325 2146 nostri
1355 2104 1475 2167 magna
1504 2104 1672 2168 parvaque
1703 2105 1843 2168 persona

193 2189 375 2272 predictum
399 2187 620 2252 Gausfredum
644 2186 684 2253 de
709 2187 858 2252 omnibus
890 2186 1088 2272 supradictis
1118 2183 1215 2249 rebus
1245 2185 1417 2251 disvestire
1445 2186 1620 2254 molestare
1643 2197 1700 2251 aut
1721 2189 1842 2272 inquie-

193 2303 262 2357 tare
286 2293 405 2358 audeat
428 2291 553 2377 absque
576 2290 675 2375 legali
697 2290 829 2356 iudicio.
870 2288 1025 2374 Dam[u]s
1049 2311 1178 2376 quoque
1202 2292 1231 2354 ci
1253 2289 1419 2354 licentiam
1442 2291 1475 2354 in
1499 2289 1647 2374 placito‘l
1671 2311 1765 2355 suum
1787 2289 1842 2354 ad·

193 2406 383 2461 vocatorem
411 2397 539 2460 mittere
569 2395 699 2481 qualem
728 2394 884 2478 elegeritr
914 2414 1007 2459 suam
1034 2415 1169 2458 causam
1192 2394 1225 2456 in
1247 2391 1369 2457 iudicio
1392 2390 1541 2475 legaliter
1564 2391 1769 2458 defendendi.
1809 2393 1844 2459 Si

196 2502 267 2586 quis
290 2498 412 2583 iglitur]
437 2501 532 2564 huius
556 2509 665 2583 nostre
688 2499 944 2565 confirmationis
968 2521 1026 2564 seu
1049 2497 1327 2563 corroborationis
1350 2505 1540 2582 preceptum
1561 2517 1622 2561 nec
1645 2518 1712 2562 non
1734 2496 1843 2562 defen-

145 2615 178 2663 20
197 2603 297 2666 sionis
320 2601 561 2668 mundburdum
583 2601 758 2685 infringere
781 2611 921 2667 conatus
943 2601 1051 2684 fuerit,
1075 2603 1159 2665 sciat
1182 2623 1217 2666 se
1241 2601 1498 2684 compositurum
1516 2601 1585 2663 anri
1605 2600 1719 2684 optimi
1742 2599 1842 2663 libras

197 2715 327 2769 centum
338 2715 358 2788 ⁵,
383 2703 615 2792 mediet[atem]
640 2704 773 2789 kamere
796 2714 907 2790 nostre
925 2715 956 2770 et
971 2705 1180 2770 medietatem
1196 2706 1321 2789 prefato
1339 2702 1535 2769 Gausfredo.
1571 2702 1668 2784 Quod
1684 2712 1719 2768 ut
1734 2705 1842 2768 verius

199 2805 368 2872 credaturi
397 2808 648 2893 diligentiusque
677 2807 720 2874 ab
750 2808 900 2874 omnibus
931 2809 1137 2892 observetur,
1171 2808 1323 2873 manibus
1352 2809 1494 2893 propriis
1522 2806 1716 2872 roborantes
1745 2806 1842 2872 anulo

196 2921 308 2976 nostro
332 2913 479 2996 insigniri
501 2913 665 2976 iussimus.

299 3049 313 3120 3
336 3049 470 3134 Signum
492 3049 603 3114 domni
627 3048 758 3114 Ottonis
783 3051 873 3131 (MP.)
897 3051 1094 3115 serenissimi
1116 3049 1337 3136 imperatoris.
1359 3047 1373 3130 3
1414 3023 1416 3026 Ι

146 3165 179 3212 25
298 3150 528 3233 3Ambrosius
557 3151 773 3218 cancellarius
802 3152 951 3218 advicsm
974 3153 1113 3219 Huberti
1137 3155 1284 3238 episcopi
1307 3163 1339 3217 et
1362 3149 1640 3216 archicancellarii
1666 3154 1843 3235 recognovi

199 3265 231 3321 et
254 3255 442 3341 subscripsi.
466 3259 480 3341 3
850 3325 853 3332 ,
1718 3257 1775 3336 (Sl.
1792 3255 1842 3336 D.)

298 3393 388 3458 Data
410 3411 471 3458 vn.
499 3393 542 3458 id.
566 3394 748 3459 decembris
776 3415 862 3458 anno
894 3393 1057 3460 dominice
1085 3394 1321 3460 incarnationis
1351 3409 1577 3474 uccecnxvu,
1612 3393 1737 3477 imperii
1766 3415 1842 3457 vero

198 3497 308 3562 domni
332 3496 463 3562 Ottonis
488 3499 623 3583 piissimi
647 3500 769 3563 cesaris
787 3517 831 3581 vl,
855 3498 1033 3564 indictione
1050 3516 1105 3581 x13
1130 3509 1239 3563 actum
1262 3498 1399 3579 Hostia3
1422 3497 1456 3560 in
1480 3496 1530 3561 dci
1553 3499 1683 3561 nomine
1706 3496 1844 3561 feliciter

197 3623 302 3666 amen.

146 3841 180 3890 eo
977 3825 1064 3900 353.

206 3977 285 4054 Otto
313 3979 474 4075 bestdtipt
499 3979 578 4052 dem
604 3979 749 4052 Kloster
775 3979 870 4055 Cosa
894 4007 1009 4054 coccea
1034 4007 1080 4054 ze
1105 3981 1264 4055 Poscere
1290 3981 1361 4054 dee
1383 3981 1610 4056 Besitcstcud
1634 3982 1739 4054 seroie
1765 4007 1843 4054 ccr-

196 4099 377 4173 scbc'edcnc
404 4097 530 4172 Rechts
556 4099 635 4172 und
659 4100 806 4172 ccrlcibt
831 4101 904 4173 ilem
931 4101 997 4174 dos
1024 4101 1367 4197 Inquisitionsrcclct.

1384 4226 1463 4283 Rom
1485 4229 1549 4285 967
1570 4225 1728 4284 December
1748 4229 1801 4285 23.

302 4428 466 4490 Geronteon
480 4428 675 4488 Cosaurc'cesc
690 4447 746 4489 cus
762 4429 827 4488 deu
842 4429 928 4488 Dede
943 4429 993 4488 dcs
1009 4432 1059 4488 12.
1074 4428 1125 4488 Jlr.
1143 4427 1265 4501 s.132',
1282 4432 1358 4503 jecut
1371 4428 1439 4489 Cod.
1456 4430 1506 4488 lot.
1521 4433 1602 4490 5411
1621 4431 1673 4488 der
1687 4431 1844 4490 Nationes-t

302 4535 457 4594 o-ictiothelc
474 4551 515 4593 cc
529 4535 620 4593 Poris
635 4532 694 4611 (Α).

300 4672 435 4746 Dccbery
459 4672 561 4745 Sptcil.
586 4673 630 4732 ed.
651 4681 674 4742 1,
700 4673 729 4742 5,
753 4673 815 4731 405
843 4688 900 4730 cus
922 4669 952 4729 A
975 4695 1015 4724 =
1039 4671 1083 4729 cd.
1109 4678 1150 4741 11,
1173 4673 1204 4740 2,
1229 4673 1293 4730 942
1315 4693 1355 4722 =
1380 4671 1532 4728 Muratort
1559 4670 1610 4730 SS.
1634 4664 1678 4739 2⁶,
1703 4671 1775 4729 827.
1804 4702 1847 4710 —

300 4777 430 4835 Bdlrmcr
450 4776 522 4849 neq.
546 4779 619 4836 341.
644 4809 687 4818 -—
709 4773 839 4847 Stumps
855 4775 928 4848 ch.
954 4777 1025 4834 438.

301 4914 340 4972 It.
357 4913 397 4972 Dr
422 4915 556 4972 beuutetc
573 4913 618 4973 als
632 4913 771 4972 Dictator
792 4912 899 4973 sowoht
921 4911 977 4983 fur
999 4913 1053 4971 dus
1076 4912 1372 4971 Besiteccrcciclmiss
1395 4910 1439 4968 uls
1462 4909 1518 4981 sur
1540 4913 1633 4984 cinips
1656 4908 1847 4981 forrrrcltcfte

303 5015 389 5075 Settcc
418 5017 465 5074 die
494 5033 551 5076 uus
579 5018 653 5076 noch
680 5016 882 5090 corticpendcn
910 5016 981 5074 DD.
1005 5016 1133 5090 buceio
1152 5024 1192 5075 ll.
1216 5015 1411 5073 Metlrlbcclrer
1431 5015 1504 5088 Rey.
1528 5015 1603 5072 Kcr.
1627 5017 1721 5084 1228,
1750 5015 1844 5081 1230,

148 5218 182 5266 40
287 5217 391 5279 352.)
372 5223 391 5279 ἰ)
410 5222 456 5271 mit
473 5219 661 5286 ilberfluaas‘qem
678 5220 948 5285 Ablu's'raeunpsces'cben
1034 5219 1062 5286 k)
1082 5219 1128 5270 der
1146 5225 1210 5270 crate
1225 5217 1300 5269 utcu
1317 5217 1363 5269 des
1381 5217 1477 5268 Wortcs
1494 5220 1527 5267 ist
1544 5217 1626 5269 duret
1645 5219 1718 5267 einen
1730 5215 1821 5266 Riss
1810 5231 1846 5264 sm

370 5289 645 5354 Psrqameuserecuc
663 5289 754 5340 deseca
765 5288 864 5340 Germlt
881 5289 925 5340 dic
935 5289 1090 5354 Drydnwnp
1103 5295 1174 5339 corte
1187 5287 1349 5339 onerebls'mt
1439 5287 1457 5352 l)
1476 5303 1542 5338 corr.
1561 5303 1607 5336 our
1623 5283 1847 5350 orrpnioyls'cbem

373 5375 464 5410 manso
482 5373 536 5408 nno
639 5329 677 5424 in)
697 5360 734 5408 eis
759 5358 850 5408 oder
843 5362 907 5424 ipsis
929 5357 1026 5408 sebaim
1050 5357 1107 5408 bier
1128 5357 1311 5422 urrpn'c'nqlicb
1331 5357 1472 5423 gerunden
1495 5373 1526 5406 cu
1550 5355 1642 5418 bobert,
1669 5354 1757 5405 winde
1774 5353 1847 5403 dana

370 5444 456 5494 radtrt
473 5443 527 5494 end
537 5459 587 5500 cce
598 5442 666 5508 jury
667 5457 722 5493 erar
733 5443 816 5494 Herod
827 5443 910 5494 durch
922 5443 970 5495 aas
981 5460 1058 5495 euuor
1069 5460 1099 5494 m
1110 5444 1194 5495 dieser
1208 5443 1370 5509 Vertacum
1381 5442 1535 5508 gebrauchte
1553 5445 1578 5493 ei
1595 5447 1681 5493 eadat
1769 5437 1797 5503 n)
1818 5455 1846 5488 es

370 5511 432 5562 tter
443 5511 490 5562 der
501 5511 572 5562 Zeila
582 5510 768 5578 nocbqetroqsn
856 5513 882 5576 ο)
902 5519 1005 5564 cartam
1024 5513 1088 5563 abac
1100 5511 1368 5576 Ablutnunqsaes'cbcn
1449 5512 1477 5578 p)
1496 5512 1530 5563 It.
1543 5511 1578 5562 D.
1596 5510 1692 5562 seboim
1704 5511 1847 5572 urrpru‘ny-

371 5579 424 5630 liet
441 5597 491 5631 nur
514 5587 635 5632 testatem
658 5579 833 5646 pcacbrs'cbem
860 5581 932 5632 ἀαπη
949 5583 1010 5633 aber
1026 5582 1108 5646 ecfert
1125 5581 1176 5632 den
1193 5581 1288 5633 Fella-
1303 5581 1442 5633 corbem
1458 5598 1489 5631 su
1507 5580 1588 5631 doben
1689 5578 1718 5644 ql
1737 5579 1845 5642 iplacito

371 5649 436 5700 clue
456 5648 725 5714 sckummymeusn
828 5651 851 5716 r)
871 5650 1052 5716 urspritnqlicb
1077 5653 1216 5718 clegerint,
1245 5651 1316 5702 donn
1340 5668 1357 5701 n
1381 5649 1605 5716 durctyestrrcbcn
1707 5655 1731 5710 s)
1749 5645 1846 5697 scteiot

370 5735 427 5770 corr
442 5717 559 5784 plcicbcn
578 5717 713 5770 Scbrcs'ber
729 5719 916 5786 nortpetroqen
932 5738 963 5770 eu
981 5721 1044 5771 scin.
