4576 6428
863 650 988 707 ΟΤΤΟ
1011 652 1035 708 Ι.
1059 647 1132 708 965.
1758 642 1821 708 417

174 842 300 893 munifica
326 843 450 908 largitate
479 843 598 909 ecclesiis
626 843 670 894 dei
697 860 745 909 pro
771 851 913 910 augmento
936 845 979 896 vel
1002 847 1173 911 ampliatione
1196 847 1338 897 earundem
1360 847 1439 896 utilia
1460 848 1539 898 simul
1562 854 1589 899 et
1610 849 1748 899 commoda
1770 851 1823 899 sint

175 946 273 996 collata
295 947 421 1009 subsidia,
448 947 518 996 unde
541 953 568 997 st
588 948 616 995 in
638 948 680 996 sui
702 953 788 998 status
810 949 1003 1015 tranquillitate
1025 951 1183 1000 roborentur
1205 956 1231 1000 et
1253 950 1286 1000 ab
1310 952 1468 1001 irruentium
1491 954 1654 1003 extrinsecus
1675 953 1823 1003 infestatio-

175 1066 239 1100 num
261 1051 390 1101 molestiis
412 1052 581 1100 muniantur:
608 1050 706 1101 idcirco
729 1059 790 1101 nos
813 1031 935 1118 respectu
959 1054 1065 1104 divinae
1088 1055 1307 1105 remunerationis
1329 1071 1358 1116 s,
1381 1071 1428 1119 pro
1451 1055 1567 1106 remedio
1590 1058 1694 1106 animae
1716 1038 1823 1106 nostrae

176 1153 341 1219 dilectaeque
364 1156 484 1220 coniugis
507 1161 611 1205 nostrae
633 1155 788 1206 Adalhsidis
811 1156 912 1222 filiique
934 1159 1018 1205 nostri
1041 1159 1169 1207 carissimi
1192 1158 1312 1220 Ottonis,
1335 1174 1382 1222 pro
1411 1164 1483 1209 statu
1511 1176 1617 1225 quoque
1645 1155 1678 1210 et
1699 1144 1823 1210 incolo·

142 1244 289 1307 amitate
318 1261 392 1324 regui
420 1260 463 1309 vel
494 1261 597 1324 imperii
625 1261 708 1309 nostri
737 1254 916 1310 mercatum
944 1247 978 1308 iu
1006 1244 1235 1330 Magadaburg
1258 1255 1290 1310 et
1312 1255 1478 1311 monetam
1502 1269 1677 1334 omnesque
1704 1247 1823 1315 telonei

176 1361 278 1410 fructus
307 1361 349 1411 vel
378 1377 474 1412 usuras
502 1380 609 1429 quoquo
637 1363 715 1413 modo
738 1364 782 1414 vel
804 1379 821 1413 a
842 1364 950 1428 navigio
973 1364 1092 1414 advectis
1114 1366 1157 1416 vel
1184 1366 1310 1430 plaustris
1331 1365 1374 1415 vel
1404 1366 1520 1415 canucio
1542 1366 1585 1416 vel
1613 1367 1823 1431 quibuscumque

176 1464 306 1514 vehiculis
335 1466 457 1516 adductis
487 1468 543 1516 sive
572 1467 605 1516 ab
637 1467 771 1531 equitibus
798 1467 842 1517 vel
871 1467 1005 1531 peditibus
1033 1467 1077 1518 vel
1104 1470 1295 1533 cuiuscumque
1323 1469 1394 1518 modi
1421 1475 1468 1518 aut
1490 1469 1649 1519 conditionis
1671 1471 1824 1520 hominibus

176 1571 425 1631 supervenientibus
453 1570 540 1620 allatis
568 1566 721 1621 mertibus⁸
750 1570 924 1636 acquirendas
953 1571 995 1619 vel
1023 1571 1191 1634 accipiendas
1214 1587 1261 1620 ssu
1283 1571 1410 1637 quicquid
1431 1572 1561 1621 hactenus
1583 1572 1706 1622 utilitatis
1729 1573 1825 1623 exinde

177 1671 211 1719 ad
233 1677 351 1722 nostrum
374 1674 512 1738 publicum
534 1675 576 1723 ius
598 1676 729 1739 pertinere
751 1674 901 1735 videbatur,
923 1678 1009 1722 totum
1032 1679 1059 1723 et
1081 1690 1112 1723 ex
1135 1675 1238 1740 integro
1262 1674 1311 1724 deo
1334 1680 1479 1741 sanctoque
1500 1676 1630 1726 Mauricio
1653 1677 1680 1724 111
1699 1675 1824 1742 Magada-

126 1774 158 1821 10
175 1773 244 1840 burg
266 1775 399 1826 offerimus
421 1776 630 1827 transfundimus
653 1783 733 1844 atque
756 1778 899 1840 donamus,
930 1782 961 1826 ut
983 1779 1053 1828 servi
1076 1777 1118 1826 dei
1142 1777 1184 1828 die
1206 1784 1337 1843 nocteque
1358 1762 1436 1842 ipsil'
1458 1785 1604 1845 sanctoque
1626 1780 1752 1830 Mauritio
1776 1781 1824 1829 ibi-

175 1877 234 1927 dem
256 1879 410 1929 famulaturi
432 1896 480 1944 prc
503 1886 646 1946 nostraque
669 1882 804 1931 domiuum
826 1881 912 1930 salute
935 1880 1102 1944 deprecaturi
1125 1880 1225 1945 absque
1242 1881 1324 1931 ullius
1340 1897 1442 1946 semper
1457 1883 1666 1933 contradictione
1684 1901 1700 1931 s
1717 1889 1826 1934 teneant

177 1986 204 2029 et
225 1982 379 2045 possideant
401 1989 427 2033 et
449 1985 505 2033 suis
527 1990 558 2034 ut
585 1984 695 2034 libuerit
722 1985 815 2035 usibus
842 1983 997 2049 adiungunt.
1040 1977 1099 2032 Etc
1128 1988 1159 2032 ut
1185 1984 1236 2034 hoc
1264 1989 1370 2035 nostrae
1399 1987 1567 2035 auctoritatis
1595 1992 1749 2052 prqceptum
1777 2003 1824 2051 per

175 2100 333 2149 processura
355 2092 503 2153 temporum
526 2089 658 2138 curricula
683 2090 813 2140 inoffenso
842 2090 938 2154 iugiter
967 2093 1057 2138 tenore
1085 2088 1225 2152 perduret,
1255 2094 1344 2139 cartae
1372 2089 1453 2138 huius
1482 2091 1677 2154 conscriptione
1706 2090 1825 2140 roborari

176 2188 302 2253 anulique
325 2191 407 2240 nostri
430 2192 602 2255 impressione
625 2193 725 2257 signari
746 2194 880 2255 iussimus,
903 2207 983 2258 quam
1006 2198 1032 2241 et
1054 2207 1134 2242 manu
1156 2194 1265 2257 propria
1286 2192 1382 2241 subtus
1404 2191 1576 2242 firmavimus.

127 2344 159 2389 16
279 2326 294 2408 1
315 2327 452 2414 Signum
474 2330 585 2396 domni
609 2330 741 2396 Ottonis
766 2332 831 2413 (Μ.)
855 2333 967 2415 magni
989 2340 1022 2394 et
1043 2331 1247 2395 invictissimi
1270 2333 1475 2416 imperatoris
1499 2334 1638 2415 augusti.
1661 2330 1675 2414 1

279 2445 294 2527 i
315 2449 489 2515 Liudolfus
505 2452 720 2517 cancellarius
737 2452 887 2517 advicem
902 2452 1067 2516 Brunonis
1084 2451 1361 2536 archicappellani
1377 2452 1565 2534 recognovi.
1583 2448 1597 2533 Ξ
1614 2449 1697 2532 (SR.)
1714 2454 1771 2533 (SI.
1785 2453 1826 2533 5.)

280 2605 371 2671 Data
394 2624 454 2671 v11.
478 2607 521 2671 id.
545 2607 613 2671 iulii
637 2629 722 2671 anno
747 2606 931 2672 dominicae
953 2608 1188 2672 incarnationis
1212 2623 1402 2689 nccccuxv,
1426 2606 1603 2672 indictione
1627 2623 1707 2690 vm,
1738 2632 1824 2674 anno
1922 2681 1924 2684 ,

177 2711 268 2792 regni
292 2708 423 2774 Ottonis
446 2727 536 2792 xxx,
569 2713 697 2796 imperii
724 2709 849 2775 scilicet
878 2729 951 2793 11113
986 2720 1096 2775 actum
1124 2709 1424 2795 Magadaburgensi
1455 2710 1596 2797 palatio;
1631 2713 1664 2776 in
1694 2712 1825 2778 domino

177 2811 315 2876 feliciter
336 2835 443 2877 amen.

127 3082 161 3130 ao
956 3055 1044 3136 302.

187 3207 268 3284 Otto
294 3169 435 3284 schenkl
460 3212 525 3285 der
551 3183 795 3307 bisdtbfliclseo
820 3212 953 3286 Kame
979 3238 1025 3285 zo
1053 3210 1264 3287 Osnstmct
1291 3213 1395 3285 cioca
1421 3212 1488 3285 mit
1513 3212 1593 3284 dem
1619 3211 1825 3285 Forstbaoo

178 3329 332 3428 heleyson
358 3331 474 3405 Wotct.
1328 3353 1530 3429 westsere
1553 3355 1615 3413 sss
1639 3353 1709 3413 Juu
1731 3355 1781 3413 15.

281 3541 456 3615 saeuum
478 3544 531 3601 der
552 3543 743 3615 Abselsriftca
766 3545 923 3604 Henselcrs
946 3544 1008 3623 (18.
1031 3542 1098 3625 Jb.)
1126 3547 1160 3603 ia
1187 3546 1238 3603 der
1259 3545 1427 3604 Bibliothelr
1454 3545 1504 3604 des
1526 3543 1826 3617 Rothsqymnosiums

279 3663 320 3703 su
340 3647 512 3704 Osnaaract
532 3645 592 3725 (B).

285 3778 450 3862 leakiad
472 3803 515 3861 ed.
540 3805 670 3862 Meibom
693 3809 755 3866 125
778 3807 999 3879 aususausus
1022 3823 1079 3864 aas
1102 3803 1264 3875 Abschrift.
1288 3838 1331 3845 —
1354 3801 1520 3881 (Henseler)
1544 3803 1670 3861 Dissert.
1695 3801 1730 3858 de
1753 3800 1824 3873 dipl.

281 3904 380 3963 Caroli
396 3906 440 3964 M.
458 3910 522 3965 122
537 3925 593 3964 aas
609 3908 675 3964 dem
693 3907 828 3981 Ort'pinol
845 3907 907 3988 (H)
933 3933 973 3963 =
996 3909 1100 3967 Moser
1118 3905 1300 3966 Osnsbraca.
1321 3906 1422 3965 Gesch.
1447 3905 1490 3965 ed.
1511 3912 1535 3976 I,
1555 3899 1599 3974 2⁶,
1620 3907 1638 3964 5
1660 3911 1695 3962 a⁰
1709 3908 1760 3973 13,
1787 3927 1825 3954 --

208 4033 211 4043 ’
281 4007 427 4079 Soadltoff
449 4009 509 4067 Res
535 4009 700 4083 oscalatus.
729 4005 774 4081 2⁶,
803 4016 847 4071 22
873 4019 908 4069 rt⁰
930 4017 986 4081 11,
1019 4034 1058 4062 =
1086 4011 1188 4068 Moser
1211 4008 1391 4067 Osaobrttclr.
1419 4009 1520 4068 Gesch.
1551 4008 1594 4065 ed.
1622 4015 1668 4078 11,
1696 4010 1733 4077 2,
1762 4009 1828 4066 227

278 4117 313 4168 aa
334 4115 376 4169 13
401 4134 441 4164 =
465 4112 509 4172 es.
530 4120 587 4183 ur,
612 4099 641 4182 a,
664 4115 707 4173 as
729 4120 764 4171 κο
786 4119 836 4174 13.
861 4148 903 4159 -
926 4115 1056 4173 asama
1077 4114 1148 4185 neq.
1173 4117 1244 4172 304.
1271 4146 1313 4156 -
1336 4111 1465 4185 asmpf
1483 4113 1556 4185 neq.
1579 4114 1652 4171 ssa

279 4267 461 4327 Ausserlsolb
484 4269 536 4326 dcr
558 4270 687 4327 Kaaslea'
709 4269 818 4328 dictirt.

124 4476 159 4522 30
278 4457 292 4538 ξ
320 4453 358 4516 ln
392 4454 522 4516 nomine
557 4462 690 4516 sanctae
725 4461 757 4516 et
788 4452 978 4517 individuae
1012 4454 1176 4517 trinitatis.
1229 4452 1308 4516 Otto
1345 4451 1454 4516 divina
1487 4452 1618 4516 favente
1652 4451 1826 4516 clementia

175 4561 354 4642 imperator
382 4565 549 4638 augustus.
647 4555 784 4619 Noverit
814 4557 958 4619 omnium
986 4554 1131 4619 fidelium
1157 4564 1225 4620 tam
1248 4557 1446 4641 presentium
1470 4577 1567 4641 quam
1591 4564 1623 4618 et
1644 4554 1828 4635 futurorum

175 4661 345 4742 industria,
371 4658 510 4744 qualiter
526 4680 587 4721 nos
605 4656 619 4738 i}
638 4657 679 4722 ob
699 4659 893 4741 peticionem
918 4656 1127 4720 dilectissime
1150 4659 1263 4721 matris
1286 4667 1417 4721 nostrae
1432 4655 1600 4720 Mahtildis
1617 4666 1715 4741 atque
1730 4657 1827 4720 inter·
1860 4740 1862 4743 ι

175 4773 308 4828 ventum
324 4760 540 4826 Adhalbeidis
560 4762 782 4824 amantissime
803 4761 951 4842 coniugis
975 4768 1118 4839 nostrae,
1141 4762 1274 4844 insuper
1297 4762 1395 4822 etiam
1419 4758 1460 4823 ob
1483 4759 1635 4844 frequens
1659 4760 1827 4821 servitium

175 4869 343 4951 Drogonis
365 4864 562 4931 venerabilis
586 4864 731 4949 episcopi
755 4862 798 4927 ad
822 4860 1134 4945 Osnabruggensem
1158 4883 1235 4925 suae
1259 4860 1384 4924 scilicet
1406 4858 1563 4924 ecclesiae
1587 4859 1698 4923 sedem
1725 4857 1826 4945 quod-

125 4990 158 5037 aa
177 4973 254 5039 dam
282 4995 395 5036 nemus
424 4969 475 5033 vel
503 4970 660 5034 forestum
690 4969 776 5031 infra
804 4966 886 5030 haec
919 4964 994 5028 loca
1023 4966 1137 5028 situm:
1171 4962 1403 5045 Famuuinkil,
1434 4962 1651 5044 Hrutansten,
1684 4961 1825 5044 Augare,

178 5074 319 5158 Osning,
344 5071 476 5154 Sinithi,
500 5068 743 5154 Bergashauid,
766 5071 1020 5152 Drevanameri,
1043 5067 1242 5150 Etenesfeld,
1265 5069 1458 5149 Diummeri,
1481 5069 1515 5130 in
1537 5076 1730 5153 perpetuum
1753 5087 1826 5151 pro-

177 5179 324 5261 prietatis
354 5199 447 5241 usum
478 5175 688 5256 donavimus,
722 5197 761 5237 ea
790 5174 944 5238 videlicet
972 5176 1099 5238 ratione
1123 5182 1158 5236 ut
1179 5170 1288 5235 nullus
1311 5171 1532 5234 contumatiae
1561 5169 1689 5233 deditus
1712 5190 1825 5232 nemus

178 5279 374 5364 prelibatum
396 5289 508 5343 nostro
531 5276 683 5341 videlicet
705 5275 816 5341 banno
840 5280 999 5341 munitum
1023 5277 1092 5339 sine
1115 5273 1280 5359 praedicte
1312 5271 1398 5336 sedis
1429 5273 1575 5357 episcopi
1604 5270 1655 5336 vel
1685 5273 1826 5357 pastoris

177 5381 307 5445 licentia
330 5382 437 5447 studio
460 5379 602 5445 venandi
626 5391 682 5456 aut
710 5380 846 5466 aliquod
874 5378 1061 5445 huiusmodi
1087 5381 1261 5463 negocium
1284 5374 1462 5461 peragendi
1486 5384 1674 5460 praesumat
1696 5376 1827 5438 intrare.

126 5503 160 5549 40
179 5485 276 5566 Quod
300 5487 327 5548 si
350 5487 522 5570 quisquam
545 5485 636 5569 parvi
659 5484 805 5568 pendens
828 5484 1043 5568 temptaverit,
1069 5483 1151 5546 sciat
1173 5504 1207 5544 se
1231 5490 1298 5545 tam
1321 5478 1451 5543 divinae
1475 5500 1573 5563 quam
1588 5488 1620 5541 et
1635 5487 1766 5542 nostrae
1780 5476 1826 5541 ul-

177 5590 276 5652 tionis
295 5587 473 5652 vindictam
490 5588 688 5651 incurrisse²
711 5609 771 5651 nec
786 5610 853 5651 nou
869 5585 1015 5650 debitum
1031 5607 1090 5670 pro
1115 5584 1233 5649 delicto
1257 5586 1290 5647 in
1312 5581 1455 5666 regalem
1478 5582 1595 5646 fiscum
1615 5581 1827 5647 redditurum.

264 5758 322 5813 ³01.
351 5757 457 5826 [Sickel]
557 5756 622 5821 a)A
718 5759 746 5822 b)
765 5776 782 5824 p
800 5775 866 5807 corr.
884 5774 932 5808 aas
949 5758 975 5818 b,
987 5758 1080 5822 semer
1097 5758 1130 5806 ist
1147 5755 1216 5806 narb
1233 5772 1284 5821 sper
1302 5771 1345 5804 esa
1362 5772 1371 5803 1
1388 5752 1522 5805 cesserat
1617 5756 1643 5818 c)
1661 5751 1718 5802 liter
1735 5754 1768 5801 s'rt
1786 5754 1828 5801 eia

348 5827 446 5878 suaa
463 5844 478 5877 e
494 5826 635 5887 macta
653 5827 690 5876 do
708 5827 766 5878 LK.
784 5827 835 5877 dea
853 5826 1012 5892 Sotmasmsp
1029 5828 1065 5877 Et
1082 5828 1111 5875 io
1128 5824 1244 5875 salutar
1261 5824 1341 5874 Weiss
1359 5822 1529 5875 amisson
1546 5822 1638 5874 coms

264 5912 322 5967 302.
350 5911 444 5980 [Foltn]
549 5911 575 5974 a)
594 5910 664 5978 BB‘,
683 5915 848 5965 incursurum
866 5915 901 5965 D.
919 5914 1048 5965 Heinrich
1061 5922 1092 5964 ΙΙ.
1112 5911 1223 5976 Stansps
1234 5910 1299 5976 Rep.
1317 5912 1388 5964 rats.

228 6022 422 6066 mummia
437 6021 455 6064 l.
1581 6016 1622 6078 53
