4560 6436
914 420 1038 479 ΟΤΤΟ
1062 422 1086 477 Ι.
1110 418 1181 475 972.
1805 407 1866 473 571

222 618 367 674 nostram
390 606 577 693 imploravit
600 607 817 688 serenitatem,
842 612 1002 689 quatenus
1025 603 1282 690 conscriptiones
1301 612 1334 665 et
1352 611 1529 687 praecepta
1548 600 1589 666 ab
1607 599 1868 668 antecessoribus

221 713 351 794 nostris,
374 709 506 794 regibus
521 707 673 773 videlicet
691 718 723 771 et
741 706 1002 792 imperatoribus,
1026 702 1194 772 monacbis
1211 716 1244 771 et
1258 708 1455 770 monasterio
1471 707 1638 790 Renaugie
1654 704 1743 770 edita
1757 717 1869 772 nostra

222 817 320 878 etiam
348 813 595 876 confirmatione
623 809 860 875 roboraremus.
907 808 1007 874 Cuius
1036 811 1190 894 peticioni
1213 832 1383 874 assensum
1407 809 1578 894 prebentes
1602 808 1761 894 simulque
1784 812 1869 895 prio-

222 939 294 982 rum
322 917 498 981 constitnta
529 937 627 999 super
655 915 890 978 immunitatem
915 915 1019 977 sancti
1042 913 1107 978 loci
1130 912 1367 1000 perpendentes
1390 915 1610 998 praecipimus
1633 922 1666 977 et
1688 916 1869 998 statuimus,

189 1033 259 1087 out
280 1022 518 1106 praescriptum
541 1017 736 1082 coenobium
759 1040 798 1081 ea
820 1019 1024 1082 immunitate
1048 1016 1205 1081 subsistat
1227 1018 1313 1080 sicut
1334 1026 1498 1081 cartarum
1522 1025 1632 1080 textus
1661 1016 1766 1082 eidem
1794 1017 1868 1084 loco

221 1127 503 1210 conscriptarum*
533 1125 694 1205 enuntiat,
729 1131 764 1186 ut
791 1119 942 1185 videlicet
975 1119 1127 1184 monachi
1161 1121 1195 1183 in
1226 1121 1299 1205 ipso
1328 1121 1526 1184 monasterio
1556 1129 1724 1184 manentes
1753 1121 1806 1186 vel
1836 1125 1870 1187 in

221 1239 386 1316 posterum
414 1229 594 1292 successuri
625 1223 804 1291 secundnm
832 1224 978 1310 regulam
1007 1225 1112 1288 sancti
1134 1223 1305 1292 Benedicti
1332 1224 1485 1289 abbatem
1508 1227 1592 1289 inter
1616 1247 1650 1288 se
1674 1225 1814 1309 eligendi
1838 1235 1870 1290 et

221 1334 417 1399 advocatum
441 1328 673 1418 quoqumqneb
696 1330 743 1393 eis
766 1328 897 1392 libuerit
919 1327 1101 1413 inquirendi
1125 1326 1268 1391 habeant
1290 1326 1473 1407 licenciam,
1497 1338 1529 1392 et
1547 1337 1584 1392 ut
1601 1327 1688 1392 idem
1706 1340 1870 1394 monaste·

220 1440 304 1502 rium
327 1459 401 1500 cum
425 1435 572 1518 personis
595 1434 790 1497 intrinsecus
814 1441 845 1494 et
868 1432 1050 1496 forinsecus
1082 1428 1143 1493 sibi
1172 1430 1418 1514 coherentibus,
1449 1433 1544 1497 terris
1568 1453 1697 1517 quoque
1720 1431 1816 1497 cultis
1839 1445 1872 1497 et

170 1555 203 1602 10
221 1539 351 1605 incultis
374 1539 418 1604 ad
442 1561 476 1602 se
498 1539 582 1602 iuste
605 1536 758 1610 donativa
781 1557 821 1600 ac
844 1533 992 1618 legaliter
1013 1531 1250 1618 pertinentibus
1282 1543 1394 1599 nostro
1424 1543 1673 1620 nostrorumque
1703 1558 1869 1601 successo-

137 1637 145 1654 '
220 1668 292 1709 rum
307 1654 385 1731 post
400 1643 496 1708 deum
512 1654 544 1707 ct
559 1651 691 1706 sanctos
708 1643 776 1705 eius
792 1639 1007 1722 municipatui
1027 1637 1209 1702 subiectum
1224 1637 1343 1702 nullius
1360 1637 1580 1723 subperiorisb
1602 1637 1689 1704 audb
1708 1640 1869 1705 inferioris

220 1771 357 1836 persone
380 1747 571 1811 difficultate
593 1745 740 1812 turbetur
761 1743 828 1809 aud
850 1745 1084 1827 cuiuscumque
1107 1742 1319 1807 districtionis
1343 1744 1412 1807 sive
1429 1744 1668 1829 praeceptionis
1684 1743 1869 1810 molestiam

220 1855 381 1938 patiatur,
416 1849 474 1914 sed
502 1851 600 1914 liceat
628 1850 691 1933 ipsi
720 1847 832 1912 abbati
862 1849 930 1911 sine
958 1845 1055 1911 ullius
1087 1846 1356 1912 contradictionis
1387 1847 1557 1913 obstaculo
1589 1849 1769 1915 monachos
1793 1874 1869 1916 suos

217 1954 410 2039 regulariter
431 1973 543 2036 regere
551 2003 560 2034 ,
589 1951 710 2034 familie
735 1953 939 2036 praecipere,
969 1973 1020 2014 res
1050 1951 1238 2014 monasterii
1269 1951 1434 2033 ordinare,
1465 1954 1552 2038 intus
1581 1953 1632 2017 vel
1655 1953 1736 2019 foris
1760 1956 1869 2018 omnia

170 2071 201 2118 16
220 2061 313 2124 iuxta
337 2056 464 2122 consilii
489 2057 539 2120 sui
561 2057 783 2140 provisionem
805 2053 957 2118 decenter
980 2075 1123 2136 congrue
1147 2063 1178 2116 et
1200 2053 1322 2118 utiliter
1343 2055 1535 2140 gubernare.
1581 2057 1687 2142 Igitur
1713 2067 1749 2122 ut
1777 2081 1870 2143 prae·

220 2163 343 2227 dictum
367 2171 415 2226 est
439 2160 498 2225 sub
522 2169 635 2224 nostra
658 2158 810 2224 tuicionis
833 2159 1037 2222 immunitate
1058 2157 1151 2223 loeus
1175 2168 1366 2242 prenotatus
1391 2159 1571 2225 subsistens
1596 2161 1638 2226 ab
1658 2163 1745 2226 omni
1763 2162 1869 2247 aliene

219 2267 436 2352 inquisitionis
460 2286 518 2329 seu
548 2263 730 2328 exactionis
761 2261 912 2327 molestia
941 2283 1074 2325 securus
1103 2273 1310 2346 permaneat,
1343 2273 1378 2327 ut
1401 2262 1454 2328 dei
1477 2265 1690 2330 servitoribus
1713 2264 1792 2330 inibi
1816 2264 1870 2330 de·

219 2370 370 2455 gentibus
386 2391 445 2455 pro
460 2368 556 2432 nobis
575 2378 608 2432 et
630 2368 757 2452 imperii
779 2369 882 2432 nostri
906 2365 1084 2430 stabilitate
1108 2368 1176 2428 sine
1201 2365 1312 2452 aliqua
1333 2366 1499 2432 forinseca
1521 2368 1742 2454 inquietudine
1767 2371 1868 2434 omni·
1897 2453 1902 2462 Ι

220 2475 343 2559 potenti
367 2473 427 2537 deo
451 2474 570 2555 iugiter
592 2470 690 2535 liceat
713 2471 908 2555 supplicare.
953 2470 998 2532 Et
1019 2479 1055 2532 ut
1077 2469 1140 2534 hoe
1162 2479 1274 2553 nostre
1298 2471 1520 2535 concessionis
1549 2482 1759 2558 praeceptum
1788 2496 1845 2558 pre
1858 2483 1870 2512 ⁰

168 2595 202 2642 ‘20
219 2580 317 2643 futuri
349 2577 505 2661 temporis
537 2574 699 2640 curricula
730 2585 836 2638 ratum
865 2583 1065 2659 perseveret,
1100 2573 1185 2638 hanc
1215 2583 1339 2638 cartam
1368 2573 1501 2639 inscribi
1531 2577 1684 2641 iussimus
1714 2575 1869 2664 anulique

219 2683 321 2747 nostri
345 2681 558 2764 impressione
580 2700 680 2742 mann
702 2679 836 2763 propria
860 2676 973 2741 subtus
997 2676 1208 2740 firmavimus.

321 2833 334 2916 Ξ
358 2834 493 2918 Signum
516 2832 627 2897 domni
651 2832 783 2897 Ottonis
806 2832 894 2912 (ΜΡ.)
920 2832 1029 2915 magni
1052 2832 1258 2916 imperatoris
1281 2833 1422 2916 augusti.
1446 2835 1459 2918 Ξ

320 2951 514 3024 ΞΗιιὶΠίειιι
538 2952 754 3018 cancellarius
778 2953 927 3017 advicem
950 2952 1107 3017 Rodberti
1130 2951 1340 3017 archinotarii
1366 2953 1554 3040 subscripsi.
1577 2956 1592 3040 ,lg
1744 2958 1803 3037 (SI.
1819 2958 1870 3040 D.)

322 3108 411 3172 Data
438 3127 495 3173 xv.
522 3107 589 3173 kal.
617 3105 724 3193 sept.‘¹
750 3130 836 3172 anno
862 3108 1044 3174 dominicae
1071 3109 1304 3173 incarnationis
1331 3124 1574 3192 Dccccnxxm,
1609 3110 1787 3176 indictione
1810 3130 1868 3194 xv,

169 3231 203 3280 25
222 3233 307 3276 anno
330 3213 422 3296 regni
445 3212 555 3277 domni
579 3210 710 3276 Ottonis
735 3208 898 3291 xxxnnl,
922 3213 1048 3296 imperii
1072 3220 1181 3276 autem
1204 3229 1286 3294 xr113
1310 3220 1418 3276 actum
1444 3211 1673 3279 Constanciae.

1002 3470 1087 3544 l119.

218 3629 319 3698 419⁰.
362 3626 750 3724 Arrfzeiclmrmqitber
777 3629 854 3698 eine
881 3627 1149 3700 conandum·
1176 3628 1256 3700 derra
1281 3627 1415 3701 Kaisar
1445 3655 1490 3700 za
1517 3628 1704 3701 Konstoaz
1738 3654 1867 3702 acrore-

218 3733 350 3819 stoltcte
376 3747 455 3819 aad
480 3745 549 3818 deo
568 3746 780 3845 Korripsluff
792 3748 915 3819 Zizers
943 3747 1156 3846 bctrcffeudc
1184 3748 1403 3844 Inquisition
1431 3749 1509 3821 aad
1535 3750 1623 3823 tiber
1648 3749 1869 3848 uocbmolo'pe

220 3867 294 3966 orrf
313 3865 447 3943 [ι”νιιιιιί
472 3867 532 3940 des
559 3867 956 3964 Inquisitmmberceiscs
984 3867 1130 3966 erfolpte
1149 3865 1363 3968 Seleukzmq
1390 3869 1499 3943 dieses
1517 3869 1630 3968 Hofes
1656 3870 1781 3942 saitem
1808 3871 1868 3944 des

167 4013 201 4062 so
218 3988 367 4062 Kaisers
394 4015 445 4060 on
472 3987 530 4060 die
557 3987 774 4084 bisclrdflicbe
800 3989 933 4063 Kircbe
959 4015 1003 4062 za
1034 3987 1144 4064 Char.
1610 4044 1652 4052 -
1697 4045 1738 4053 -
1782 4044 1824 4054 .-

323 4195 597 4270 Oripiaolarlrundc
619 4198 660 4254 ira
682 4196 912 4256 Gemmnisclvcn
935 4199 1078 4258 Muscam
1100 4216 1141 4256 aa
1163 4199 1323 4272 errubcry
1348 4197 1411 4276 (A).

323 4335 417 4394 Sielel
440 4335 532 4392 Beitr.
556 4353 613 4392 rar·
635 4335 822 4406 Diplomotilr
846 4339 874 4405 6,
899 4339 961 4394 400
984 4337 1064 4394 rrebst
1087 4337 1175 4396 Foco.
1199 4355 1255 4395 ores
1278 4335 1315 4394 A.
1340 4370 1382 4380 -
1405 4337 1534 4411 Starupf
1552 4339 1625 4412 Rep.
1650 4341 1737 4398 51311.

219 4553 318 4630 419⁶.
361 4553 442 4631 Orto
470 4567 635 4627 unescere
660 4554 718 4626 clia
744 4551 957 4652 Seberrlsanq
985 4554 1045 4627 des
1071 4554 1309 4654 K'o'nipsltofcs
1337 4557 1460 4629 Zizcrs
1488 4583 1537 4628 an
1565 4557 1623 4630 clio
1651 4557 1868 4653 bisclzbfliclze

219 4675 351 4750 Kirclre
374 4702 418 4748 zu
441 4673 541 4750 Ultro
568 4674 643 4772 off
662 4672 796 4750 Glauci
822 4675 915 4748 eines
945 4676 983 4748 ιἰι
1005 4677 1122 4749 seiuor
1147 4675 1363 4776 Gopeuwort
1384 4678 1591 4751 erbraobten
1615 4679 1867 4774 Inquisitions·

168 4823 200 4870 35
221 4799 387 4872 berscire&
1366 4819 1523 4878 Koastoaa
1545 4821 1609 4879 972
1631 4818 1749 4892 Aupast
1772 4821 1824 4878 18.

325 5006 572 5082 Oriqiaaldrplom
596 5009 637 5064 im
661 5003 853 5076 Stistsorclriv
874 5024 914 5064 so
938 5005 967 5066 S.
987 5005 1066 5065 Paul
1089 5008 1130 5064 im
1153 5006 1350 5066 Lcwanttlralc
1372 5005 1432 5084 (A).

322 5141 448 5204 eustos
471 5143 551 5202 Aac.
572 5143 657 5204 Sueu
680 5148 712 5214 2,
735 5147 799 5204 138
821 5145 909 5204 Ertr.
932 5162 972 5202 sa
995 5148 1068 5214 973,
1093 5145 1330 5203 uoluselaeee'nlich
1352 5146 1428 5204 aava
1449 5143 1487 5204 A.
1517 5178 1559 5188 -
1588 5146 1728 5220 Herrpott
1747 5147 1866 5210 Geneol.

320 5251 351 5318 2,
376 5251 416 5306 84
439 5252 472 5304 ιιο
487 5251 548 5306 141
573 5265 629 5307 aas
651 5247 690 5318 Α,
715 5251 768 5308 out
791 5263 822 5308 v.
840 5249 897 5308 kal.
915 5251 987 5322 sept.
1006 5265 1031 5306 a.
1050 5265 1072 5308 r.
1091 5263 1215 5310 xxxvn
1238 5247 1289 5328 (o).
1313 5283 1355 5292 -
1377 5251 1466 5308 Mola
1482 5249 1543 5310 01).
1560 5251 1646 5310 Ract.
1663 5257 1693 5322 1,
1711 5255 1749 5310 91
1775 5257 1809 5309 ιιο
1826 5257 1866 5311 64

320 5369 377 5410 aas
394 5350 436 5411 Ca
458 5369 498 5408 sa
512 5350 631 5424 Aaqust
645 5355 697 5414 38.
721 5386 765 5396 -
788 5351 883 5413 Strbel
898 5352 992 5410 Bedr.
1009 5370 1067 5410 sur
1080 5353 1166 5425 Dipl.
1185 5356 1213 5423 6,
1230 5357 1290 5413 401
1316 5356 1399 5413 nabet
1420 5355 1506 5413 Face.
1531 5371 1588 5414 atas
1611 5353 1649 5414 A.
1673 5388 1716 5398 —
1739 5354 1868 5416 demer

168 5461 201 5507 40
321 5457 393 5529 Rea.
417 5457 491 5526 393,
516 5453 643 5528 Stamps
663 5457 735 5530 Regi.
760 5459 822 5516 516
845 5456 909 5515 aad
931 5455 1047 5514 Hidber
1068 5457 1138 5530 aeq.
1165 5459 1249 5516 1103
1271 5476 1311 5516 sa
1333 5458 1452 5532 Augeat
1476 5461 1526 5518 28.

306 5641 363 5696 418.
394 5641 501 5710 [Sickel]
606 5647 631 5705 s)
652 5647 823 5711 escriptarum
841 5643 906 5695 abac
924 5643 1193 5710 Aomymelm
1290 5647 1319 5708 b)
1338 5645 1360 5696 A
1460 5648 1485 5706 o)
1504 5643 1526 5696 A
1544 5651 1605 5696 stau
1623 5664 1671 5714 per
1770 5647 1796 5714 d)
1817 5660 1865 5706 xv,

392 5713 444 5766 kal.
463 5719 530 5782 sept.
547 5712 602 5764 and
620 5725 669 5765 1111
686 5715 725 5777 (sa
743 5716 814 5778 xxx)
830 5731 879 5766 oon
898 5713 963 5764 WB.
981 5716 1009 5766 ia
1027 5713 1079 5765 lcer
1094 5714 1242 5780 ydesienus
1261 5714 1346 5766 Reum
1363 5714 1559 5780 noclpctrayeu.

1609 5819 1667 5882 72*
