4560 6426
420 391 460 454 14
1022 398 1472 456 KAISERURKUNDEN.

518 579 607 642 Data
638 596 702 643 1111.
733 577 800 643 kal.
832 577 903 643 dec.
933 601 1020 643 anno
1050 580 1284 643 incarnationis
1314 579 1437 645 domini
1467 595 1645 662 peccem,
1675 577 1918 644 indictionumb
1942 595 2000 661 xv,
2024 601 2077 643 re-

414 694 536 766 gnanto
558 683 794 768 gloriosissimo
818 705 895 766 rege
910 681 1108 747 Chuonrado
1132 705 1218 747 auno
1240 700 1283 764 113
1306 695 1414 748 actum
1438 683 1662 769 Wilinahurg3
1685 685 1718 747 in
1740 683 1794 747 dei
1816 684 1947 748 nomine
1970 683 2077 747 felici·

416 799 466 850 ter·
487 809 594 851 aruen.

1223 1027 1284 1103 lt.

414 1199 573 1272 ltiurrod
597 1199 758 1294 bestttiqt
782 1197 860 1270 deut
890 1197 1032 1272 moster
1061 1197 1189 1274 Coraci
1214 1199 1282 1272 dos
1309 1199 1521 1290 Wolllrecht,
1550 1199 1620 1272 deu
1649 1200 1874 1298 Zeltutbezuy
1899 1227 1970 1274 von
1999 1201 2115 1274 dens

413 1323 558 1417 oiqertcu
586 1318 724 1394 (illurn,
750 1319 828 1391 uod
847 1319 906 1392 dic
930 1320 1152 1392 lenocinatur.
1615 1356 1722 1415 porm-
1743 1359 1809 1416 913
1831 1358 1972 1418 februm
1992 1362 2027 1420 3·

518 1553 777 1628 Oripinnldiploru
802 1557 843 1614 im
865 1556 895 1615 lt.
921 1555 1130 1614 Stuutsmchiu
1150 1575 1192 1615 aa
1215 1555 1322 1615 Berlin
1347 1554 1410 1634 (A).

518 1719 645 1778 Schotep
663 1721 747 1779 Ario.
764 1719 894 1779 Podcrh.
911 1720 956 1780 ed.
977 1728 999 1790 Ι,
1016 1724 1045 1790 1,
1060 1724 1125 1781 245
1140 1739 1199 1779 arcs
1215 1721 1243 1778 A
1260 1745 1298 1772 =
1316 1721 1422 1793 Luniq
1437 1723 1506 1782 Ra
1523 1724 1588 1792 18⁶,
1605 1723 1646 1780 76
1663 1728 1697 1778 n⁰
1710 1724 1764 1794 26,
1781 1745 1822 1775 =
1837 1721 1967 1781 Schohn
1984 1722 2075 1786 Ano.

516 1823 647 1883 Podcrb.
672 1823 716 1884 ed.
739 1831 777 1894 11,
801 1827 830 1892 1,
856 1827 928 1883 165.
954 1859 996 1868 —
1019 1825 1116 1883 Folle·
1140 1825 1213 1885 Cod.
1237 1824 1317 1886 trud.
1342 1824 1428 1883 Corb.
1454 1827 1517 1883 736
1539 1831 1573 1882 ιιο
1596 1827 1615 1882 4
1642 1843 1702 1883 aas
1724 1825 1765 1887 A.
1787 1859 1830 1869 —-
1853 1826 1982 1884 Erhurd
2005 1826 2073 1886 CD.

519 1927 623 1999 Wests.
640 1933 669 1990 1.
687 1933 728 1986 40
745 1936 778 1986 o⁰
793 1932 835 1988 46
858 1947 917 1986 unas
939 1931 977 1988 A.
1001 1963 1043 1971 —
1065 1929 1199 1988 Bolrmer
1219 1929 1260 1988 A.
1277 1928 1368 1987 eone.
1391 1930 1433 1986 18
1455 1934 1490 1985 η’
1512 1930 1554 1987 13
1576 1945 1636 1986 aas
1659 1928 1698 1987 A.
1722 1962 1765 1971 —
1787 1929 1870 2000 Juffe'
1891 1929 1966 1989 DD.
1990 1949 2076 2002 quu-

516 2031 662 2105 drnyintu
687 2037 705 2092 1
729 2041 764 2090 u⁰
787 2037 805 2092 1
827 2050 887 2092 ores
909 2034 948 2092 A.
971 2067 1013 2076 -
1037 2031 1126 2091 Fucs.
1150 2033 1184 2089 in
1201 2031 1271 2089 Chr.
1288 2031 1385 2106 Gotw.
1409 2034 1452 2090 89
1475 2033 1541 2088 und
1562 2034 1596 2088 in
1619 2031 1761 2090 Berliner
1775 2032 2004 2106 Abbildunqcn.
2029 2067 2074 2077 —
2097 2042 2136 2090 ¹0

451 2203 453 2208 ¹
518 2135 648 2194 Bolmcr
671 2137 745 2210 Reo.
770 2139 848 2210 Imp.
874 2141 924 2206 12,
947 2139 1024 2210 acy.
1048 2139 1127 2197 Kar.
1152 2140 1246 2196 1214.

520 2259 720 2359 &scacchea
743 2319 801 2359 ιιιιι
824 2301 884 2360 SB.
910 2301 989 2359 noch
1014 2299 1145 2374 Conecpt
1167 2319 1224 2359 roa
1247 2299 1326 2370 ΒΗ,
1356 2299 1483 2357 welcler
1509 2301 1610 2373 cinips
1637 2299 1839 2373 Wendanyen
1867 2319 1927 2360 uus
1955 2303 2076 2362 Vom-

518 2405 643 2462 lunden
665 2407 903 2478 ousyeoontmen
924 2424 966 2463 tu
987 2405 1086 2463 hohen
1108 2404 1234 2464 sclreint.

522 2621 580 2698 (C.)
603 2618 618 2700 ξ
637 2619 677 2684 In
699 2621 830 2685 nomine
854 2627 989 2681 sanctae
1011 2627 1044 2679 et
1066 2615 1254 2680 individuae
1277 2617 1441 2679 trinitatis.
1470 2614 1687 2680 Chuonradus
1705 2617 1817 2681 divina
1832 2617 1991 2701 largiente
2008 2618 2076 2682 cle-

415 2725 537 2786 mentia
552 2745 621 2786 rex.
702 2721 865 2786 Convenit
879 2731 1012 2784 nostrae
1030 2718 1133 2803 regali
1156 2717 1340 2782 celsitudini
1363 2729 1400 2781 ut
1422 2721 1594 2803 petitiones
1616 2718 1760 2784 fidelium
1783 2733 1987 2802 nostrorum,
2012 2721 2078 2786 has
2098 2734 2135 2782 15

416 2829 569 2911 precipue
594 2849 677 2912 quas
705 2849 764 2912 pro
793 2823 1006 2888 ecclesiarum
1038 2823 1099 2886 sibi
1128 2824 1375 2886 commissarum
1403 2822 1599 2886 utilitatibus
1623 2835 1816 2908 suggmnt,
1848 2825 1893 2890 ad
1921 2828 2077 2891 effectum

416 2929 863 3015 penlrtcarrrrrs,}quonia1n
891 2927 955 2991 hoc
983 2937 1017 2989 et
1038 2925 1083 2989 ad
1104 2937 1289 3010 presentem
1310 2927 1412 2988 ritant
1436 2947 1591 3012 prospere
1618 2929 1838 3012 peragendam
1862 2930 1961 2994 etad
1988 2931 2077 2994 futu—

414 3055 484 3096 rant
513 3031 748 3096 beatitudiuem
777 3030 1027 3116 promerendam
1058 3029 1261 3113 profuturum
1288 3028 1411 3113 liquido
1438 3030 1610 3094 credimus.
1647 3031 1744 3097 Unde
1769 3035 1900 3096 noverit
1928 3036 2077 3098 omnium

415 3135 559 3199 fideliunr
581 3147 768 3199 nostrorum
790 3145 858 3198 tam
880 3133 1062 3217 praesentis
1085 3153 1184 3216 quam
1206 3131 1304 3196 futuri
1327 3135 1483 3216 temporis
1509 3133 1684 3210 industria,
1716 3136 1805 3220 quod
1831 3139 2001 3201 venientes
2030 3137 2078 3201 ad

414 3242 647 3303 monasterium
672 3251 861 3302 sanctorum
880 3248 1062 3321 martyrum
1085 3234 1242 3320 Stephani
1265 3245 1373 3320 aque·
1395 3236 1463 3300 Viti
1484 3237 1579 3301 Noua
1595 3235 1737 3302 Corheia
1758 3253 1998 3326 nuncupatum,
2021 3264 2076 3306 ro·
2096 3249 2136 3298 20

415 3353 515 3426 ganto
537 3341 683 3405 ciusdem
710 3341 860 3406 coenobii
888 3338 1069 3405 venerabili
1096 3339 1219 3403 abbate
1246 3337 1405 3403 Buohone
1426 3363 1493 3404 una
1514 3363 1589 3404 cunr
1612 3340 1768 3406 fratribus
1792 3343 1854 3407 sihi
1877 3346 2077 3428 commissis,

416 3468 529 3510 ornnes
552 3446 783 3509 concessiones
805 3467 888 3530 quas
910 3446 1054 3529 priorum
1075 3466 1189 3528 regum
1212 3443 1413 3529 temporibus
1435 3443 1620 3509 habuerunt
1634 3445 1769 3510 tirmiter
1784 3447 1890 3511 eidem
1907 3447 1980 3511 loco
1996 3471 2077 3512 con·

415 3553 590 3632 cessimus,
626 3551 803 3635 praecipue
824 3559 861 3611 ut
884 3559 1080 3632 potestatem
1102 3547 1247 3612 habeant
1271 3550 1356 3612 inter
1378 3571 1430 3630 se,
1453 3570 1528 3612 cum
1550 3551 1731 3612 necessitas
1752 3553 1894 3630 venerit,
1916 3551 2077 3616 abbatem

415 3654 573 3738 eligendi,
602 3669 635 3718 et
657 3665 736 3717 uta
756 3651 847 3716 nullo
870 3654 1026 3736 episcopo
1050 3652 1091 3716 de
1114 3651 1365 3716 dominicalibus
1386 3653 1510 3715 mansis
1533 3652 1679 3716 ciusdem
1705 3656 1896 3718 monasterii
1924 3654 2077 3720 decimae

414 3761 605 3842 exigantur,
628 3779 734 3842 neque
756 3779 777 3819 a
799 3758 918 3819 comite
940 3755 993 3819 rel
1016 3777 1058 3819 cx
1082 3753 1228 3848 qualibet
1253 3754 1424 3818 iudiciaria
1448 3766 1612 3840 potestate
1634 3755 1743 3820 coloni
1766 3780 1879 3821 corum
1901 3767 1934 3821 et
1956 3758 2006 3822 liti
2029 3759 2076 3824 ad
2096 3783 2134 3832 25

416 3865 572 3926 iustitiam
597 3861 781 3925 faciendam
809 3861 920 3946 aliquo
948 3858 1058 3924 hanno
1087 3859 1369 3940 constringantur,
1404 3857 1461 3921 sed
1489 3881 1601 3922 coram
1630 3859 1803 3923 advocatis
1831 3861 1977 3925 eiusdem
2007 3861 2077 3927 loci

415 3968 574 4030 iustitiam
597 3965 705 4028 facere
727 3977 904 4048 cogantur,
928 3966 1012 4026 sicut
1032 3964 1231 4025 anteriorum
1247 3961 1448 4025 Franconmr
1469 3984 1583 4043 rogum
1605 3963 1809 4047 temporibus
1831 3966 1982 4049 praefato
2005 3988 2077 4030 mo—

414 4071 559 4134 nasterio
582 4090 775 4132 concessum
797 4068 899 4131 fuisse
921 4068 1048 4130 cunctis
1071 4064 1223 4128 fidelibus
1245 4067 1366 4128 nostris
1387 4065 1511 4150 liquido
1534 4077 1635 4150 patet
1663 4067 1708 4130 Et
1728 4079 1766 4131 nt
1786 4068 1870 4131 haee
1891 4072 2077 4134 auctoritas

415 4185 548 4236 nostrae
570 4170 753 4254 largitionis
775 4169 911 4234 tirmiter
931 4169 1094 4234 habeatur
1115 4179 1214 4253 atque
1236 4189 1295 4252 por
1317 4169 1425 4232 sermm
1448 4179 1596 4253 tempora
1617 4193 1638 4232 a
1658 4171 1811 4235 fidelihus
1824 4174 1947 4236 nostris
1962 4177 2077 4238 verius

415 4273 583 4356 credatur,
617 4285 730 4338 nostra
758 4276 891 4358 propria
920 4295 1019 4338 manu
1053 4271 1164 4336 subter
1192 4293 1265 4335 earu
1292 4271 1494 4335 firinatinrus
1519 4284 1618 4358 atque
1646 4274 1773 4339 tertulli¹
1805 4277 1909 4339 nostri
1937 4278 2076 4362 impres—
2096 4301 2135 4350 ω

416 4379 507 4441 sione
531 4379 652 4460 signari
675 4379 838 4440 iussimus

516 4539 689 4624 {Sigrnun
715 4541 804 4620 (MP.)
830 4539 939 4604 domni
962 4537 1152 4604 (lhuonradi
1176 4541 1373 4605 serenissimi
1394 4535 1528 4624 regis}

517 4659 736 4744 {Salomonl
769 4659 987 4725 cancellarius
1016 4660 1167 4727 adviccru
1198 4661 1354 4746 Piligrinri
1385 4663 1640 4748 archicapellani
1674 4669 1853 4751 recognori
1882 4679 1914 4731 et
1941 4667 1957 4750 ξ
1989 4671 2077 4752 (SR.)

962 4777 964 4782 ·
1946 4777 2005 4850 (st
2031 4779 2077 4858 3.)

518 4925 609 4992 Data
630 4945 681 4992 111.
703 4951 780 4994 non.
803 4927 867 4993 feb.
890 4951 977 4994 anno
1005 4929 1048 4993 ab
1077 4932 1302 4994 incarnatione
1329 4929 1452 4994 dornini
1476 4946 1668 5006 peccetur,
1699 4937 1792 5018 regni
1819 4947 1929 4998 antem
1959 4935 2078 5004 domni
2099 4961 2137 5010 35

415 5027 604 5096 Clruonradi
628 5035 824 5096 serenissimi
847 5036 934 5116 regis
956 5055 1043 5097 anno
1067 5049 1112 5116 113
1134 5047 1244 5098 arctum
1268 5035 1300 5097 in
1321 5035 1392 5118 ipso
1416 5038 1614 5100 nronastorio
1630 5035 1789 5120 Corbeia3
1811 5041 1845 5104 in
1866 5038 1919 5102 dei
1940 5045 2081 5108 nomine

415 5136 544 5200 filiciter
556 5147 569 5174 ⁸
589 5159 696 5200 anien.

520 5341 561 5394 13.
589 5343 617 5398 bl
636 5341 708 5392 indii·
730 5341 759 5392 0.

520 5445 561 5498 lt.
589 5445 696 5514 [sichel]
800 5445 828 5510 a)
848 5445 870 5494 A
974 5445 1002 5504 h)
1021 5447 1127 5498 Salonio
1145 5449 1174 5498 in
1190 5447 1364 5513 calliopam
1383 5449 1495 5512 delerit),
1514 5451 1595 5513 corint
1612 5451 1693 5501 durch
1713 5451 1811 5504 lm
1827 5471 1846 5504 n
1864 5457 1976 5520 afim
