4576 6428
925 454 1050 513 ΟΤΤΟ
1072 457 1096 511 Ι.
1121 452 1192 511 964.

1018 636 1104 708 272.

244 810 325 886 Otto
361 809 502 884 schcalct
527 810 607 884 deoc
632 809 786 908 Biscbos
813 808 956 884 0661660
981 835 1053 882 voa
1078 808 1257 907 Berpoono
1286 809 1344 882 666
1371 811 1412 883 66
1440 810 1554 882 dieser
1586 807 1799 911 Grofsehaft
1821 839 1881 911 96-

235 930 380 1028 16966666
398 929 526 1028 Hufea
551 930 610 1003 oles
628 930 818 1028 Bereapor
840 929 920 1002 666
943 929 1008 1002 666
1028 929 1136 1002 Willa
1161 956 1206 1003 aa
1224 929 1365 1004 Boactc
1384 927 1423 1003 di
1447 956 1567 1026 sopra,
1596 929 1788 1004 Brembote
1805 932 1885 1005 666

236 1077 287 1124 oa
313 1050 457 1124 066666
484 1048 605 1125 06666
1668 1108 1713 1116 ..
1733 1107 1775 1116 -
1797 1107 1841 1116 ..

201 1298 217 1344 6
338 1288 431 1346 Liber
452 1286 598 1344 6666666166
621 1287 750 1358 episcopi
771 1285 892 1345 Barotr'i
913 1303 970 1345 066
993 1286 1044 1344 der
1066 1289 1187 1345 66666666
1208 1286 1314 1372 He'tlste
1336 1287 1386 1346 des
1408 1289 1459 1347 15.
1477 1287 1530 1348 Jt.
1555 1288 1579 1358 f.
1602 1292 1665 1348 303
1689 1291 1731 1348 im
1756 1288 1882 1360 bischof-

340 1392 432 1450 166666
453 1389 564 1448 Archia
585 1407 626 1448 aa
648 1389 794 1462 66690660
817 1386 878 1467 (Β).

339 1554 482 1616 06666660
499 1553 638 1612 Historia
656 1551 687 1610 di
703 1553 848 1626 66690660
870 1547 914 1622 2⁶,
940 1556 1004 1612 412
1024 1569 1081 1610 aus
1096 1553 1126 1611 B
1147 1556 1202 1611 urit
1225 1553 1278 1612 der
1291 1554 1446 1629 Dat-irump
1469 1575 1524 1615 606
1539 1557 1606 1616 110.
1623 1560 1686 1616 364
1708 1582 1746 1609 --
1769 1557 1883 1631 11966116

336 1657 432 1717 Italia
449 1673 536 1717 sacra
558 1656 601 1714 ed,
621 1664 646 1728 1,
671 1661 701 1727 4,
719 1660 782 1716 622
797 1678 836 1708 =
855 1655 898 1715 ed.
917 1663 959 1726 Il,
983 1659 1012 1724 4,
1030 1658 1101 1716 436.
1118 1688 1162 1699 -
1176 1657 1261 1730 16696
1278 1657 1340 1718 01).
1357 1659 1492 1733 11669066.
1514 1663 1543 1730 2,
1558 1664 1623 1720 273
1641 1678 1698 1720 aas
1714 1661 1743 1719 B
1759 1684 1799 1713 =
1817 1659 1879 1720 OD.

336 1760 469 1834 166906.
493 1761 577 1819 1155
600 1765 634 1817 66
658 1762 782 1818 66766
804 1757 1046 1832 coaeparatur.
1070 1791 1114 1800 —-
1136 1758 1265 1832 Stampf
1282 1760 1353 1834 1669.
1379 1763 1443 1821 452
1463 1780 1504 1820 su
1527 1765 1590 1822 966
1615 1761 1674 1822 Oct.
1701 1765 1729 1821 6.
1799 1765 1800 1768 ’

335 1924 421 1983 Ncch
444 1926 526 1983 66666
548 1926 581 1982 66
596 1924 708 1982 1601666
729 1924 798 1982 sehr
819 1924 1008 1981 oerbrcitctea
1023 1921 1143 1982 Fossael
1164 1921 1300 1993 cersosst.
1322 1958 1363 1966 —
1382 1925 1532 1985 Wcttread
1554 1927 1588 1982 66
1603 1924 1633 1982 Β
1650 1926 1746 1997 066966
1760 1924 1800 1982 D.
1824 1922 1886 1994 aas

336 2024 403 2085 DO.
427 2029 490 2086 364
513 2025 577 2084 666
598 2043 681 2084 saar
703 2026 775 2083 0166
796 2025 952 2098 1166666669
974 2022 1057 2097 solet,
1082 2025 1174 2084 stellte
1198 2043 1226 2085 es
1251 2024 1394 2086 06666660
1416 2043 1534 2097 coram,
1559 2027 1630 2100 16966
1653 2027 1881 2084 6166666266-

336 2129 572 2188 6666166016006
593 2127 661 2188 DO.
685 2131 748 2188 364
777 2130 823 2187 666
850 2127 915 2185 666
943 2131 1084 2202 66666609
1112 2129 1160 2187 666
1187 2129 1589 2203 6661661666166609661606
1619 2132 1699 2188 cicer
1727 2129 1882 2188 cermeiat-

336 2232 430 2290 lichen
449 2232 669 2304 Verbesserany.
712 2230 842 2290 Obschoa
871 2231 1085 2304 6666661696
1113 2231 1170 2290 666
1199 2231 1514 2306 6066066161666616169
1540 2231 1766 2305 9666166616,
1790 2231 1883 2288 reitte

336 2335 464 2408 Stampf
482 2335 536 2393 dos
551 2335 590 2393 D.
607 2335 683 2393 60616
705 2335 771 2392 dem
792 2334 979 2408 6666666966
995 2335 1182 2394 6666010661
1205 2337 1262 2393 666.
1286 2337 1372 2396 Noch
1394 2336 1447 2394 der
1468 2334 1674 2406 itbcrliefertea
1691 2336 1883 2407 166609661606

335 2439 436 2510 9616661
465 2438 595 2497 66666166
616 2440 648 2496 66
671 2438 719 2496 666
741 2439 774 2498 J.
798 2442 969 2500 962-964
998 2439 1062 2498 666
1091 2440 1343 2498 666066666616616
1372 2439 1511 2498 66166666
1539 2439 1592 2498 666
1613 2439 1801 2512 6610966669
1828 2455 1883 2496 006

339 2543 368 2602 S.
389 2544 450 2602 Leo
474 2543 642 2616 0669666616
666 2543 791 2602 606666.

337 2773 375 2835 In
394 2772 524 2837 nomine
548 2778 660 2834 sancte
677 2778 709 2833 66
723 2769 891 2835 individue
914 2771 1079 2848 trinitatis.
1118 2768 1196 2835 Otto
1220 2768 1332 2834 divina
1353 2770 1484 2836 favente
1508 2771 1681 2837 clementia
1703 2775 1882 2859 imperator

234 2885 402 2960 augustus.
504 2873 687 2960 Imperialis
710 2896 781 2939 mos
804 2883 853 2938 est
875 2871 1076 2937 celsitudinis
1100 2895 1271 2958 procerum
1295 2895 1427 2938 suorum
1450 2873 1602 2960 precibus
1626 2899 1721 2941 aures
1744 2877 1883 2942 libenter

233 2978 459 3061 accomodare,
483 2988 642 3064 quatenus
658 2980 693 3042 in
709 3001 765 3063 sue
787 2976 979 3042 6661666666ι
1002 2976 1167 3064 obsequiis
1191 2967 1375 3043 devotiores
1393 3001 1450 3043 eos
1469 2978 1611 3065 undique
1633 2978 1759 3044 reddat.
1796 2980 1880 3061 Qua-

182 3101 215 3148 60
233 3089 366 3166 propter
393 3092 585 3168 cunctorum
612 3081 757 3145 fidelium
787 3089 898 3163 sancte
929 3079 981 3144 dei
1005 3079 1141 3164 ecclesie
1170 3069 1444 3168 nostrorumqueb
1472 3085 1670 3168 presentium
1694 3083 1819 3148 seilicet
1841 3107 1881 3148 ae

232 3187 414 3251 futurorum
430 3184 589 3250 industria
605 3185 741 3267 noverit,
766 3184 855 3270 quod
871 3181 1044 3248 Odehious
1067 3187 1347 3249 reverentissimus
1371 3195 1482 3270 sancte
1497 3186 1727 3274 Bergomensis
1744 3187 1881 3271 ecclesie

235 3288 344 3375 presul
372 3297 547 3376 nosterque
569 3287 777 3353 fidelissimus
801 3310 858 3373 per
880 3285 1078 3352 Adlehidam
1100 3298 1246 3353 nostram
1267 3288 1516 3354 6661666666666ο
1538 3292 1709 3375 coniugem
1732 3313 1792 3356 nec
1815 3315 1881 3357 non

234 3394 474 3478 imperatricem
497 3392 686 3478 suppliciter
708 3383 856 3456 nostram
879 3388 1072 3476 deprecatus
1092 3401 1141 3456 cst
1158 3391 1373 3474 elementiam,
1399 3403 1558 3479 quatenus
1581 3417 1641 3479 pro
1664 3397 1754 3480 regni
1777 3399 1880 3461 nostri

235 3496 412 3561 stabilitate
435 3505 608 3583 eternaque
630 3496 900 3560 remunerationis
923 3497 1042 3560 intuitu
1064 3495 1168 3559 eidem
1190 3494 1369 3580 venerabili
1394 3498 1549 3582 episcopo
1572 3495 1646 3562 illos
1670 3521 1802 3564 mansos
1827 3502 1879 3586 qui

185 3617 217 3664 ‘25
234 3600 363 3666 fuerunt
379 3600 419 3665 de
438 3602 506 3664 iure
521 3599 711 3682 Berengarii
731 3608 763 3661 et
779 3595 888 3682 Uuille
904 3598 938 3661 in
953 3599 1109 3662 comitatu
1124 3599 1346 3682 Bergomense
1365 3601 1399 3665 in
1417 3599 1498 3666 loeis
1518 3603 1573 3686 qui
1595 3600 1737 3666 diciturd
1753 3603 1881 3667 Bouate

233 3705 408 3789 superiore,
430 3700 646 3786 Brombated,
670 3703 776 3767 sancti
791 3701 944 3784 Uictoris,
960 3700 1116 3784 Balterio,
1132 3701 1285 3788 Caprius,
1310 3703 1509 3789 Gurgulaco,
1532 3704 1715 3788 Mauringo,
1739 3704 1881 3788 Albano,

233 3831 291 3894 per
311 3811 414 3874 nostri
443 3810 588 3895 precepti
619 3809 774 3893 paginam
803 3829 878 3872 cum
907 3808 994 3871 omni
1024 3829 1136 3872 eorum
1163 3809 1347 3891 integritate
1369 3809 1439 3873 iure
1462 3810 1676 3894 proprietario
1701 3808 1881 3873 concedere

233 3913 449 3998 dignaremur.
489 3911 589 3978 Cuius
619 3911 830 3999 petitionibus
859 3909 1006 3975 inclinati
1029 3919 1061 3974 et
1084 3909 1228 3975 debitam
1250 3911 1374 3996 prefati
1398 3913 1545 3997 episcopi
1568 3910 1756 3977 fidelitatem
1780 3921 1881 3977 atten-

232 4017 345 4082 dentes
366 4015 430 4081 hoe
452 4027 562 4102 60666
586 4016 772 4081 donationis
796 4023 986 4100 preceptum
1009 4011 1107 4077 scribi
1131 4014 1303 4096 iussimus,
1339 4036 1396 4099 per
1419 4014 1507 4100 quod
1530 4023 1702 4100 pretaxato
1728 4014 1880 4080 Odelrico

182 4139 215 4186 30
233 4123 491 4187 reverentissimo
523 4121 670 4208 pontifici
699 4121 942 4206 prenominatos
971 4139 1103 4182 mansos
1127 4126 1158 4180 et
1180 4116 1335 4203 quicquid
1364 4116 1443 4182 inibi
1473 4120 1634 4203 pertinere
1657 4117 1785 4184 videtur
1812 4121 1881 4184 iure

231 4226 446 4309 proprietario
478 4223 687 4290 concedimus
717 4233 749 4287 et
779 4222 997 4308 perdonamus
1026 4231 1057 4286 et
1086 4221 1125 4286 de
1154 4231 1266 4288 nostro
1298 4225 1367 4287 iure
1395 4227 1429 4288 in
1453 4226 1521 4289 eius
1552 4225 1602 4288 ius
1629 4234 1661 4288 et
1684 4233 1879 4310 potestatem

232 4326 503 4411 transfundimus,
535 4337 570 4392 ut
592 4326 712 4393 habeat
741 4337 935 4414 potestatem
967 4327 1210 4414 prenominatos
1239 4349 1371 4392 mansos
1402 4351 1475 4392 eum
1503 4327 1652 4392 omuibus
1676 4328 1879 4414 appendiciis

232 4431 362 4496 tenendi
395 4430 539 4496 donandi
567 4432 728 4497 vendendi
760 4430 982 4497 commutandi
1005 4429 1057 4494 vel
1081 4451 1285 4516 quocumque
1311 4430 1450 4496 voluerit
1479 4432 1664 4515 scriptionis
1688 4431 1780 4496 titulo
1804 4431 1880 4496 alie-

233 4535 343 4618 nandi,
366 4545 478 4599 nostra
501 4545 533 4599 et
555 4534 771 4620 proheredum
789 4557 828 4598 ac
847 4556 1073 4600 successorum
1096 4556 1152 4598 seu
1175 4533 1307 4620 publica
1330 4533 1557 4598 molestatione
1580 4543 1716 4598 remota.
1752 4531 1786 4598 Si
1809 4536 1880 4620 quis

181 4657 214 4703 ss
233 4649 342 4704 autem
357 4640 420 4705 hoc
436 4649 546 4724 nostre
564 4638 750 4704 donationis
766 4647 798 4702 et
814 4637 1071 4703 confirmationis
1094 4647 1283 4722 preceptum
1307 4637 1502 4722 quandoque
1520 4636 1643 4701 violare
1662 4638 1880 4721 temptaverit,

233 4752 362 4807 eentum
391 4741 492 4807 libras
521 4743 591 4806 auri
623 4743 735 4827 optimi
765 4764 961 4826 componere
993 4749 1145 4825 cogatur,
1178 4739 1384 4806 medietatem
1414 4738 1549 4825 pallatio
1573 4749 1685 4803 nostro
1710 4747 1741 4802 et
1763 4736 1882 4803 medie·

233 4855 333 4911 tatem
356 4847 482 4932 prefato
506 4846 652 4932 pontifici
677 4848 808 4931 suisque
830 4844 1004 4910 heredibus
1019 4843 1071 4909 vel
1087 4845 1138 4909 cui
1155 4847 1224 4930 ipse
1240 4844 1292 4909 vel
1307 4846 1370 4930 ipsi
1395 4843 1550 4909 dederint.
1585 4843 1628 4907 Et
1644 4852 1679 4908 ut
1694 4843 1756 4907 hoc
1772 4846 1880 4908 verius

232 4948 384 5014 credatur
411 4947 662 5036 diligentiusque
694 4947 897 5031 observetur,
928 4969 1027 5012 manu
1055 4949 1187 5034 propria
1216 4949 1326 5014 subter
1353 4947 1545 5014 roborantes
1575 4946 1664 5011 anuli
1692 4950 1794 5012 nostri
1823 4949 1880 5012 im-

233 5055 399 5140 pressione
422 5055 570 5138 insigniri
593 5055 757 5119 iussimus.

183 5226 216 5272 ro
338 5209 473 5296 Signum
496 5211 559 5293 (M.)
581 5210 692 5276 domni
717 5208 847 5275 Ottonis
870 5211 1068 5275 serenissimi
1096 5210 1300 5294 imperatoris
1323 5209 1463 5291 augusti.

334 5331 507 5415 Liugerius
530 5333 676 5397 notarius
700 5329 849 5398 advicem
863 5329 1015 5396 Widonis
1039 5331 1185 5418 episcopi
1205 5339 1238 5394 et
1255 5329 1533 5394 archicancellarii
1556 5330 1731 5414 recognovi
1756 5339 1788 5393 et
1807 5327 1881 5392 sub·

232 5457 359 5520 scripsi.

316 5655 376 5712 ²7².
401 5656 635 5792 ἕξω-66166616]
724 5661 751 5724 6)
769 5659 944 5711 felicitatisB
1025 5659 1052 5722 b)
1072 5659 1261 5710 nostrorumB
1349 5661 1372 5719 c)
1392 5663 1508 5709 nostram
1527 5657 1707 5707 fidelissimam
1726 5653 1880 5706 nostramB

1614 5827 1675 5888 49*
