4554 6414
830 408 1064 466 HEINRIOH
1085 409 1109 464 1.
1131 405 1204 464 931.
1798 401 1841 465 63

292 593 369 650 klort
392 594 454 652 sich
476 593 568 651 dureo
588 592 664 663 secie
680 592 887 666 Naohoilduaq
908 611 964 652 oon
984 593 1046 653 VU.
1065 599 1110 664 11,
1136 592 1257 664 woraas
1275 591 1390 652 radico
1411 595 1466 652 mit
1488 591 1575 653 onius
1597 593 1731 668 petitioni
1754 611 1841 669 otger

293 697 454 756 Anachlass
476 715 517 772 aa
536 697 599 757 VU.
619 702 665 754 IV
676 698 798 756 eaeo.
821 730 858 740 —
882 697 967 758 Nocb
989 698 1043 757 der
1056 699 1249 772 Recessit-ios
1264 701 1427 771 spotcsteas
1442 715 1482 756 aa
1497 696 1622 772 Ausona
1637 702 1698 758 931
1716 698 1837 757 mooli.

396 884 434 950 In
456 885 587 950 nomine
610 893 723 970 sancte
746 893 778 949 et
799 885 967 970 individue
989 884 1154 950 trinitatis.
1181 883 1356 952 Heinricus
1379 884 1490 949 divina
1512 883 1644 956 fovente
1667 883 1839 950 clementia

189 1012 258 1055 rex.
346 1004 413 1054 Cum
434 1003 614 1069 peticionibus
635 1003 802 1056 sacerdotum
817 998 919 1054 ineas*
941 1009 968 1055 et
982 1004 1188 1055 rationabilibus
1203 1004 1286 1055 divini
1302 1003 1390 1054 cultus
1405 1019 1494 1054 amore
1510 1003 1638 1067 favemus,
1661 1019 1776 1070 superna
1792 1020 1840 1054 nos

155 1109 275 1174 agretia
290 1108 386 1157 muniri
405 1123 458 1157 non
480 1106 633 1158 oudinus.
671 1109 803 1170 Quocirca
824 1109 930 1159 neverit
952 1094 1096 1158 omnium
1117 1091 1262 1158 fidelium
1284 1101 1470 1159 nostrorum
1492 1093 1692 1178 presentium
1715 1092 1840 1158 scilicet

189 1206 222 1261 et
244 1197 425 1262 futurorum
447 1194 617 1280 industria,
641 1211 756 1278 qualiter
776 1196 951 1263 Baldricus
974 1213 1152 1263 Traiectensis
1173 1212 1285 1280 qeclesiq
1304 1213 1411 1264 Ueteris
1430 1229 1447 1261 ιι
1468 1213 1609 1277 episcopus
1630 1227 1699 1278 quae
1721 1217 1761 1262 est
1779 1228 1839 1262 con·

190 1320 291 1366 anneta
305 1317 332 1366 in
347 1316 447 1366 honore
462 1316 548 1365 sancti
563 1316 671 1365 Martini
687 1321 714 1366 et
728 1315 841 1366 aliomrn
856 1333 872 1364 ιι
888 1321 1048 1378 sanctorum,
1071 1315 1170 1366 obtulit
1184 1316 1323 1367 obtutibus
1337 1318 1435 1368 nostris
1450 1300 1611 1387 quasdam
1626 1301 1840 1366 auctoritates

189 1405 431 1470 constitutionis
453 1425 567 1487 regum
589 1404 807 1489 antiquorum,
830 1405 960 1490 Pippini
983 1403 1136 1470 videlicet
1159 1414 1191 1470 et
1211 1406 1326 1470 Karoli
1351 1406 1434 1490 bone
1456 1405 1611 1488 memorie
1633 1405 1840 1488 imperatoris

189 1510 319 1592 augusti
342 1529 402 1573 nec
426 1529 491 1572 non
515 1505 715 1571 Hludouuici
738 1509 877 1592 piissimi
900 1510 1023 1575 cesaris
1046 1511 1180 1595 eiusque
1203 1511 1369 1595 equivoci,
1403 1507 1632 1575 Zuentibolehi
1655 1530 1784 1595 quoque
1808 1517 1841 1574 et

140 1625 172 1672 10
190 1610 388 1695 chuonradi,
412 1613 446 1677 in
468 1611 586 1698 quibus
609 1611 837 1680 continebatur
859 1613 947 1699 quod
969 1614 1016 1677 illi
1039 1629 1073 1679 ad
1094 1630 1180 1694 ipsam
1202 1629 1358 1681 aecclesiam
1380 1629 1573 1680 concessissent
1591 1644 1694 1679 omnem
1710 1627 1839 1680 decimam

189 1731 222 1782 de
237 1732 376 1796 mancipiis
390 1733 469 1782 terris
484 1735 511 1783 et
526 1731 558 1781 de
574 1729 705 1781 theloneis
720 1731 762 1781 vel
779 1730 812 1782 de
827 1732 933 1799 negotio
950 1731 1023 1783 etde
1039 1734 1109 1784 omni
1126 1749 1167 1796 re,
1189 1732 1375 1800 undecumque
1395 1732 1429 1783 ad
1450 1737 1551 1798 partem
1572 1733 1672 1798 regiam
1694 1718 1744 1782 ius
1767 1716 1839 1782 fisci

189 1842 322 1886 censum
344 1837 465 1900 accipere
485 1840 534 1886 aut
553 1815 685 1900 exigereb
707 1833 861 1900 videbatur,
884 1840 911 1887 et
932 1841 963 1886 ut
985 1836 1105 1888 homines
1127 1836 1245 1888 eiusdem
1267 1837 1379 1904 ecclesie
1401 1837 1451 1888 sub
1472 1835 1657 1887 mundeburdo
1678 1841 1705 1886 et
1727 1837 1839 1888 tuitione

189 1941 273 2005 ipsius
293 1939 404 2006 ecclesie
425 1941 600 1991 consisterent
613 1954 663 1989 nec
678 1954 732 1988 non
746 1941 775 1989 in
790 1941 863 2006 ripis,
887 1942 915 1990 in
930 1940 1081 2003 Dercetato,
1103 1925 1282 2009 Deventre,
1303 1926 1394 1991 Tiele
1415 1927 1639 2011 universisque
1661 1923 1734 1990 aliis
1756 1924 1838 1991 locis

189 2030 221 2093 in
244 2031 316 2114 ipso
340 2031 532 2116 episcopatu
556 2028 822 2112 consistentibus,
846 2051 876 2095 ut
897 2061 947 2096 nec
968 2045 1087 2095 bannum
1108 2061 1158 2095 nec
1179 2045 1282 2095 fredum
1303 2050 1350 2095 aut
1370 2045 1519 2096 coniectum
1535 2044 1607 2111 qnod
1622 2045 1656 2095 ab
1674 2046 1739 2110 ipsis
1753 2045 1841 2110 gisent

140 2158 171 2206 15
188 2143 327 2199 vocatur
349 2151 502 2217 contingere
524 2155 573 2200 ent
595 2157 717 2202 exactare
746 2137 818 2220 quis
841 2154 1018 2215 presumeret,
1048 2135 1330 2220 precipientesque
1352 2134 1487 2198 firmiter
1512 2136 1675 2198 iusserunt
1697 2155 1729 2199 ut
1749 2149 1840 2199 nullus

189 2254 269 2304 iudex
289 2253 415 2320 publicus
436 2271 523 2321 neque
544 2255 672 2321 quislibet
693 2271 725 2306 ex
748 2254 890 2306 iudiciaria
909 2259 1041 2319 potestate
1063 2248 1121 2303 aut
1142 2247 1371 2324 procuratores
1391 2240 1438 2303 rei
1459 2235 1590 2323 publice
1608 2253 1636 2302 in
1651 2252 1778 2320 qcclesiss
1793 2258 1840 2302 ant

189 2358 248 2408 loca
262 2358 305 2408 vel
320 2373 399 2424 agros
419 2375 467 2410 seu
487 2359 604 2426 reliquas
626 2361 808 2424 possessiones
823 2373 889 2425 quas
909 2357 1036 2409 moderno
1056 2363 1174 2422 tempore
1194 2359 1223 2408 in
1244 2358 1410 2424 quibuslibet
1430 2359 1507 2426 pagis
1522 2351 1587 2409 velc
1609 2358 1748 2409 territoriis
1770 2358 1840 2409 inira

189 2461 319 2512 dicionem
334 2465 408 2530 regni
424 2446 553 2514 illorum
570 2465 638 2515 iuste
654 2469 680 2515 et
695 2462 889 2514 rationabiliter
903 2466 1049 2513 memorata
1064 2467 1137 2513 tenet
1151 2463 1194 2513 vel
1209 2461 1328 2528 possidet
1341 2462 1455 2529 eeclesia
1469 2460 1512 2512 vel
1528 2477 1560 2513 ea
1574 2477 1626 2528 quq
1642 2461 1767 2528 deinceps
1781 2463 1839 2513 inre

188 2566 272 2630 ipsius
287 2567 373 2616 sancti
388 2567 440 2617 loci
456 2550 597 2617 volucrit
612 2568 703 2618 dimna
716 2570 804 2634 pietas
819 2552 942 2638 augeri,
961 2567 996 2617 ad
1012 2581 1107 2618 causas
1123 2565 1268 2617 audiendas
1283 2571 1331 2616 aut
1352 2565 1427 2617 freda
1447 2547 1601 2638 erigendp‘¹
1623 2571 1671 2616 aut
1689 2567 1840 2618 mansiones

138 2676 171 2722 no
189 2669 231 2719 vel
251 2675 358 2734 paratas
378 2671 514 2722 faciendas
535 2671 579 2721 vel
599 2670 768 2724 fideiussores
789 2670 922 2722 tollendos
937 2675 986 2721 ant
1005 2671 1125 2721 homines
1141 2669 1352 2738 ipsiuseeclesiq
1367 2675 1421 2720 tam
1436 2671 1567 2736 ingenuos
1581 2684 1661 2736 quam
1676 2676 1703 2722 et
1718 2687 1808 2722 servos
1823 2688 1840 2720 a

188 2773 286 2824 iniuste
301 2773 497 2840 distringendos
512 2789 598 2840 neque
613 2775 872 2826 ullasredibitiones
887 2779 935 2825 aut
951 2775 1068 2826 inlicitas
1089 2776 1242 2825 occasiones
1262 2773 1434 2841 requirendas
1455 2760 1522 2824 suis
1544 2773 1694 2840 futurisque
1716 2776 1839 2841 tempori—

188 2878 239 2927 bus
260 2877 362 2944 ingredi
386 2877 485 2929 audeat
506 2878 549 2929 vel
568 2894 600 2930 ea
620 2895 672 2946 quq
693 2895 775 2945 supra
796 2883 941 2930 memorata
960 2883 1023 2929 sunt
1042 2863 1172 2948 penitus
1193 2879 1299 2944 exigere
1313 2883 1450 2944 presumat
1464 2895 1480 2926 ιι
1495 2882 1522 2928 et
1536 2877 1664 2944 quiequid
1681 2878 1713 2929 de
1729 2879 1839 2944 prelatis

189 2982 268 3032 rebus
283 2982 394 3048 ecclesie
410 2984 452 3032 ius
467 2981 525 3034 fisci
540 2984 646 3050 exigere
663 2989 775 3049 poterat,
799 2985 931 3049 integrum
951 2981 1037 3032 eidem
1058 2975 1291 3032 concesserunt
1311 2981 1430 3046 ecclesie,
1452 2982 1556 3033 scilieet
1575 2987 1606 3032 ut
1625 2987 1754 3048 perpetuo
1775 2987 1838 3034 tenr-

187 3099 251 3151 pore
266 3086 291 3136 ei
307 3085 341 3135 ad
355 3085 535 3152 peragendum
550 3086 593 3137 dei
609 3087 750 3137 servicium
766 3092 937 3153 augmentum
952 3091 980 3138 et
993 3086 1207 3152 supplementum
1222 3085 1278 3136 liat.
1314 3068 1366 3135 Ob
1388 3070 1574 3136 firmitatem
1598 3079 1707 3135 tamen
1723 3072 1780 3153 rei,
1804 3080 1840 3136 ut

138 3189 170 3238 ao
189 3175 252 3237 ista
274 3175 383 3239 verius
406 3174 581 3240 credantur
603 3175 792 3262 firmiusque
814 3175 1010 3257 recolantur,
1037 3174 1218 3260 postulavit
1239 3196 1300 3240 nos
1322 3173 1489 3259 predictus
1512 3174 1688 3258 episeopus
1711 3182 1747 3238 ut
1768 3195 1839 3258 pre·

189 3277 397 3344 decessorum
419 3288 605 3344 nostrorum
626 3301 741 3363 regum
762 3302 886 3346 morem
911 3287 1083 3365 sequentes
1105 3277 1330 3343 huiuscemodi
1353 3286 1462 3362 nostre
1485 3278 1690 3342 auctoritatis
1706 3299 1839 3364 precep

189 3391 257 3448 tum
280 3382 322 3448 ob
346 3405 490 3449 amorem
514 3382 566 3449 dei
589 3392 622 3449 et
643 3386 860 3449 reverentiam
884 3385 989 3448 saneti
1008 3381 1141 3448 Martini
1165 3383 1252 3447 eirca
1275 3383 1382 3467 ipsam
1404 3380 1578 3467 ecelesiam
1599 3380 1670 3446 fieri
1692 3402 1839 3447 censere·

188 3508 270 3551 mus·
305 3501 388 3552 Cuius
409 3503 536 3568 peticioni
556 3520 573 3550 s
594 3486 707 3555 libenti
730 3488 839 3553 animo
863 3518 954 3554 aurem
974 3502 1203 3554 accommodantes
1217 3488 1416 3573 precipimus
1431 3500 1593 3566 firmiterque
1608 3499 1737 3563 iubemus,
1760 3505 1790 3550 ut
1805 3499 1839 3550 ab

188 3605 239 3656 hac
252 3605 294 3657 die
310 3621 341 3658 ac
357 3606 489 3672 deinceps,
512 3607 582 3657 sicut
595 3607 624 3657 in
639 3608 733 3658 ceteris
749 3608 962 3659 immunitatibus
976 3613 1157 3660 antecessores
1174 3607 1265 3674 nostri,
1288 3621 1363 3673 reges
1378 3591 1477 3656 etiam
1492 3605 1535 3656 vel
1553 3607 1734 3670 imperatores,
1756 3603 1839 3671 eecle-

138 3715 171 3763 30
189 3710 235 3759 siis
250 3708 292 3760 dei
308 3715 503 3774 concesserunt,
526 3711 564 3760 ita
579 3716 606 3761 et
621 3727 670 3761 nos
685 3712 713 3761 in
728 3711 851 3762 omnibus
867 3713 946 3763 rebus
961 3713 1136 3763 immunitatis
1151 3711 1284 3778 sepedictp
1298 3728 1315 3761 ιι
1330 3711 1441 3777 eeclesiq
1463 3709 1632 3761 concedimus
1650 3725 1682 3760 ac
1702 3710 1760 3759 iure
1782 3724 1839 3774 per·

142 3835 145 3838 ι
189 3819 267 3878 petuo
290 3812 449 3880 delegamus.
489 3815 567 3866 Hanc
589 3817 680 3882 itaque
702 3818 896 3882 anctoritatem,
918 3823 949 3868 ut
970 3819 1068 3869 nostris
1089 3810 1347 3882 successorumque⁰
1369 3821 1520 3866 neruorum
1543 3814 1705 3880 temporibus
1728 3812 1839 3863 inviola-

188 3917 267 3967 bilem
283 3919 402 3983 optineat
417 3917 574 3984 firmitatem,
597 3935 677 3971 manu
692 3923 801 3986 propria
815 3921 907 3972 subter
922 3921 1085 3973 firmavimus
1100 3927 1127 3973 et
1141 3921 1222 3988 sigilli
1238 3922 1321 3972 nostri
1336 3920 1510 3986 impressione
1526 3919 1652 3970 iussimus
1667 3917 1795 3968 roborari.

290 4059 426 4144 Signum
449 4059 559 4125 domni
584 4060 731 4126 Heinrici
756 4061 978 4128 serenissimit
998 4064 1096 4148 regis.

291 4179 403 4246 Simon
426 4183 583 4247 notanus.

139 4437 171 4486 ιι
980 4361 1048 4481 ιιι

187 4558 468 4635 Halonessos
493 4561 559 4635 <ars
585 4561 750 4636 Bistbmo
776 4561 945 4661 Blemiop
971 4559 1104 4634 mistim
1129 4561 1169 4633 io
1197 4559 1268 4634 dea
1294 4559 1411 4633 Beeitz
1441 4559 1607 4658 gewisser
1639 4559 1753 4636 (arar
1788 4559 1838 4632 im

193 4678 407 4780 lunamqac
433 4683 502 4756 eie.
1317 4717 1520 4797 quarem
1542 4722 1603 4781 931
1628 4717 1719 4794 Apro
1742 4722 1793 4779 14.

293 4926 539 5001 Oripiaudliplom
562 4930 603 4987 im
625 4929 653 4987 lc.
676 4929 882 4988 Reiclraarctiv
902 4947 943 4988 aa
965 4929 1117 4989 Manebat
1141 4925 1204 5008 (A).
1230 4961 1268 4971 -
1292 4927 1603 4988 aberrationem
1625 4943 1751 5001 magnus
1773 4945 1837 4986 eom

290 5029 322 5089 J.
342 5035 428 5091 1187
449 5031 473 5103 f.
493 5036 554 5092 101
579 5032 689 5092 coenae
712 5031 724 5112 (
754 5029 777 5110 ).

290 5186 532 5247 Heca-oecon
553 5189 681 5262 Merop.
699 5189 805 5250 salisb.
830 5190 873 5250 ed.
897 5192 981 5250 Mon.
1006 5196 1036 5261 1,
1060 5193 1125 5253 132
1146 5207 1203 5251 aas
1217 5190 1249 5248 D
1272 5212 1310 5243 =
1335 5184 1836 5260 Mn59RA.17⁰‚215n⁰7‚=

290 5289 404 5348 Hand·
415 5289 533 5350 oecon
554 5292 682 5365 Metrop.
700 5292 807 5353 Saliso.
824 5295 868 5353 ed.
891 5295 963 5354 aar.
980 5299 1010 5365 1,
1027 5297 1077 5355 90.
1104 5325 1141 5336 —
1166 5293 1358 5353 Mciclrclbecls
1380 5292 1459 5350 Hist.
1484 5290 1758 5366 Froirtp.1“,163
1780 5309 1837 5350 aus

288 5391 319 5452 A
342 5417 380 5446 =
404 5393 731 5457 accrescentes.
754 5401 785 5468 2,
810 5402 882 5469 404,
906 5421 947 5451 =
969 5399 1159 5458 Roscianum
1178 5398 1278 5458 Gesco.
1302 5416 1327 5456 v.
1355 5396 1435 5456 Tirol
1458 5393 1564 5474 (ll'e'eo
1585 5396 1649 5455 aad
1671 5396 1837 5456 Iomoruet

288 5575 329 5630 27.
356 5549 653 5646 [bisbetum-Folle]
722 5579 749 5646 a)
763 5581 796 5643 B,
815 5582 920 5649 ingisA
989 5573 1018 5642 t)
1037 5597 1145 5633 censum
1163 5588 1209 5634 aut
1227 5585 1332 5649 exigere
1344 5579 1376 5642 A,
1394 5593 1501 5630 censum
1515 5581 1620 5646 exigere
1633 5579 1659 5630 Β
1729 5580 1837 5646 c)seolt

135 5713 168 5762 4⁵
358 5646 495 5769 quteilgimi
513 5650 554 5768 bl)
572 5649 606 5710 B,
626 5648 772 5701 exieodaA
843 5655 868 5714 e)
887 5669 939 5718 que
950 5651 1020 5716 febo
1038 5653 1067 5702 io
1083 5649 1115 5714 Δ,
1133 5659 1163 5702 ut
1180 5659 1233 5704 tam
1252 5652 1348 5703 nostris
1365 5663 1444 5715 qnam
1462 5663 1645 5699 succmsormn
1662 5648 1688 5699 Β
1758 5650 1837 5713 oin·
