4560 6436
913 419 1084 478 OT'I‘O'I.
1108 417 1181 476 973.
1804 417 1868 482 583

224 599 336 665 ordine
359 597 473 685 quodl
493 603 565 686 ipse
581 598 754 665 Odelricus
772 599 968 666 venerabilis
991 602 1166 686 episeopus
1191 603 1305 688 suique
1328 625 1535 668 successores
1557 627 1616 689 per
1637 605 1700 670 boc
1721 615 1869 672 nostrum

222 703 447 787 praematicon
478 713 546 767 tam
574 705 695 768 nostris
725 725 823 790 quam
850 715 1037 768 nostrorum
1067 725 1294 770 successorum
1316 705 1517 791 temporibus
1540 709 1691 772 universa
1714 731 1777 795 que
1800 733 1869 792 pre·

222 816 335 871 taxata
364 805 501 891 ecclesie
530 808 599 872 sive
621 829 680 891 per
701 816 857 893 precepta
880 809 948 870 sive
970 829 1029 892 per
1051 808 1244 893 scriptiones
1267 808 1395 896 aliquas
1418 832 1476 875 seu
1499 831 1629 897 quoquo
1652 811 1751 877 modo
1774 811 1869 878 deve-

221 920 347 994 nerunt,
370 908 411 975 de
434 910 552 997 quibus
574 933 661 977 nuno
684 910 910 997 presentaliter
931 913 1085 977 investita
1108 912 1296 996 dinoscitur,
1320 914 1364 979 ad
1379 937 1584 980 communem
1599 915 1772 982 utilitatem
1787 920 1868 982 eius-

186 1013 296 1080 odem
327 1014 464 1101 ecclesie
494 1026 526 1081 et
554 1016 691 1081 fratrum
721 1019 828 1102 quiete
857 1039 896 1080 ao
927 1017 1064 1102 pacifice
1093 1028 1225 1083 teneant
1255 1017 1453 1104 firmiterque
1483 1017 1688 1102 possideant,
1724 1021 1868 1086 omnium

221 1128 334 1202 sancte
363 1118 415 1184 dei
444 1117 581 1204 ecclesie
608 1119 753 1185 fidelium
775 1131 900 1185 remota
923 1123 1164 1186 contrarietate.
1209 1121 1389 1188 Statuimns
1412 1124 1510 1187 etiam
1533 1123 1698 1210 perhanc
1721 1136 1868 1190 nostram
1943 1163 1945 1170 ·

219 1220 421 1307 imperialem
448 1223 626 1289 iussionem
655 1221 778 1309 quodi,
808 1225 836 1288 si
864 1235 1021 1310 precepta
1047 1224 1180 1311 alieque
1205 1226 1396 1311 scriptiones
1425 1226 1529 1309 ipsius
1557 1225 1693 1310 ecclesie
1716 1227 1867 1292 incendio

218 1324 389 1391 latrocinio
415 1327 483 1390 sive
506 1325 653 1411 quolibet
674 1328 803 1411 ingenio
828 1325 892 1392 alio
916 1326 1045 1392 sublata
1074 1328 1208 1410 fuerint,
1239 1330 1266 1392 si
1288 1327 1470 1393 advocatus
1493 1329 1640 1413 episcopi
1666 1351 1741 1395 eum
1764 1329 1867 1395 tribus

219 1427 510 1493 sacramentalibus
533 1429 621 1514 quod
643 1428 706 1495 hae
729 1431 855 1495 ratione
877 1453 935 1496 eas
958 1433 1159 1496 ammississe
1174 1453 1273 1496 ausus
1288 1430 1385 1495 fuerit
1400 1429 1575 1513 affirmare,
1603 1432 1650 1495 ita
1664 1429 1756 1496 illum
1770 1430 1869 1496 liceat

170 1543 202 1592 10
220 1553 279 1617 per
298 1531 362 1596 hoc
385 1542 535 1598 nostrum
556 1542 745 1618 preceptum
774 1532 964 1616 defendere,
994 1545 1161 1622 tamqnam
1184 1537 1211 1599 si
1233 1537 1325 1619 ipsas
1349 1533 1540 1618 scriptiones
1564 1533 1791 1618 presentaliter
1813 1535 1867 1599 ha·

219 1634 320 1700 beret.
359 1635 490 1724 Siquis
517 1638 617 1722 igitur
643 1636 739 1702 huius
767 1638 871 1702 nostri
901 1639 1045 1724 precepti
1074 1637 1215 1703 violator
1244 1640 1404 1720 extiterit,
1434 1639 1518 1702 sciat
1547 1661 1581 1703 se
1610 1641 1866 1724 compositurum

219 1739 289 1804 anri
318 1741 432 1825 optimi
461 1739 564 1806 libras
592 1752 738 1823 centum,
766 1740 975 1805 medietatem
1003 1762 1132 1806 camere
1159 1751 1269 1824 nostre
1296 1751 1329 1804 et
1350 1740 1557 1805 medietatem
1580 1740 1686 1806 eidem
1711 1740 1865 1807 Odelrico

217 1842 395 1907 venerabili
425 1844 580 1930 episcopo
612 1845 743 1930 suisque
773 1842 1030 1909 successoribus.
1071 1843 1117 1907 Et
1143 1853 1181 1908 ut
1207 1843 1271 1909 hoc
1302 1855 1413 1909 nostre
1441 1845 1645 1910 auctoritatis
1675 1855 1866 1930 preceptum

217 1943 341 2010 firmins
358 1945 520 2012 habeatur
536 1947 710 2034 veriusque
728 1946 891 2030 credatur,
913 1967 1014 2012 manu
1036 1948 1170 2032 propria
1190 1946 1384 2014 roborantes
1406 1946 1503 2032 sigilli
1526 1949 1628 2014 nostri
1652 1949 1865 2033 impressione

169 2059 200 2106 1⁶
218 2049 371 2116 iussimus
392 2051 550 2136 insigniri.

320 2202 457 2290 Signum
479 2205 591 2271 domni
614 2201 753 2272 Ottonis¹
766 2205 975 2290 imperatoris
1000 2205 1065 2287 (M.)
1090 2205 1289 2270 serenissimi
1311 2205 1453 2289 augusti.

318 2327 432 2393 Petrus
455 2327 670 2393 cancellarius
694 2327 843 2393 advicem
865 2326 1004 2393 Huberti
1026 2327 1174 2412 episcopi
1197 2337 1230 2391 et
1252 2324 1532 2391 archicancellarii
1554 2326 1742 2410 recognovi.

319 2480 410 2545 Data
430 2499 463 2546 v.
484 2480 645 2547 kalendas
669 2480 781 2568 aprilis
804 2503 890 2546 auno
914 2480 1077 2547 dominice
1100 2481 1335 2546 incarnationis
1358 2494 1582 2544 nccccnxxm
1595 2489 1616 2564 ⁰,
1639 2479 1817 2545 indictione
1840 2497 1862 2563 1,

216 2584 342 2669 imperii
366 2583 476 2650 domui
500 2583 633 2651 Ottonis
654 2602 723 2669 ΧΗ,
745 2586 823 2650 item
847 2583 1052 2668 OttonisV13
1076 2595 1186 2650 aetum
1209 2582 1454 2668 Quintileburg3
1477 2582 1624 2648 feliciter.

164 2851 198 2900 so
997 2821 1084 2898 430.

224 2975 305 3053 Otto
328 2941 489 3078 besuttipt
509 2979 589 3052 dem
610 2979 757 3052 Kloster
773 2977 942 3078 Herford
964 2979 1030 3052 dos
1049 2979 1268 3054 Morktreolrt
1288 3005 1333 3052 zu
1357 2976 1597 3054 Odeoboctseo
1616 2979 1715 3052 oebsr
1731 2979 1864 3052 Manae

213 3099 294 3172 aad
320 3100 409 3175 Zoll.
1431 3119 1567 3181 Walter
1588 3123 1652 3180 973
1675 3119 1767 3195 Apro
1788 3123 1819 3181 9.

320 3305 568 3382 Oricinoldiplom
589 3310 631 3367 im
652 3310 680 3367 lt.
697 3309 901 3370 Stootsoreltiv
921 3327 963 3368 su
985 3306 1159 3388 dimeter(
1187 3307 1208 3388 ).

206 3423 215 3446 ⁸
317 3461 441 3522 Sedato»
463 3461 543 3522 Arm.
567 3463 693 3523 Poderb.
719 3465 762 3523 ed.
784 3472 808 3535 1,
832 3471 862 3536 1,
886 3470 951 3526 317
972 3483 1029 3524 aas
1052 3463 1091 3535 A,
1120 3465 1166 3524 als
1188 3464 1311 3536 Deplom
1337 3463 1370 3524 0.
1390 3473 1431 3523 11.
1459 3463 1523 3523 und
1544 3481 1585 3522 aa
1607 3467 1669 3524 974
1696 3487 1732 3515 =
1757 3463 1860 3536 Iatoiq

315 3562 382 3623 BA.
406 3559 470 3636 18⁶,
493 3569 557 3628 124
579 3574 614 3625 πο
635 3573 688 3636 11,
713 3591 751 3619 =
777 3567 900 3628 &uren
921 3567 1002 3627 Am.
1025 3567 1151 3627 Patere.
1175 3567 1219 3627 et.
1242 3573 1283 3637 ιι,
1307 3573 1337 3638 1,
1361 3569 1433 3627 217.
1457 3599 1499 3610 -
1521 3567 1644 3626 Errare
1667 3565 1728 3626 01).
1756 3564 1859 3637 Wesrs.

316 3673 346 3740 1,
370 3674 413 3729 47
433 3675 467 3728 πθ
482 3671 524 3731 60
546 3688 603 3730 aas
619 3671 656 3730 A.
680 3704 722 3714 -
744 3671 891 3733 Wslmoas
912 3670 1017 3742 Wests.
1042 3671 1114 3732 ΚΠ.
1139 3673 1168 3741 2,
1192 3673 1233 3730 89
1255 3677 1290 3727 n⁰
1306 3673 1347 3730 90
1369 3687 1427 3730 oua
1442 3669 1480 3730 A.
1504 3701 1546 3713 -
1568 3670 1656 3729 Fors.
1673 3671 1708 3727 ia
1722 3669 1862 3728 Berlioer

314 3772 432 3832 Abbild.
456 3779 487 3845 3,
513 3773 582 3846 Tnf.
605 3779 657 3836 30.
681 3808 725 3817 -
751 3774 880 3834 Bdbmer
901 3775 973 3849 Ray.
998 3775 1062 3835 463
1083 3774 1129 3833 ale
1151 3774 1275 3848 nepem
1301 3773 1335 3834 0.
1355 3784 1396 3835 11.
1421 3773 1485 3834 aad
1506 3791 1547 3832 sa
1569 3777 1641 3834 974.
1665 3805 1707 3816 —
1735 3771 1864 3846 Stumpf

314 3876 386 3951 Res.
411 3879 483 3938 527.

313 4031 384 4091 Nur
405 4033 459 4092 dos
481 4032 527 4094 Μ.
551 4033 615 4093 aad
637 4033 692 4094 dot
715 4033 774 4094 SR.
797 4033 867 4093 sind
888 4051 944 4094 ooo
966 4035 1019 4092 der
1034 4033 1127 4093 Hand
1142 4034 1192 4093 des
1218 4033 1290 4094 WB.
1325 4032 1407 4093 Alles
1430 4032 1539 4092 eodm
1560 4033 1673 4091 reboet
1696 4033 1744 4090 ein
1760 4031 1860 4091 Mona

314 4135 434 4195 meter
455 4139 550 4210 einim
571 4137 695 4198 nme
716 4142 818 4212 spoter
839 4138 999 4197 medeam
1021 4140 1075 4196 mit
1099 4137 1174 4197 WB.
1198 4136 1253 4195 das
1275 4135 1316 4195 D.
1336 4134 1403 4196 Otto
1418 4144 1459 4195 ll.
1485 4134 1614 4209 Stwmpf
1632 4135 1704 4210 Ray.
1722 4137 1781 4194 611
1807 4136 1859 4194 lie-

315 4235 399 4309 serte,
429 4239 563 4311 offertor
584 4241 638 4300 dus
660 4241 762 4300 Dictat
784 4241 849 4300 ond
872 4241 920 4300 dic
943 4239 1057 4312 Sebrifl
1072 4243 1155 4315 jones
1177 4240 1289 4300 Notora
1311 4239 1494 4298 mearam
1515 4237 1618 4308 wolde,
1652 4238 1738 4297 dabri
1752 4238 1859 4311 jedoct

314 4342 348 4398 io
368 4342 531 4402 aeoMreiclte
552 4343 661 4402 Feltler
681 4344 786 4416 oerfiel.

316 4545 375 4626 (0.)
397 4545 412 4628 Ε
432 4545 472 4611 In
493 4547 625 4613 nomine
647 4557 782 4612 sauctae
804 4559 838 4613 et
858 4546 1047 4613 individuae
1069 4547 1235 4613 trinitatis.
1280 4543 1358 4610 Otto
1382 4545 1493 4610 divina
1523 4545 1655 4611 favente
1684 4543 1858 4610 elementia

210 4647 389 4734 imperator
415 4659 585 4736 angustus.
686 4648 823 4715 Noverit
849 4649 993 4716 omnium
1021 4647 1169 4714 fidelium
1198 4660 1384 4716 nostrornm
1414 4651 1634 4736 praesentium
1663 4648 1788 4715 scilieet
1817 4671 1857 4714 ao

158 4777 192 4826 to
211 4750 392 4817 futurorum
414 4752 584 4837 industria,
606 4751 621 4834 Ι
642 4752 781 4838 qualiter
803 4755 967 4841 quaedam
984 4753 1181 4820 venerabilis
1202 4754 1399 4821 abbatissa⁸
1421 4752 1644 4821 Heiordensib
1666 4756 1856 4819 monasterii

209 4857 341 4921 nomine
363 4855 468 4922 Imma
489 4857 586 4924 nobis
608 4859 731 4943 scripta
753 4857 968 4926 Hlutbuuuici
990 4860 1077 4944 regis
1100 4857 1141 4925 de
1164 4858 1307 4945 quodam
1330 4869 1474 4924 mereato
1499 4881 1573 4924 cum
1601 4858 1751 4924 omnibus
1779 4858 1856 4923 inde

209 4959 362 5042 exigendi
391 4959 520 5044 usibus,
548 4961 585 5026 id
612 4972 662 5028 est
689 4971 822 5028 moneta
851 4961 980 5028 teloneo
1002 4961 1242 5049 vel‚quicquid
1270 4960 1314 5026 ad
1342 4960 1510 5048 publicum
1532 4962 1663 5027 videtur
1694 4963 1855 5048 pertinere

209 5073 399 5147 mercatum,
421 5063 455 5129 in
469 5063 543 5131 loeo
559 5063 743 5132 Adonhusa
764 5067 932 5132 nominato
956 5065 1093 5131 afferens
1115 5075 1326 5150 nostramque
1349 5063 1507 5130 diletam⁶
1528 5067 1703 5150 coniugem
1724 5067 1855 5130 nomine

208 5164 450 5233 Adelhcidam‘¹
482 5167 565 5234 haec
598 5167 715 5235 eadem
749 5172 871 5257 scripta
903 5192 964 5237 nos
998 5170 1124 5235 nostri⁰
1157 5177 1333 5255 praecepto
1367 5165 1461 5234 eiua¹
1491 5171 1679 5260 interventu·
1707 5168 1855 5255 praefato

156 5291 192 5340 ro
208 5271 406 5336 monasterio
434 5273 585 5338 renovari
614 5273 843 5359 praecabatur.
886 5273 956 5341 Nos
985 5296 1064 5340 vero
1095 5295 1154 5359 pro
1184 5275 1314 5339 animae
1340 5283 1472 5340 nostrae
1501 5273 1644 5340 remedio
1668 5283 1702 5340 et
1723 5283 1856 5338 aeterna
1938 5299 1939 5302 ¹

293 5459 535 5583 iuml
647 5461 1852 5531 e)oorm8pmmmdmtomrvnkemrtetteomtalamlatt

295 5633 353 5688 430.
381 5633 477 5702 [Foltn]
574 5637 601 5695 a)
619 5651 686 5688 corr.
704 5653 752 5687 aas
769 5637 888 5689 abatissa
984 5639 1012 5706 b)
1031 5636 1054 5688 Δ
1071 5643 1133 5688 stall
1151 5635 1338 5687 Heriordensis
1436 5641 1462 5700 e)
1480 5636 1503 5688 Δ
1599 5636 1627 5701 d)
1645 5635 1687 5686 Ad
1704 5634 1758 5700 aas
1768 5635 1858 5688 naar

380 5703 633 5768 sumnonem
731 5705 1158 5774 Omdeimistqwrodirt.
