4530 6434
879 407 1005 464 ΟΤΤΟ
1026 408 1051 466 1.
1076 403 1148 464 967.
1775 397 1841 462 453

193 596 292 654 tatem
316 596 425 653 autem
441 586 584 652 Tiberim
607 562 724 652 cellam
747 585 914 654 vocabulo,
935 596 1047 672 sancte
1062 587 1209 653 Barbare
1232 611 1306 654 cum
1331 587 1480 653 omnibus
1504 611 1524 653 a
1548 610 1582 652 se
1604 588 1839 674 pertinentibus

192 694 279 756 intus
303 701 336 756 et
356 692 437 756 foris
460 701 492 756 et
514 689 715 778 aquimolum
738 713 780 754 ex
802 692 929 774 integro
956 699 1050 756 extra
1072 701 1167 776 porta
1190 691 1301 757 datum
1324 692 1459 757 firmiter
1487 715 1545 779 per
1573 691 1756 778 predictum
1779 691 1840 758 Ca·

192 795 277 862 loleo
302 803 333 860 et
355 795 437 860 alias
462 795 525 859 duo
550 794 715 880 aquimola
738 796 771 858 in
793 794 866 859 loco
890 797 945 881 qui
961 805 1098 859 vocatur
1112 795 1235 880 Trullo,
1260 799 1345 861 sicut
1368 797 1554 862 omnimodo
1576 819 1652 883 sepe
1670 799 1839 863 nominato

191 898 370 964 venerabili
393 900 590 963 monasterio
615 921 673 984 per
696 921 773 962 suas
795 900 991 963 moniminas
1014 908 1214 984 competunt.
1252 901 1331 965 Post
1353 901 1413 966 hee
1436 901 1559 966 casalia
1579 923 1641 988 que
1656 902 1727 965 istis
1743 924 1839 966 voca·

159 1002 278 1069 bbulis
303 1004 371 1068 sive
394 1002 466 1068 aliis
488 1001 674 1067 nominibus
699 1003 873 1086 incognitis
896 1010 1142 1088 nuncupantur,
1171 1002 1205 1068 id
1228 1013 1277 1068 est
1301 1001 1530 1086 Corcorulum‚
1562 1003 1838 1086 Mutronianum0,

193 1107 320 1190 Paucis,
343 1105 505 1190 Dirutula,
529 1105 701 1189 Ananiole,
725 1103 917 1190 Cisternule,
943 1115 975 1171 et
997 1105 1114 1171 cellam
1130 1129 1191 1191 que
1206 1116 1344 1172 vocatur
1360 1106 1456 1194 Aqua
1471 1108 1548 1191 alta,
1572 1108 1618 1172 ibi
1635 1117 1684 1173 est
1700 1106 1840 1192 ecclesia

194 1211 299 1274 sancti
321 1209 499 1290 Laurentii,
524 1231 596 1273 cum
621 1209 792 1294 aquimolis
817 1232 873 1274 seu
899 1209 1047 1275 omnibus
1071 1210 1263 1275 adiacentiis
1289 1213 1392 1295 ipsius
1416 1212 1448 1275 in
1471 1213 1632 1296 integrum
1655 1211 1840 1297 pertinenti-

193 1312 270 1395 bus3
303 1316 381 1379 item
410 1313 553 1378 casalem
583 1314 638 1399 qui
667 1312 786 1378 dicitur
815 1312 1001 1378 Arbitetum
1029 1323 1062 1377 et
1088 1323 1189 1378 totum
1214 1313 1357 1378 casalem
1379 1313 1554 1379 Donauelli
1578 1325 1610 1379 et
1631 1315 1839 1380 medietatem

194 1416 319 1480 castelli
343 1426 375 1480 et
398 1439 509 1481 omnes
531 1439 582 1481 res
606 1417 861 1501 comparationis
884 1416 1005 1482 Leonis
1028 1417 1209 1501 presbiteri.
1243 1417 1288 1480 Et
1311 1419 1420 1481 omnia
1443 1440 1505 1503 quq
1523 1419 1609 1483 infra
1623 1427 1728 1484 totum
1745 1417 1840 1482 (lam-

146 1538 176 1585 10
195 1506 290 1605 panie
313 1521 509 1585 territorium
533 1519 576 1584 ad
598 1521 705 1605 ipsum
727 1518 914 1583 venerabile
937 1521 1171 1584 monasterium
1195 1518 1469 1607 qualitercumque
1493 1520 1601 1604 habet,
1624 1521 1658 1585 id
1681 1530 1729 1586 est
1749 1542 1841 1584 casa·

194 1621 257 1686 lem
272 1621 500 1688 Porelanioum
517 1625 551 1686 in
570 1625 731 1707 integrum
749 1644 824 1686 cum
848 1625 949 1688 servis
973 1633 1005 1687 et
1027 1622 1153 1688 ancillis
1176 1622 1298 1688 ibidem
1322 1624 1513 1708 degentibus
1537 1633 1569 1690 ct
1591 1626 1839 1711 pertinentibus,

194 1726 303 1791 casale
326 1727 449 1791 dietum
466 1725 608 1792 Oianum
630 1727 736 1790 maius
759 1735 791 1789 et
813 1725 922 1790 casale
939 1723 1081 1790 Oianum
1100 1725 1214 1809 minor,
1238 1737 1393 1814 utrosque
1408 1727 1441 1792 in
1458 1730 1619 1812 integrum
1642 1752 1716 1793 oum
1740 1729 1840 1793 omni-

192 1830 254 1895 bns
274 1855 336 1917 que
358 1833 421 1916 ipsi
445 1853 539 1896 sacro
562 1832 760 1896 monasterio
784 1832 946 1915 pertinent
969 1829 1113 1916 quolibet
1137 1840 1306 1896 contracto
1330 1833 1416 1896 etin
1440 1832 1585 1916 quolibet
1606 1832 1690 1913 loeo,
1716 1834 1783 1897 sive
1806 1833 1839 1896 in

192 1935 410 2001 Ferentinello
434 1938 573 2018 minore,
596 1934 696 2018 Afile,
720 1935 837 1998 Pontia
860 1933 911 1998 vel
936 1935 1024 2020 quod
1046 1944 1095 1999 est
1118 1935 1232 2000 molius
1255 1937 1289 2000 in
1312 1936 1435 2018 Potcis,
1460 1938 1493 2001 in
1515 1937 1631 2001 Roiate
1654 1938 1742 2001 etin
1766 1936 1839 2002 Ole-

145 2061 175 2109 11
194 2061 280 2103 uano
303 2061 362 2124 per
384 2039 545 2124 ascriptos
567 2039 687 2103 limites
710 2047 742 2101 et
762 2039 853 2120 fines,
877 2049 974 2124 atque
998 2037 1106 2102 casale
1131 2037 1182 2102 vel
1204 2039 1340 2103 fundum
1363 2039 1452 2125 quod
1475 2039 1593 2104 dicitur
1615 2039 1773 2125 Leporari
1797 2065 1840 2105 ex

191 2145 318 2227 integro
349 2153 382 2208 et
410 2142 521 2208 casale
552 2146 605 2229 qui
634 2153 771 2208 vocatur
795 2141 956 2226 Campum
979 2142 1019 2206 de
1041 2142 1139 2206 fossis
1162 2142 1196 2204 in
1218 2144 1395 2226 integrum,
1430 2141 1539 2207 casale
1563 2141 1777 2228 Campilionis
1806 2146 1840 2209 in

191 2249 353 2331 integrum
376 2257 409 2311 et
431 2248 639 2312 medietatem
662 2247 781 2311 casalis
805 2244 953 2311 Cateiani
978 2255 1009 2309 et
1032 2255 1175 2309 montem
1198 2246 1229 2308 in
1254 2266 1317 2330 quo
1341 2255 1391 2309 est
1413 2243 1521 2308 cellsd
1545 2247 1648 2312 sancti
1668 2244 1784 2332 Angeli
1808 2257 1841 2311 et

191 2361 335 2416 montem
358 2352 412 2438 qui
436 2361 573 2416 vocatur
597 2349 748 2414 Ciuitetla
775 2351 808 2414 in
839 2353 1000 2433 integrum
1023 2359 1056 2413 et
1078 2349 1187 2414 casale
1210 2351 1264 2434 qui
1287 2360 1424 2413 vocatur
1447 2347 1612 2434 Congesta
1634 2358 1666 2413 et
1688 2359 1774 2415 terra
1797 2350 1840 2414 ad

193 2452 376 2518 modiorum
399 2473 449 2518 x11
477 2457 511 2518 in
539 2453 640 2519 fundo
666 2451 844 2538 Gasepacis
873 2461 905 2516 et
932 2452 1042 2517 casale
1067 2451 1217 2517 Oosinule
1246 2454 1280 2516 in
1307 2454 1468 2536 integrum
1497 2461 1529 2517 et
1551 2455 1732 2538 portionem
1756 2453 1839 2520 (lon-
1909 2459 1911 2462 ’

142 2580 175 2627 10
195 2559 311 2640 stantiq
340 2556 425 2622 boue
454 2558 573 2622 femine
602 2559 777 2620 insancta
801 2556 923 2620 Sanina
947 2561 1034 2626 etin
1058 2564 1171 2621 sancto
1195 2556 1273 2621 Uito
1297 2555 1406 2620 casale
1430 2558 1484 2640 qui
1507 2565 1644 2621 vocatur
1668 2554 1786 2622 Casula
1809 2567 1841 2621 et

194 2662 302 2726 casalo
326 2659 556 2726 Casaricellise
586 2672 618 2726 et
643 2658 860 2745 Areqanum‘f,
895 2660 1102 2724 Folinianum
1133 2671 1165 2724 et
1196 2658 1329 2746 Caprini
1359 2682 1433 2725 cum
1464 2659 1612 2724 omnibus
1642 2684 1684 2725 ex
1712 2663 1838 2744 integro

194 2767 393 2851 pertinentiis
417 2788 475 2850 per
497 2765 615 2829 limites
638 2767 767 2851 proprie
791 2773 823 2828 et
844 2763 1003 2828 usualiter
1025 2765 1139 2848 positis
1163 2773 1195 2828 ct
1218 2763 1335 2828 cellam
1359 2765 1462 2828 sancti
1478 2763 1647 2830 Benedicti
1664 2787 1726 2850 que
1741 2787 1839 2828 voca·

193 2877 244 2933 tur
266 2868 384 2952 Angeli
408 2891 482 2934 cum
506 2868 656 2933 omnibus
680 2871 789 2933 causis
813 2869 879 2932 suis
903 2869 1009 2953 posita
1038 2869 1071 2931 in
1099 2869 1261 2932 territorio
1284 2865 1496 2948 Ruduniano3
1529 2875 1603 2952 post
1632 2866 1692 2951 hqc
1722 2866 1838 2932 cellam

192 2973 226 3035 in
242 2969 390 3037 Surriseo
407 2974 440 3036 in
457 2994 521 3057 qua
544 2982 593 3036 est
616 2971 756 3056 ecclesia
775 2982 887 3056 sancte
903 2973 1005 3056 Mariq
1025 2994 1100 3036 cum
1123 2971 1272 3036 omnibus
1295 2971 1499 3056 pertinentiis
1523 2972 1589 3035 suis
1612 2973 1645 3034 in
1667 2971 1838 3055 integrum.

143 3095 174 3142 25
194 3076 237 3139 Et
259 3077 344 3140 intra
367 3077 532 3140 civitatem
550 3075 689 3139 Romam
712 3077 945 3138 monasterium
969 3076 1073 3138 saneti
1092 3075 1243 3138 Herasmi
1268 3097 1342 3138 cum
1365 3074 1523 3138 universis
1547 3074 1748 3159 pertinentiis
1772 3075 1839 3138 suis

191 3180 279 3244 intus
302 3189 334 3243 et
355 3180 434 3244 loris
458 3187 490 3243 et
512 3188 602 3243 corte
625 3200 667 3243 ex
690 3181 816 3263 integro
847 3199 909 3262 que
936 3177 997 3242 fuit
1018 3177 1107 3240 Flori
1137 3180 1298 3263 episcopi,
1333 3179 1366 3242 in
1395 3199 1459 3262 qua
1490 3187 1538 3241 ost
1566 3175 1705 3260 eeclesia
1735 3179 1839 3240 sancti

192 3282 355 3347 Theodori
378 3283 490 3347 datam
503 3293 516 3320 ²²
538 3304 580 3347 ex
603 3284 816 3346 concessione
839 3282 918 3363 eius,
942 3281 1018 3344 item
1034 3267 1199 3346 modicam
1213 3290 1332 3346 terram
1349 3291 1443 3346 extra
1460 3283 1547 3345 viam
1566 3283 1658 3346 iuxta
1676 3282 1840 3346 formamg

192 3395 224 3449 ct
247 3407 325 3450 casa
354 3385 508 3450 Iohannis
532 3384 609 3450 Crifi
639 3407 713 3449 cum
743 3395 813 3448 orto
843 3404 902 3448 suo
932 3405 1007 3447 cum
1035 3384 1207 3448 antedictis
1236 3383 1332 3448 rebus
1360 3406 1462 3470 prope
1490 3383 1590 3448 Porta
1613 3385 1735 3448 maiore
1764 3405 1839 3447 cunr

192 3491 285 3554 terris
308 3499 340 3554 et
362 3492 465 3576 pratis
487 3491 568 3554 foris
590 3511 692 3575 prope
716 3511 788 3553 eam
810 3487 965 3553 fundatis.
1003 3487 1224 3574 Pracipientes
1247 3489 1444 3573 precipimus
1461 3509 1500 3550 ac
1516 3487 1664 3552 iubemus
1680 3497 1716 3550 ut
1730 3486 1838 3551 nullus

141 3615 174 3662 30
193 3593 383 3678 pontificum
412 3594 641 3678 cpiscoporum
664 3592 716 3656 vel
747 3590 903 3656 abbatum
932 3600 1100 3675 presumat
1122 3592 1262 3655 vendere
1287 3592 1355 3655 sive
1377 3590 1521 3654 alienare
1545 3590 1584 3655 dc
1608 3591 1839 3676 suprascriptis

192 3696 342 3762 omnibus
366 3696 463 3762 rebus
486 3697 633 3762 eiusdem
655 3695 851 3760 venerabilis
874 3699 1077 3778 monasterii,
1107 3697 1170 3760 nisi
1194 3694 1418 3760 tantummodo
1443 3694 1547 3759 abbas
1570 3693 1691 3759 ibidem
1715 3696 1838 3779 specia-

191 3799 263 3865 liter
285 3803 497 3885 constitutus,
522 3810 553 3865 ct
575 3801 638 3865 hoo
660 3823 727 3866 non
749 3801 811 3864 nisi
835 3822 893 3885 pro
917 3798 1105 3864 rationabili
1128 3801 1322 3864 necessitate
1346 3799 1491 3886 eiusdem
1514 3799 1702 3863 monasterii
1726 3820 1837 3862 secun-

192 3903 268 3969 dum
298 3907 492 3969 canonicam
521 3907 783 3990 permissionem
819 3903 906 3989 quod
937 3905 963 3967 si
993 3903 1088 3967 alitor
1116 3902 1262 3990 quolibet
1291 3903 1421 3987 ingenio
1453 3901 1561 3966 facere
1595 3902 1837 3987 presumpserit,

192 4010 279 4073 omni
307 4009 404 4074 modo
433 4009 590 4073 inutiliter
618 4018 758 4074 maneat.
802 4008 940 4095 Insuper
968 4005 1083 4074 nullah
1116 4029 1236 4092 magna
1259 4007 1311 4071 vel
1334 4029 1437 4092 parva
1459 4030 1601 4093 persona
1624 4009 1723 4072 totius
1745 4010 1837 4090 regni

140 4133 172 4178 ao
191 4115 294 4177 nostri
323 4112 444 4177 audeat
472 4110 645 4177 abbatemi
675 4111 767 4175 illum
796 4114 850 4197 qui
873 4111 971 4176 modo
995 4121 1045 4175 est
1067 4111 1117 4176 vel
1143 4117 1349 4176 successores
1374 4134 1449 4177 suos
1473 4113 1507 4176 in
1530 4112 1641 4198 aliqua
1664 4112 1837 4176 molestare

191 4225 247 4280 aut
270 4215 441 4280 disvestire
461 4214 514 4278 vel
536 4217 716 4300 inquietare
739 4224 796 4278 aut
818 4212 864 4278 al
888 4215 1043 4299 placitum
1065 4237 1246 4300 provocare
1270 4215 1393 4300 absque
1416 4213 1527 4278 iuxta¹
1551 4223 1583 4278 et
1605 4213 1838 4300 probatissima

191 4342 292 4384 causa
314 4341 419 4405 neque
443 4317 571 4382 illorum
593 4318 740 4383 homines
763 4318 807 4382 ad
829 4329 922 4403 turpe
946 4319 1111 4382 servitium
1134 4327 1191 4382 aut
1213 4317 1370 4381 tributum
1401 4339 1527 4402 eogere.
1573 4317 1607 4380 Si
1631 4318 1703 4403 quis
1727 4326 1836 4381 autern

191 4432 305 4486 contra
331 4421 416 4486 hano
446 4429 593 4484 nostram
621 4422 863 4506 preceptionem
892 4421 970 4483 110ιιι
1000 4422 1248 4505 presumpserit,
1284 4421 1366 4484 sciat
1390 4443 1424 4484 se
1447 4430 1504 4484 aut
1526 4441 1680 4504 magnum
1703 4420 1836 4484 exilium

190 4548 361 4610 passurum
384 4533 442 4589 aut
465 4539 485 4587 0
506 4523 608 4588 libras
632 4526 701 4588 auri
725 4525 810 4586 coeti
834 4524 1106 4608 compositurum,
1129 4523 1335 4588 medietatem
1358 4525 1391 4588 in
1414 4523 1560 4608 predicto
1585 4525 1782 4588 monasterio
1806 4534 1838 4586 ct

139 4647 172 4694 to
191 4628 398 4693 medietatem
416 4629 550 4692 kamere
568 4636 688 4692 nostre.
723 4625 821 4707 Quod
836 4635 871 4690 ut
886 4629 995 4690 verius
1015 4626 1165 4692 credatur
1186 4637 1218 4691 et
1240 4629 1375 4692 firmiter
1396 4628 1438 4691 ab
1463 4627 1613 4692 omnibus
1637 4627 1836 4709 observetur,

190 4755 288 4799 manu
310 4735 445 4820 propria
467 4731 660 4798 roborantes
684 4729 781 4796 anulo
805 4739 915 4795 nostro
939 4733 1091 4796 iussimus
1115 4729 1260 4816 sigillari.

292 4887 428 4972 Signum
451 4886 563 4952 domni
586 4885 717 4952 Ottonis
743 4886 807 4968 (Μ.)
832 4890 954 4951 cesaris
977 4888 1116 4970 augusti.

239 4994 241 4999 ’
292 5007 485 5074 Ambrosius
508 5008 723 5073 cancellarius
747 5006 896 5072 advioem
919 5007 1083 5072 Huberti¹1
1105 5008 1252 5093 episcopi
1276 5018 1309 5072 et
1332 5006 1636 5071 1110111011110011111110
1659 5008 1836 5091 recognovi

190 5121 222 5176 et
245 5112 433 5198 subscripsi.

138 5283 171 5330 45
292 5267 382 5333 Data
404 5270 497 5334 tertio
521 5268 565 5334 id.
588 5270 756 5334 ianuarias
780 5291 865 5334 anno
891 5268 1052 5333 dominice
1080 5269 1313 5332 incarnationis
1344 5281 1569 5349 nccccnxvn,
1602 5267 1729 5351 imperii
1757 5289 1835 5330 vcro

275 5473 333 5528 3311.
360 5476 386 5542 0)
405 5492 535 5527 0111.οω
552 5479 749 5540 Maronianum,
776 5480 805 5528 io
831 5477 927 5528 Bellen
944 5476 1007 5527 bold
1024 5477 1237 5540 Macronianum‚
1268 5475 1330 5526 aaut
1348 5477 1549 5527 Muerionnnum
1654 5475 1682 5536 d)
1701 5474 1836 5525 cellamA

361 5549 383 5607 e)
404 5561 469 5595 corr.
488 5561 535 5595 aas
553 5547 717 5597 Oasalicellis
804 5548 902 5610 f)corr.
916 5563 963 5596 arcs
977 5547 1134 5608 Artecanum
1220 5545 1249 5612 g)
1269 5544 1337 5595 nacla
1350 5545 1427 5595 Belle
1438 5544 1544 5596 Jotann
1558 5553 1607 5593 ΧΗ.
1626 5545 1710 5594 forma
1723 5544 1838 5594 Claudia

361 5614 388 5677 11)
408 5615 544 5665 nullamA
623 5617 642 5676 i)
662 5615 779 5666 abbasA
859 5617 886 5679 k)
907 5616 929 5666 A
947 5621 1008 5665 statt
1026 5615 1060 5664 ad
1141 5615 1160 5677 l)
1177 5613 1199 5664 A
1217 5621 1278 5665 rtutt
1297 5617 1366 5665 iusta
1447 5617 1481 5677 111)
1494 5613 1565 5677 sebit
1583 5616 1611 5663 111
1630 5613 1652 5663 A
1730 5613 1758 5678 11)
1775 5614 1837 5664 Um-

361 5685 429 5735 berti
448 5683 470 5734 A
557 5683 583 5750 o)
601 5685 752 5736 cmrcellan'i
771 5683 801 5736 A.
