4500 6428
808 429 934 485 ΟΤΤΟ
956 429 981 486 Ι.
1005 424 1196 485 959-960.
1765 417 1829 486 285

177 611 318 698 qualiter
339 609 480 698 quedam
503 608 715 676 devotissima
736 617 887 675 matrona
900 609 1032 675 nomine
1047 607 1233 674 Aeddilae⁸
1253 608 1350 674 nohis
1373 631 1448 675 cum
1471 631 1632 677 consensu
1654 609 1827 677 coeredum

177 717 280 801 ipsius
309 736 349 778 ac
376 713 548 800 patronis·
576 715 625 778 sui
656 734 786 777 omnem
815 711 1029 778 hereditatem
1058 735 1155 799 quam
1183 713 1244 779 sibi
1268 713 1420 780 Folomer
1442 725 1475 780 et
1495 715 1623 781 Bunica
1644 714 1702 781 filii
1724 718 1827 802 ipsius

177 816 347 884 moriendo
375 817 588 904 reliquerunt,
622 816 685 881 hoc
708 825 758 882 est
779 827 903 882 curtem
925 819 959 880 in
981 816 1324 884 Hildiuuardeshusun
1346 828 1379 882 et
1400 819 1435 882 in
1456 803 1575 884 luniun
1598 818 1746 884 similiter
1766 841 1827 885 nec

177 947 244 989 non
272 934 304 988 et
332 919 481 988 curtemb
510 923 545 985 in
572 919 803 986 Trhenesfelde
826 929 857 985 et
880 922 913 985 in
936 920 1272 986 Frithurikeshusun⁰
1299 922 1446 988 similiter
1468 944 1542 988 cum
1566 923 1715 989 omnibus
1738 923 1828 988 adia-

143 1029 293 1093 ocentiis
319 1027 443 1092 eisdem
470 1027 539 1091 iure
565 1026 774 1111 legitimeque
796 1024 1033 1110 pertinentibus
1056 1023 1204 1108 tradidit,
1239 1025 1363 1112 absque
1386 1048 1425 1090 es
1447 1035 1539 1111 parte
1562 1048 1661 1112 quam
1682 1026 1827 1111 Egberto

178 1141 211 1197 et
233 1129 450 1196 Hildiuuardo
479 1151 541 1194 nec
570 1151 638 1194 non
659 1138 693 1193 et
713 1127 896 1213 Helmdego
926 1127 1072 1193 tradidit.
1116 1129 1184 1194 Nos
1207 1152 1286 1195 vero
1309 1131 1457 1195 volentes
1481 1130 1523 1196 ob
1546 1153 1691 1196 amorem
1713 1131 1766 1197 dei
1788 1153 1828 1196 ac

177 1233 356 1300 remedium
383 1236 491 1298 anime
519 1242 629 1317 nostre
658 1230 867 1320 predicteque
895 1243 1044 1298 matrone
1072 1255 1112 1297 ac
1134 1235 1309 1302 coeredum
1331 1238 1401 1301 eius
1423 1238 1709 1321 congregationem
1731 1239 1829 1322 virgi·

177 1360 255 1404 num
280 1337 461 1422 adgregare
483 1338 515 1402 in
540 1333 916 1420 Hildiuuardeshusun‘l,
950 1336 1074 1402 idcirco
1104 1336 1265 1405 donamus
1295 1349 1394 1426 atque
1423 1339 1582 1405 tradimus
1614 1351 1746 1406 sanctum
1776 1341 1827 1406 dei

178 1440 338 1506 ecclesiae
365 1440 432 1505 illic
460 1448 674 1505 constructa·
700 1443 734 1505 in
759 1440 883 1506 honore
906 1442 958 1507 dei
983 1451 1180 1530 sanctaeque
1203 1443 1306 1528 Marie
1328 1445 1464 1528 virginis
1488 1454 1520 1509 et
1543 1446 1647 1509 sancti
1671 1443 1829 1531 Stephani

128 1557 160 1604 10
178 1546 330 1630 martyris
353 1555 385 1609 et
407 1542 738 1610 sanctaemonialibus
761 1547 796 1610 in
818 1544 1162 1611 Hildiuuardeshusun
1189 1547 1250 1612 deo
1280 1548 1396 1633 devote
1426 1549 1641 1614 servientibus
1669 1549 1829 1635 prescrip·

178 1657 245 1714 tam
274 1647 498 1716 hereditatem.
543 1645 773 1714 Concessimus
804 1652 904 1714 etiam
933 1653 1123 1737 prescriptis
1151 1652 1418 1740 virginibusque
1443 1653 1511 1719 illio
1535 1653 1596 1719 deo
1621 1653 1829 1719 devotissime

179 1754 299 1817 servire
322 1754 471 1837 cupiunt,
496 1753 655 1837 canonice
677 1755 803 1833 vivere,
827 1752 971 1819 claustra
993 1763 1103 1820 tenere
1125 1766 1312 1844 rectamque
1334 1757 1481 1842 regulam
1503 1760 1665 1843 virginum
1688 1781 1829 1840 servare,

178 1856 382 1923 abbatissam
416 1856 477 1922 sibi
513 1878 751 1944 quamcumque
783 1859 870 1923 intra
904 1861 1193 1944 congregationem
1226 1862 1370 1945 ipsarum
1399 1860 1562 1926 voluerint
1591 1861 1708 1946 eligere
1738 1871 1770 1926 et
1795 1862 1829 1925 in

179 1961 331 2027 omnibus
360 1961 480 2028 talibus
509 1960 678 2027 ordinibus
705 1963 869 2047 perfruere
900 1964 995 2029 sicuti
1023 1973 1131 2028 cetera
1160 1965 1359 2028 monasteria
1381 1966 1543 2050 virginum
1567 1988 1628 2051 que
1652 1988 1694 2031 ex
1716 1975 1828 2030 nostro

127 2073 160 2121 1⁶
177 2069 332 2152 regimine
355 2075 551 2153 potestatem
573 2066 696 2132 habent
717 2066 891 2152 elegendi⁸
913 2067 975 2133 eibi
998 2066 1210 2151 abbatissam,
1234 2067 1269 2132 id
1290 2077 1341 2132 est
1359 2067 1514 2133 Heriford
1532 2078 1564 2133 et
1579 2067 1828 2135 Gandresheim.

177 2170 335 2236 Iussimus
357 2170 433 2236 inde
455 2171 518 2236 hoo
542 2194 676 2257 presens
700 2181 891 2258 preceptum
914 2171 1078 2237 conscribi
1100 2193 1158 2256 per
1181 2171 1270 2258 quod
1285 2171 1435 2238 volumus
1454 2172 1651 2259 firmiterque
1669 2172 1828 2257 iubemus,

177 2285 212 2341 ut
233 2287 411 2360 memorate
433 2277 575 2360 virgines
599 2275 638 2340 de
660 2275 712 2341 his
736 2275 888 2341 omnibus
915 2275 1134 2342 firmissimam
1160 2286 1292 2342 teneant
1322 2287 1533 2362 potestatem,
1567 2301 1667 2343 manu
1696 2279 1829 2364 propria

176 2379 340 2445 firmatum
363 2389 395 2444 et
416 2379 506 2444 anuli
528 2381 631 2444 nostri
654 2381 857 2466 inpressione
881 2378 1069 2464 sigillatum.

278 2538 293 2620 Ε
316 2533 452 2620 Signum
475 2534 586 2599 domni
610 2533 741 2600 Ottonis
764 2535 968 2599 invictissimi
992 2536 1081 2616 (MP.)
1103 2537 1198 2620 regis.
1222 2537 1236 2620 ξ

125 2674 160 2722 20
279 2656 294 2738 ᾖ
316 2656 482 2723 Liutulfus
497 2655 714 2722 cancellarius
729 2655 878 2722 advicem
890 2657 1054 2722 Brunonis
1070 2655 1346 2722 archicancellarii
1362 2660 1562 2741 recognovit.
1579 2661 1593 2744 ξ
1611 2659 1667 2738 (SI.
1683 2658 1723 2738 1.)
1745 2657 1828 2738 (SR.)

280 2811 370 2877 Data
391 2830 428 2876 11.
451 2813 496 2878 id.
518 2813 583 2879 feb.
607 2835 693 2878 anno
718 2812 901 2878 dominicae
924 2813 1159 2878 incarnationis
1182 2828 1349 2896 Dccccux,
1373 2812 1551 2878 indictione
1573 2829 1623 2896 111,
1647 2834 1733 2878 anno
1749 2834 1827 2877 vero

178 2918 269 3001 regni
292 2916 430 3001 piissimi
452 2918 539 3002 regis
563 2916 695 2983 Ottonis
718 2934 808 2999 xxv3
835 2926 946 2981 actum
968 2917 1218 2982 Fronconofort.
1231 2926 1244 2953 ⁸

960 3173 1047 3250 207.

187 3325 268 3404 Otto
290 3327 430 3403 senaar
449 3329 581 3402 soioem
607 3327 784 3406 Gotreueo
815 3329 991 3430 lbiotpoz
1018 3330 1076 3404 dio
1103 3329 1183 3404 dem
1208 3331 1366 3404 Hunald
1388 3330 1590 3430 pervolutliob
1617 3344 1830 3430 eutropeaen

126 3471 159 3520 as
178 3448 416 3547 Besitzunpen
442 3452 483 3523 ia
513 3449 618 3526 Gude
645 3450 724 3524 aad
748 3451 911 3526 anderen
934 3466 1142 3551 pensantes
1172 3450 1294 3529 Orsen
1350 3490 1466 3551 ΜΝ
1488 3493 1552 3551 960
1573 3490 1713 3550 pm,
1733 3493 1784 3552 25.

282 3673 530 3750 Oricinoldsplom
552 3678 595 3735 im
617 3677 644 3736 lo.
670 3675 874 3738 Stootsorcbio
894 3696 936 3737 aa
957 3679 1105 3750 Morbum
1127 3677 1187 3756 (A).

279 3814 388 3875 Weuck
402 3815 488 3875 Has.
506 3815 719 3890 Loadesqesob.
735 3811 780 3886 2⁶,
799 3819 842 3876 30
863 3821 898 3874 πθ
912 3820 954 3876 24
977 3833 1034 3876 aas
1056 3815 1218 3890 Absotrist.
1244 3851 1286 3862 -
1309 3818 1439 3878 Botmor
1452 3820 1525 3894 Res.
1541 3821 1616 3880 233.
1639 3852 1681 3864 -
1704 3818 1833 3894 Stampf

278 3918 352 3992 Res.
374 3921 449 3980 269.

282 4055 344 4113 Vos
366 4055 432 4113 LF.
457 4055 584 4126 oerfosst
606 4056 671 4115 mad
689 4057 882 4130 ossolet-istm.
918 4058 987 4118 Γᾶν
1007 4057 1062 4118 dos
1077 4058 1180 4120 Dictat
1201 4062 1338 4122 benotm
1353 4064 1463 4123 ortior
1478 4065 1532 4123 wie
1546 4066 1580 4123 irs
1594 4064 1709 4123 andem
1723 4064 1830 4124 Fooea

281 4159 329 4218 dio
350 4162 384 4219 io
406 4161 459 4220 der
481 4161 608 4220 Konelei
629 4151 927 4237 earuokqebliebouea
950 4163 1088 4238 &saepto
1110 4165 1250 4236 froberer
1272 4167 1443 4226 Urlumdeo.
1472 4201 1515 4210 —
1540 4168 1646 4228 Wedor
1667 4169 1733 4228 Μ’.
1757 4170 1831 4228 noct

279 4265 380 4322 sanan
406 4263 554 4324 eaossea
582 4270 668 4325 traue
696 4267 742 4325 iob
767 4285 881 4340 pomae
908 4269 1072 4328 Keuotoiss
1098 4270 1161 4328 tosd
1183 4270 1351 4344 Befolyony
1373 4271 1428 4329 der
1448 4271 1560 4344 Reque
1589 4272 1639 4331 des
1667 4274 1831 4332 romischea

279 4367 446 4427 Kolmders
474 4387 523 4427 aa.
571 4370 726 4429 Trotedom
753 4371 860 4444 plaute
888 4372 935 4430 iob
965 4372 1013 4430 aa
1041 4373 1106 4431 bier
1131 4374 1267 4446 qeboteoe
1295 4375 1581 4448 Tayaoeaeictaaaq
1608 4377 1682 4435 noch
1711 4376 1762 4435 dor
1788 4378 1830 4434 im

279 4471 455 4530 Mittelolter
475 4471 736 4532 corberrsohasdeo
764 4473 828 4532 mad
855 4474 949 4532 daret
974 4475 1136 4534 rotlreiotc
1157 4476 1434 4550 Kalosderspn‘tobe
1456 4480 1612 4551 beracqteu
1633 4477 1830 4553 Auffossuop

280 4576 385 4636 derstm
407 4576 471 4635 mad
492 4575 555 4648 aas
573 4577 630 4636 den
652 4577 719 4635 dom
742 4577 891 4651 &halaq
912 4579 1147 4652 mausolaeum
1168 4581 1366 4655 Mottbiostoq
1389 4581 1525 4640 teaietea
1545 4599 1586 4640 aa
1607 4588 1736 4642 raasson.

125 4799 158 4848 ao
282 4781 341 4862 (Ο.)
364 4779 379 4862 3
400 4779 439 4846 In
461 4780 592 4845 nomine
615 4789 750 4845 sanctae
771 4790 804 4845 et
826 4780 1014 4848 individuae
1041 4783 1204 4848 trinitatis.
1249 4782 1328 4851 Otto
1359 4782 1470 4852 divina
1498 4787 1628 4851 favente
1657 4786 1830 4853 clementia

174 4905 244 4948 rex.
342 4884 480 4950 Noverit
502 4885 646 4950 omnium
669 4883 815 4949 fidelium
840 4895 1025 4952 nostrorum
1052 4889 1253 4973 presentium
1281 4887 1406 4954 scilicet
1433 4899 1465 4954 et
1492 4890 1675 4956 futsuorum
1704 4892 1830 4977 sagaci-

175 4997 242 5070 tas,
271 4985 286 5071 ξ
313 4987 453 5074 qualiter
474 5011 534 5055 nos
556 4988 848 5055 interventionibus
870 4990 1039 5076 Popponis
1061 4991 1349 5078 Uuiroiburgensis
1372 4993 1509 5080 ecclesie
1535 4997 1683 5083 episcopi
1707 4995 1829 5062 obtem·

175 5099 327 5176 perantes
351 5092 483 5158 cuidam
504 5093 592 5158 fideli
615 5103 727 5159 nostro
750 5092 911 5178 Thiatgaz
934 5096 968 5159 in
991 5097 1160 5182 proprium
1182 5095 1376 5163 donavimus
1399 5097 1555 5185 quicquid
1577 5098 1713 5165 Hunald
1740 5100 1829 5166 here·
1920 5087 1922 5090 ⁵

176 5192 287 5258 ditatis
309 5193 362 5259 vel
385 5196 593 5281 proprietatis
616 5196 738 5262 habere
760 5197 933 5264 videbatur
955 5201 989 5264 in
1012 5223 1099 5287 pago
1122 5201 1267 5267 Hessiun
1289 5202 1322 5266 in
1344 5201 1431 5268 villis
1446 5202 1609 5268 Uuodaha
1633 5214 1665 5269 et
1686 5204 1831 5272 Sulzaha

124 5315 159 5366 to
176 5296 211 5360 in
234 5297 392 5363 comitatu
414 5298 608 5384 Megenfridi
632 5301 776 5384 comitis,
810 5323 870 5365 neo
892 5324 959 5368 non
981 5313 1014 5367 et
1035 5303 1069 5368 in
1092 5325 1178 5390 pago
1201 5305 1383 5392 Nahgouue
1409 5310 1442 5374 in
1464 5308 1547 5374 locis
1571 5311 1626 5395 qui
1648 5319 1830 5376 vocentur·

262 5485 322 5542 2⁰⁸.
341 5485 459 5610 ‚qbicksll
516 5560 523 5572 .
564 5489 632 5557 a)A
682 5564 688 5576 '
735 5492 765 5560 b)
779 5491 850 5560 folpt
868 5492 965 5556 Rasa,
987 5495 1173 5560 mussitet
1189 5496 1273 5549 molita
1290 5497 1345 5550 ΗΡ.
1363 5499 1413 5550 doe
1429 5498 1534 5551 allebata
1551 5499 1622 5551 Wort
1638 5499 1705 5552 noct
1722 5499 1830 5584 227⁴ssst

365 5575 405 5610 m
422 5556 625 5612 mammeae
642 5559 711 5612 chle
728 5568 811 5613 adeon
919 5563 944 5628 c)
961 5563 980 5614 k
998 5579 1064 5616 corr.
1083 5581 1131 5616 osor
1149 5582 1163 5616 c
1273 5568 1301 5628 d)
1318 5568 1507 5636 nochqetropon
1524 5585 1570 5620 cor
1590 5570 1638 5622 der
1660 5575 1706 5620 mot
1729 5570 1829 5620 rdcrrco

348 5627 524 5695 saumae
543 5633 568 5680 s.
587 5629 756 5694 masmae.

261 5730 320 5787 2⁰7.
348 5731 445 5804 [Folta]
549 5736 576 5796 s)
594 5735 626 5786 A.
