4538 6436
435 388 499 455 510
1031 399 1480 457 KAISERURKUNDEN.

435 578 556 665 prediis
578 579 757 644 residentes
781 582 813 644 in
836 603 896 645 sua
921 579 1036 664 [legem
1057 579 1166 643 facere
1189 578 1351 663 volumus]
1365 589 1385 660 ⁵,
1418 601 1531 644 verum
1560 581 1659 644 etiam
1681 579 1864 645 advocatos
1885 579 2009 645 habere
2030 583 2087 646 ett

434 707 494 769 per
514 686 758 769 inquisitionem
780 706 831 746 res
855 706 931 746 suas
955 682 1127 747 defendere
1150 693 1183 746 et
1200 681 1330 747 ablatas
1355 682 1416 748 sibi
1440 681 1610 767 adquirere
1633 693 1675 764 ct,
1699 685 1726 748 si
1751 685 1932 748 monimina
1953 685 2086 750 charta-

437 810 508 850 rum
523 788 640 870 quovis
656 787 785 869 ingenio
803 784 1011 870 perdiderint,
1034 785 1096 848 hac
1113 788 1215 849 nostri
1232 787 1377 870 precepti
1401 787 1523 870 pagina
1545 785 1746 850 corroborati
1769 789 1913 852 investiti
1929 799 2087 853 maneant

437 901 469 954 et
502 891 685 954 confirmati
716 903 829 953 nostra
862 890 1034 974 largitione
1068 889 1158 953 abita
1184 888 1333 971 legaliter
1366 889 1545 953 defendant
1577 901 1609 952 et
1642 888 1754 953 ablata
1781 889 1882 974 legali
1916 893 2087 956 examina-

434 995 523 1057 tione
546 995 727 1077 requirant,
764 995 908 1058 omnium
931 994 1098 1057 hominum
1121 992 1289 1056 eradicata
1311 994 1544 1057 controversia.
1583 991 1618 1056 Si
1641 993 1714 1076 quis
1738 1003 1847 1056 autem
1871 993 1991 1078 aliquis
2014 1011 2122 1079 pres

435 1107 582 1181 sumptor
612 1096 652 1160 de
682 1095 878 1180 supradietis
913 1095 1058 1160 cortibus
1093 1096 1144 1159 vel
1178 1095 1274 1160 rebus
1303 1118 1361 1160 eos
1389 1095 1558 1159 disvestire
1587 1106 1645 1158 aut
1674 1097 1858 1181 inquietare
1888 1099 1958 1161 sine
1985 1095 2086 1181 legali

434 1199 555 1264 iudicio
578 1202 751 1263 tentaverit
774 1223 831 1263 seu
854 1200 997 1284 aliquem
1021 1221 1154 1263 censum
1177 1197 1229 1262 vel
1254 1201 1419 1268 servitium
1442 1199 1482 1262 de
1510 1196 1661 1262 omnibus
1690 1200 1826 1284 prefatis
1856 1201 1925 1264 sine
1954 1199 2088 1266 illorum

434 1303 520 1367 dono
534 1313 548 1340 ¹¹
579 1305 741 1387 acceperit
770 1315 827 1367 aut
855 1325 986 1388 quoquo
1017 1303 1115 1368 modo
1145 1302 1240 1367 huius
1268 1305 1370 1366 nostri
1400 1304 1544 1387 precepti
1568 1301 1711 1366 violator
1740 1304 1899 1384 extiterit,
1935 1307 2020 1368 sciat
2051 1327 2087 1368 se

433 1409 690 1490 compositurum
720 1410 790 1470 auri
821 1408 933 1491 optimi
963 1405 1064 1470 libras
1093 1415 1238 1486 centum,
1273 1405 1480 1469 medietatem
1511 1405 1645 1469 kamere
1674 1416 1785 1470 nostre
1814 1417 1847 1469 ct
1875 1407 2087 1472 medietatem

433 1512 614 1594 pretaxatis
637 1510 714 1572 viris
738 1531 914 1594 eorumque
938 1508 1121 1573 heredibus.
1162 1509 1206 1572 Et
1228 1518 1264 1573 ut
1286 1510 1394 1572 verius
1417 1507 1569 1572 credatur
1591 1507 1843 1593 diligentiusque
1866 1509 1909 1574 ab
1934 1511 2087 1576 omnihus
2107 1527 2140 1574 10

433 1612 631 1693 observetur,
656 1635 755 1676 manu
778 1614 911 1696 propria
933 1610 1126 1676 roborantes
1149 1611 1282 1676 anulum
1305 1622 1452 1674 nostrum
1475 1612 1609 1676 inferius
1632 1613 1773 1696 imprimi
1796 1613 1959 1678 iussimus.

537 1746 674 1830 Signum
696 1747 806 1812 domni
833 1749 897 1826 (M.)
913 1757 926 1783 ¹
950 1747 1081 1812 Ottouis
1105 1749 1304 1812 serenissimi
1327 1751 1466 1832 augusti.

536 1850 729 1914 Ambrosius
759 1850 973 1914 cancellarius
1002 1848 1151 1915 advicem
1179 1850 1319 1916 Huberti
1348 1855 1494 1937 episcopi
1523 1863 1556 1915 et
1583 1851 1863 1918 archicancellarii
1892 1858 2088 1940 recognovit

436 1964 468 2016 et
491 1954 695 2039 subscripsit.
2015 1960 2088 2040 (sl.)

535 2092 625 2155 Data
644 2110 732 2155 xlm.
756 2092 822 2156 kal.
847 2093 923 2154 mai.
946 2114 1033 2156 anno
1058 2092 1219 2156 dominice
1241 2095 1477 2158 incarnationis
1500 2110 1749 2178 Dcccctxvnn,
1773 2118 1859 2160 anno
1876 2119 1953 2160 vero
1970 2097 2086 2162 domni
2108 2113 2138 2160 15

433 2193 563 2257 Ottouis
586 2195 784 2257 serenissimi
807 2197 936 2278 augusti
956 2213 1028 2277 viu,
1051 2195 1230 2260 indictione
1247 2214 1314 2279 xn3
1338 2209 1448 2262 actum
1470 2199 1504 2262 in
1519 2197 1678 2263 Kalabria
1694 2201 1727 2262 in
1744 2199 1899 2264 suburbio
1917 2199 2087 2284 Cassan03

432 2298 466 2359 in
489 2295 541 2360 dei
563 2299 695 2362 nomine
717 2297 856 2364 feliciter
877 2321 983 2362 amen.

1212 2487 1299 2561 372.

440 2638 521 2714 Otto
549 2641 710 2738 bestdtipt
735 2642 806 2714 den
833 2642 1066 2718 Cano-eiberto
1092 2671 1164 2716 eon
1186 2644 1352 2742 Boloyria
1379 2645 1489 2717 deren
1507 2645 1746 2745 Besilzoepen
1771 2647 1852 2720 ond
1876 2647 2084 2748 Einlcr'tizste

433 2758 511 2830 ond
536 2761 684 2834 verledit
709 2763 817 2835 iliaco
844 2763 1068 2837 Immueitdt.
2102 2807 2136 2854 ao

1063 2890 1102 2947 In
1124 2889 1257 2963 Apuliae
1277 2891 1420 2948 scisciaco
1442 2889 1542 2948 Ascoli
1564 2891 1628 2948 used
1649 2891 1763 2950 Bocino
1786 2895 1849 2952 969
1873 2893 1963 2964 April
1984 2895 2038 2952 28.

532 3075 688 3147 Adseloist
712 3079 744 3134 irs
765 3076 968 3150 Diplomsorm
991 3093 1047 3134 aus
1070 3077 1135 3134 dem
1159 3081 1209 3135 10.
1227 3076 1278 3135 Jh.
1304 3078 1344 3134 im
1361 3074 1575 3148 Copitclarcltio
1596 3096 1636 3135 ze
1659 3078 1793 3151 Boloqno
1817 3077 1828 3154 (
1858 3077 1880 3157 ).

531 3213 666 3290 (Sarioli)
684 3213 765 3274 Aba
783 3215 904 3288 Boloqa.
928 3209 970 3284 1⁶,
995 3218 1036 3273 46
1058 3221 1093 3272 πθ
1108 3218 1152 3273 27
1173 3231 1230 3272 arcs
1253 3213 1289 3271 Β.
1314 3246 1356 3254 -
1378 3214 1507 3272 Bolrmcr
1520 3215 1592 3287 Req.
1610 3218 1683 3274 357.
1707 3249 1752 3257 —
1774 3215 1902 3289 Stunqrf
1916 3217 1989 3289 Req.
2007 3220 2081 3279 465.

535 3351 666 3421 Versasst
695 3369 749 3408 ron
777 3352 818 3410 lt.
842 3352 898 3422 D.,
933 3352 985 3410 der
1007 3353 1051 3410 als
1074 3352 1211 3410 Dictator
1232 3353 1296 3410 ond
1318 3352 1363 3410 als
1385 3351 1575 3424 lsqrossotor
1595 3371 1627 3411 so
1649 3351 1696 3424 oft
1719 3354 1866 3412 Verstosse
1889 3355 1986 3412 stadt
2010 3355 2081 3414 dass

531 3457 625 3527 cinips
647 3455 755 3512 Fclrler
776 3456 829 3513 der
853 3456 941 3528 Copia
963 3456 993 3514 Β
1020 3457 1087 3514 sehr
1116 3457 1189 3513 wohl
1216 3456 1279 3526 auf
1303 3457 1351 3513 die
1376 3453 1526 3527 Urscbrift
1554 3456 1790 3529 surdelqesrtlnt
1813 3457 1930 3515 werden
1952 3457 2081 3528 Manen,
2101 3475 2133 3522 25

530 3577 581 3616 um
604 3576 636 3616 so
658 3560 741 3616 rnelr
762 3559 802 3616 da
824 3559 879 3617 dos
901 3559 967 3617 ΒΟ.
984 3563 1050 3618 372
1072 3559 1298 3617 roicderltolende
1321 3559 1384 3616 und
1406 3559 1498 3616 ‹lolrcr
1519 3560 1596 3618 auch
1610 3579 1668 3617 rur
1683 3559 1872 3633 Ausfttllany
1887 3561 1942 3618 der
1957 3561 2083 3619 Μελ-επ

529 3663 563 3718 in
585 3662 615 3720 Β
636 3663 840 3720 rerrcendhore
863 3661 1112 3736 Oriyinoldiplom
1135 3664 1278 3720 Heinrich
1300 3671 1341 3722 ll.
1373 3661 1501 3734 siremps
1518 3664 1591 3736 Regi.
1616 3667 1698 3724 1595
1727 3682 1798 3720 eum
1824 3663 1909 3722 Thcil
1935 3664 2083 3724 disselbea

531 3766 638 3823 Fclrlcr
659 3765 808 3835 austerist.
847 3766 911 3824 Der
936 3767 1034 3838 Copist
1059 3768 1191 3824 bemdhtc
1213 3768 1274 3824 sicli
1297 3767 1344 3824 die
1366 3767 1496 3825 Formeo
1518 3767 1567 3824 cles
1585 3765 1737 3839 Oriqinols
1759 3767 1994 3836 nocheuohmem
2018 3787 2082 3826 cer-

527 3870 620 3927 stcllte
641 3870 745 3942 jedoclr
774 3871 822 3926 die
848 3871 1154 3941 Untersclrristsrcilen
1176 3871 1239 3928 rand
1261 3875 1349 3929 setslc
1372 3871 1419 3928 die
1442 3869 1596 3942 Dotirony
1618 3870 1680 3940 aus
1699 3871 1809 3942 yleielie
1832 3871 1923 3928 Linie
1946 3873 1999 3928 mit
2024 3872 2083 3930 den

535 3973 589 4032 elas
611 3972 766 4032 Hcmdmol
788 3973 984 4046 beyleitcnden
1007 3975 1136 4032 Woiteu
2101 3991 2134 4038 30

528 4161 586 4240 (C.)
607 4161 621 4242 ξς
643 4160 682 4222 ln
704 4161 834 4224 nomine
858 4169 969 4223 sancte
993 4169 1024 4224 ct
1047 4157 1213 4224 individue
1237 4161 1399 4224 trinitatis.
1435 4159 1513 4223 Otto
1538 4157 1649 4223 divina
1670 4159 1801 4224 favente
1825 4160 1999 4225 clementia
2023 4163 2082 4225 im-

427 4274 558 4346 perator
586 4275 756 4347 augustus.
859 4262 1047 4328 Condecet²
1078 4263 1206 4327 culmen
1236 4265 1364 4348 imperii
1395 4264 1498 4327 nostri
1528 4264 1621 4326 iuxta
1649 4262 1782 4326 modum
1809 4263 2084 4348 predecessorum

427 4365 644 4431 domnorumb
667 4370 900 4452 imperatorum
924 4367 1073 4431 omnibus
1096 4365 1110 4446 ἶξξ
1132 4367 1334 4451 imperialem
1356 4366 1466 4430 aulam
1489 4365 1743 4450 quaerentibusc
1766 4366 1930 4431 humiliter
1946 4390 1990 4431 ex
2006 4371 2082 4454 ipsa

426 4469 604 4553 presidium
638 4470 885 4535 saluberrimum
919 4469 1050 4534 exibere
1080 4481 1112 4532 ct
1143 4480 1253 4533 nostre
1289 4493 1344 4532 eos
1379 4469 1604 4552 inunilicenciq
1638 4467 1859 4533 benelicinm‘¹
1894 4470 2082 4536 sublevare.

426 4571 552 4636 Idcirco
577 4575 721 4636 omnium
744 4583 855 4658 sancte
879 4573 930 4637 dei
954 4573 1072 4656 eclesie
1094 4573 1239 4636 fidelium
1260 4583 1446 4636 nostrorum
1470 4571 1595 4634 scilicet
1617 4573 1823 4656 presencium
1839 4594 1879 4636 ac
1894 4571 2083 4640 futurorum
2102 4599 2134 4645 35

426 4678 552 4740 noverit
574 4675 743 4758 industria,
768 4679 922 4761 quoniam
946 4679 1128 4741 interventu
1151 4677 1403 4760 presbiterorum
1428 4685 1540 4757 sancte
1558 4675 1776 4738 Bononiensis
1796 4675 1929 4759 eclesie,
1955 4677 2085 4743 scilicet

425 4779 512 4842 Petri
535 4779 654 4866 aliique
679 4781 780 4861 Petri,
804 4778 960 4844 Iohannis
983 4791 1015 4844 et
1038 4780 1216 4842 Bonizonis
1240 4781 1295 4864 qui
1319 4778 1413 4843 nobis
1436 4780 1469 4841 in
1492 4779 1638 4841 exercitu
1661 4777 1779 4862 milicie
1807 4780 1840 4843 in
1863 4777 2082 4846 Calabriamd

427 4885 621 4965 servierunt,
656 4895 809 4946 cunctum
840 4883 962 4947 clerum
990 4885 1249 4946 canonicorum⁰
1275 4884 1340 4946 iam
1370 4881 1455 4964 dicte
1484 4891 1595 4963 sancto
1618 4881 1838 4945 Bononiensis
1861 4881 1981 4966 eclesie
2004 4906 2083 4950 cum

426 4986 577 5050 omnibus
606 4987 703 5051 rebus
733 4998 765 5050 et
793 4986 1057 5072 possessionibus
1087 5008 1200 5049 eorum
1229 5008 1287 5070 per
1316 4985 1442 5069 singula
1470 4982 1547 5047 loca
1569 4995 1602 5046 et
1624 4985 1788 5048 territoria
1811 4987 1997 5051 constitutis
2023 5012 2083 5054 seu

425 5113 499 5154 curn
520 5088 632 5154 liberis
656 5089 841 5155 hominibus
865 5093 968 5155 servis
992 5101 1024 5155 et
1046 5090 1176 5154 ancillis
1200 5091 1366 5174 utriusque
1391 5110 1488 5152 sexus
1511 5086 1562 5149 vel
1585 5085 1754 5151 libellariis
1778 5111 1835 5152 seu
1857 5089 2082 5158 residentibus
2101 5113 2134 5160 40

510 5279 568 5332 ³71.
597 5284 620 5338 sl
632 5280 703 5344 fehlt
721 5283 750 5329 in
767 5281 825 5340 Au,
853 5280 896 5330 die
914 5280 1069 5344 Erqc'imanq
1093 5280 1164 5328 kann
1180 5277 1311 5327 notiirlich
1329 5276 1393 5325 noch
1411 5277 1535 5325 aaaron
1554 5277 1664 5336 scer-deu,
1688 5285 1752 5327 mna
1769 5295 1801 5326 au
1818 5282 1953 5344 presentia
1972 5281 1990 5330 l.
2010 5283 2028 5330 l.
2048 5299 2082 5342 r„

596 5367 649 5399 war
666 5349 710 5399 die
725 5349 810 5413 ylet'ch
822 5349 946 5413 jolqmdc
963 5349 1055 5399 Lesort
1073 5351 1101 5398 r'u
1118 5349 1144 5397 U
1163 5351 1299 5413 presertim
1323 5345 1442 5395 erklc's'ren
1464 5344 1551 5394 wiirde
1654 5356 1675 5410 t)
1694 5348 1809 5412 praediis
1828 5352 1856 5398 in
1874 5365 1924 5398 sua
1943 5353 2082 5414 presertim

596 5421 741 5469 advocatos
759 5419 857 5468 habere
877 5421 955 5468 etiam
975 5425 1001 5467 et
1018 5418 1043 5466 U
1143 5423 1172 5476 u)
1191 5417 1245 5467 Al]
1346 5421 1372 5476 v)
1386 5413 1455 5477 fehlt
1473 5415 1501 5462 ia
1519 5413 1550 5464 A.

509 5538 570 5592 ³72.
599 5538 707 5607 [Sickell
802 5540 828 5600 a)
846 5529 1020 5589 condecat'B
1113 5538 1141 5600 bl
1161 5523 1255 5588 d-niorir
1274 5538 1299 5588 Β
1396 5539 1421 5596 c)
1440 5536 1608 5601 qaerentihus
1627 5537 1653 5586 B
1745 5537 1772 5600 d)
1789 5537 1815 5586 B
1910 5541 1935 5599 e)
1954 5541 1983 5588 in
2002 5539 2083 5605 Folye

597 5625 648 5659 oon
666 5608 753 5660 Rarur
770 5607 832 5657 sind
854 5625 904 5656 nur
926 5606 992 5658 noch
1015 5609 1097 5671 eiam
1118 5607 1280 5658 Buchslcben
1302 5605 1424 5664 richtbar,
1451 5603 1544 5654 welche
1566 5604 1622 5654 rich
1642 5605 1739 5671 J'edoch
1761 5623 1792 5655 ro
1814 5605 1872 5656 dem
1896 5608 1933 5656 iss
1961 5607 2027 5660 ΒΗ,
2052 5619 2082 5662 11.
2101 5613 2132 5659 45

600 5677 737 5728 oteltmdca
756 5675 839 5726 wora
857 5681 980 5742 erytraea
998 5677 1090 5727 urim.
