4560 6420
440 395 502 462 162
679 473 685 486 ¹
1033 397 1488 465 KAIS'ERURKUNDEN.

437 591 586 672 cogitans
611 590 729 652 affectu
753 587 891 673 qualiter
913 609 932 650 a
956 588 1145 672 semetipso,
1170 597 1266 671 prout
1288 586 1489 671 possibilitas
1513 587 1574 650 sibi
1599 587 1744 668 adesset,
1772 588 1889 672 deifice
1912 586 2099 652 maiestatis

437 700 702 774 augmentaretur
722 689 915 772 famulatura,
943 697 1130 752 construere
1152 687 1324 752 basilicam
1347 711 1425 752 mox
1448 690 1535 772 cepit
1557 690 1590 751 in
1612 689 1686 753 loeo
1711 688 1919 754 Gemblausb
1949 689 2040 753 dicto
2065 690 2099 750 in

418 794 559 858 'honore
588 794 691 857 sancti
722 792 893 856 salvatoris
923 791 1045 854 domini
1069 795 1173 856 nostri
1194 793 1270 856 Iesu
1293 791 1424 857 Christi.
1470 793 1560 858 Talis
1590 817 1667 879 ergo
1698 794 1849 859 desiderii
1880 794 2099 859 karissimum

435 907 588 982 nepotem
619 919 712 960 suum
742 894 982 979 Uuibpertum⁰
1015 896 1176 979 prefatum
1210 896 1319 959 calore
1355 895 1508 960 succendi
1544 899 1765 982 conspiciens,
1798 901 1875 961 avia
1910 921 1971 962 sua
2001 895 2099 962 Gisla

435 1002 604 1066 nominata
628 997 770 1084 presidio
794 998 1045 1062 constructionis
1068 999 1214 1063 eiusdem
1231 997 1501 1064 Gemblaucensis
1525 999 1676 1064 coenobii
1699 1024 1750 1064 res
1773 1001 1879 1066 eidem
1900 1003 2014 1086 nepoti
2036 1011 2133 1064 suot

434 1101 534 1187 legali
563 1100 736 1166 traditione
764 1099 901 1164 contulit.
929 1099 1143 1164 hereditarias
1173 1123 1254 1186 quas
1278 1101 1340 1164 sibi
1363 1103 1414 1164 vir
1436 1125 1513 1166 suus
1535 1101 1691 1167 nomined
1722 1104 1904 1187 Rothingus
1934 1101 2096 1187 impendit

436 1206 522 1271 dotis
545 1207 667 1292 gratia,
691 1208 724 1269 in
747 1206 904 1268 comitatu
928 1202 1053 1268 seilicet
1075 1205 1297 1268 Lomaeensi0
1325 1214 1423 1290 atque
1446 1205 1649 1288 Darnuensi,
1682 1206 1793 1271 villam
1815 1205 1971 1270 videlicet
1994 1203 2095 1269 Gem-

434 1307 556 1372 blausl
580 1331 655 1373 cum
673 1307 824 1372 omnibus
847 1305 890 1369 ad
913 1304 1051 1369 eandem
1073 1304 1326 1390 pertinentibus,
1350 1307 1382 1370 in
1399 1306 1579 1394 eodemque
1595 1331 1681 1394 pago
1698 1308 1810 1374 villam
1825 1309 1952 1373 Bufiols
1970 1308 2094 1372 dictam

436 1433 510 1475 cum
533 1410 729 1496 appenditiis
753 1411 820 1474 suis
844 1419 876 1472 et
897 1411 931 1471 in
953 1407 1033 1472 villa
1054 1407 1217 1492 Asnatgia
1241 1407 1396 1494 quicquid
1418 1410 1488 1493 ipse
1511 1412 1580 1474 iure
1604 1413 1705 1476 tenuit
1727 1412 1777 1476 vel
1800 1412 1834 1475 hi
1851 1434 1934 1498 quos
1950 1412 2093 1495 propriis

434 1515 489 1578 hie
518 1525 632 1579 notare
660 1513 842 1577 studuimus
870 1511 1073 1576 nominibus:
1108 1511 1284 1575 Rotbertus
1313 1510 1479 1594 videlicet,
1514 1513 1680 1598 Angcrus,
1714 1513 1923 1596 Fulcolduss,
1960 1515 2144 1595 Emm0,10

435 1617 637 1700 Hericindis,
672 1626 780 1702 preter
802 1616 971 1680 dimidium
995 1637 1145 1678 mansum
1168 1614 1257 1701 quod
1280 1618 1382 1679 sorori
1408 1640 1463 1700 sue
1493 1641 1553 1703 pro
1584 1619 1687 1684 salute
1719 1619 1855 1684 contulit
1883 1621 1994 1702 anime
2025 1641 2092 1701 sue,

434 1733 467 1787 et
489 1724 578 1809 apud
600 1723 738 1788 eundem
761 1745 882 1808 pagum
904 1721 1018 1785 villam
1042 1719 1249 1785 Salvenerias
1273 1743 1347 1785 cum
1375 1720 1455 1784 inibi
1486 1720 1720 1806 aspicientibus
1747 1743 1912 1807 unumque
1938 1743 2092 1784 mansum

435 1827 524 1912 quod
551 1829 629 1891 emit
655 1825 818 1891 vocabulo
848 1825 957 1907 Ruoz,
992 1822 1194 1909 alterumque
1227 1847 1377 1889 mansum
1405 1824 1550 1889 fiscalem
1580 1828 1614 1889 in
1642 1826 1716 1891 loco
1745 1828 1798 1912 qui
1828 1825 1948 1890 dicitur
1971 1823 2092 1906 Uilers,

434 1934 612 2019 antiquitus
636 1930 875 2017 appendentem
898 1928 941 1992 ad
963 1928 1066 1993 altare
1090 1931 1194 1993 saneti
1216 1929 1304 1993 Petri
1328 1931 1484 2014 principis
1507 1929 1745 2014 apostolorum,
1775 1928 1923 1994 similiter
1945 1930 1980 1992 in
2002 1950 2091 2013 pago

433 2034 561 2100 Asbain
584 2035 673 2120 apud
694 2034 807 2098 villam
830 2034 970 2097 Herines
994 2055 1144 2097 mansum
1167 2055 1268 2097 unum
1291 2033 1380 2119 quod
1401 2033 1584 2117 Rotbingus
1607 2043 1639 2098 et
1662 2035 1806 2097 coniunx
1831 2034 1901 2097 eius
1930 2041 2091 2096 emerunt.
2111 2053 2141 2099 15

433 2139 509 2222 Vite,
533 2138 672 2225 denique
695 2141 875 2222 monastice
898 2161 1048 2202 normam
1070 2139 1124 2223 pio
1149 2137 1364 2223 multiplicare
1387 2159 1523 2201 cernens
1545 2138 1673 2218 intuitu,
1698 2138 1842 2221 piissima
1862 2134 1959 2200 Gisla
1977 2157 2093 2220 supra·

433 2253 613 2307 memorata
630 2266 705 2327 vere
726 2242 803 2307 fidei
827 2242 982 2306 divinitus
1006 2241 1122 2305 ardore
1146 2263 1303 2306 succensa
1327 2241 1417 2305 dedit
1440 2242 1664 2305 amantissimo
1683 2242 1792 2325 nepoti
1809 2263 1868 2304 suo
1884 2239 2091 2323 Uuichperto

434 2346 548 2412 crebro
577 2358 756 2412 memorato
787 2348 897 2412 omnia
926 2345 986 2410 sub
1016 2368 1054 2409 ea
1083 2343 1214 2409 datione
1243 2345 1399 2431 quicquid
1427 2346 1571 2431 prefatus
1594 2348 1646 2409 vir
1666 2346 1846 2429 Rothingus
1870 2344 1958 2408 dotis
1984 2346 2092 2429 gratia

434 2449 582 2534 legaliter
604 2450 785 2514 donaverat
807 2452 841 2513 in
864 2451 1021 2514 comitatu
1044 2449 1271 2532 Uuastenaco,
1305 2449 1400 2512 villas
1428 2449 1553 2513 seilicet
1574 2448 1686 2513 Naslei
1709 2459 1741 2513 et
1763 2447 1899 2512 Corbeis
1923 2459 1956 2512 et
1978 2447 2093 2513 Anon-

434 2563 530 2618 curtss
552 2564 584 2619 et
607 2551 759 2618 Curceles
783 2575 996 2639 mansumque
1018 2574 1119 2615 unum
1141 2551 1185 2615 ad
1207 2562 1331 2616 curtem
1353 2552 1510 2616 Romenei
1534 2552 1656 2616 dictam
1671 2552 1847 2637 villamque
1862 2551 1985 2615 Molins
2000 2553 2091 2615 voci·
2108 2564 2141 2612 20

432 2666 537 2721 tatam
564 2658 744 2743 silvamque
771 2653 965 2740 Boisotgis¹²
995 2656 1173 2719 vocitatam
1202 2665 1234 2718 et
1261 2654 1374 2719 villam
1403 2653 1516 2719 Ailant
1545 2667 1577 2720 et
1599 2656 1677 2720 Urei
1700 2667 1732 2719 et
1754 2677 1905 2719 mansum
1927 2677 2030 2719 unum
2058 2657 2091 2719 in

433 2759 512 2824 villa
541 2760 655 2826 Ailant
684 2772 715 2825 et
743 2759 965 2824 molendinum
994 2781 1095 2824 unum
1124 2780 1221 2843 super
1249 2759 1385 2823 fluvium
1415 2759 1590 2823 Fontlaine
1617 2761 1651 2823 in
1681 2761 1838 2824 comitatu
1867 2759 2030 2822 Laaensis
2060 2769 2093 2821 et

366 2923 368 2928 s
433 2863 599 2930 clibanum
623 2865 785 2951 quendam
808 2866 840 2927 in
864 2865 995 2928 civitate
1019 2861 1101 2926 Sens
1123 2871 1312 2946 nuncupata
1335 2885 1393 2947 per
1415 2885 1519 2926 annos
1544 2862 1724 2928 solventem
1748 2861 1892 2945 singulos
1915 2879 1990 2925 xxx
2014 2861 2091 2926 soli-

434 2965 493 3031 dos
515 2990 723 3032 nummorum
745 2977 777 3030 et
799 2976 924 3032 curtem
946 2965 1110 3029 Herbardi
1132 2975 1165 3028 et
1187 2963 1397 3046 Caderaitai,
1433 2965 1580 3029 similiter
1602 2968 1635 3029 in
1658 2967 1815 3030 comitatu
1839 2963 2007 3050 Stampais
2031 2965 2091 3028 vil-

432 3067 498 3134 lam
521 3071 667 3135 Maisons
692 3070 813 3135 dictam
836 3080 868 3133 et
890 3068 1002 3133 villam
1025 3067 1166 3153 Algeldi.
1206 3067 1300 3132 Gisla
1323 3079 1398 3154 post
1420 3069 1480 3154 hec
1504 3091 1603 3156 supra
1627 3073 1735 3155 sepius
1758 3079 1953 3150 memorata,
1978 3067 2090 3152 divine
2108 3080 2140 3126 25

432 3174 655 3259 inspirationis
671 3175 705 3238 in
721 3196 760 3236 ea
776 3175 880 3257 magis
897 3195 936 3235 ac
952 3174 1057 3256 magis
1081 3181 1247 3235 crescente
1271 3171 1457 3254 clementia,
1481 3173 1717 3237 monachorum
1738 3169 1957 3256 multiplicare
1972 3169 2090 3234 videns

432 3287 598 3341 catervam
623 3299 721 3362 seque
744 3275 855 3340 divino
880 3277 1072 3360 mancipans
1103 3275 1259 3361 obsequio
1284 3273 1374 3340 dedit
1396 3279 1494 3340 etiam
1517 3287 1624 3361 preter
1646 3297 1685 3340 ea
1709 3299 1770 3362 quq
1792 3276 1858 3338 iam
1877 3297 1978 3360 supra
1996 3285 2090 3339 nota-

431 3382 548 3464 vimus,
572 3404 615 3444 ex
637 3382 770 3466 propria
791 3380 971 3445 hereditate
994 3381 1027 3442 in
1050 3381 1206 3444 comitatu
1229 3379 1382 3443 videlicet
1397 3380 1527 3443 Maisou
1550 3380 1584 3443 in
1604 3378 1683 3442 villa
1707 3401 1768 3463 que,
1788 3377 1906 3441 dicitur
1921 3377 2051 3442 Masuic
2065 3374 2089 3459 ¹¹,

432 3484 597 3569 quandam
626 3493 710 3567 terre
740 3494 866 3569 partem
895 3482 1152 3568 complicemque
1181 3485 1313 3548 navium
1344 3473 1403 3568 per
1431 3505 1535 3546 annos
1565 3481 1745 3546 solventem
1774 3480 1919 3565 singulos
1943 3483 2089 3567 quinque

431 3586 554 3650 solidos
577 3586 793 3668 denariorum,
818 3589 851 3650 in
874 3586 1052 3671 eodemque
1076 3588 1234 3650 comitatu
1255 3585 1368 3650 villam
1392 3610 1454 3672 que
1477 3586 1595 3650 dicitur
1608 3587 1750 3650 Biettine
1761 3584 1778 3668 ¹,
1801 3587 1835 3648 in
1858 3607 1922 3670 qua
1945 3584 2088 3649 babetur
2106 3595 2139 3642 3⁰

431 3689 571 3773 ecelesia
599 3690 773 3754 medietate
804 3689 934 3775 quidem
963 3699 1076 3753 nostra
1102 3711 1238 3753 mansus
1269 3689 1521 3754 indominicatus
1549 3688 1769 3753 molendinum
1793 3688 1910 3752 camba
1934 3699 2089 3775 captura

431 3815 493 3879 que
516 3795 670 3878 piscium,
702 3795 736 3857 in
759 3795 915 3861 comitatu
938 3815 1015 3857 vero
1038 3793 1217 3857 Reuuersm
1238 3792 1351 3856 villam
1374 3793 1530 3858 Moliuort
1553 3793 1675 3856 dictam
1698 3815 1772 3856 cnm
1795 3791 1876 3856 inibi
1898 3795 2089 3876 pertinenti-

429 3894 491 3960 bus
521 3918 559 3960 ac
593 3899 628 3960 in
658 3897 801 3982 quadam
828 3895 907 3960 villa
936 3896 1082 3960 eiusdem
1110 3899 1283 3961 comitatus
1312 3897 1453 3980 Bergam
1488 3898 1658 3962 vocitatan
1692 3919 1790 3981 super
1821 3895 1959 3960 fluvium
1988 3896 2088 3960 Rim⁰

429 4000 561 4062 vineam
584 4000 751 4064 obtimam.
788 4000 940 4065 Domnus
963 4001 1086 4063 interea
1108 4000 1254 4085 prefatus
1271 3999 1480 4085 Wichpertus
1504 4000 1544 4063 de
1567 4001 1711 4085 paternis
1733 3998 1786 4061 vel
1809 4000 1965 4063 maternis
1988 3999 2087 4064 rebus

430 4101 492 4166 sibi
522 4105 590 4167 inre
618 4103 807 4168 hereditatis
836 4103 957 4187 legales
987 4103 1111 4166 faciens
1134 4102 1326 4167 traditiones
1350 4101 1439 4166 dedit
1462 4103 1618 4188 quicquid
1640 4104 1757 4167 iurium
1780 4104 1869 4166 visus
1892 4111 1942 4165 est
1965 4100 2086 4165 babere
2106 4120 2137 4166 35

430 4215 524 4269 extra
545 4207 682 4271 fratrum
705 4228 837 4272 suorum
860 4209 1068 4288 societatem,
1104 4205 1163 4270 sub
1186 4209 1317 4270 nomine
1340 4205 1391 4270 dei
1415 4217 1447 4270 et
1470 4208 1643 4272 salvatoris
1665 4210 1767 4271 nostri
1795 4209 1965 4292 sanctique
1997 4207 2086 4270 Petri

427 4311 519 4392 regni
542 4309 687 4394 celorum
709 4309 864 4394 clavigeri
888 4310 1043 4374 fratribus
1065 4313 1099 4375 in
1123 4309 1238 4375 eodem
1259 4310 1334 4376 loco
1352 4310 1559 4376 Gemblausb
1581 4312 1641 4376 sub
1661 4311 1800 4396 regulari
1817 4311 2004 4376 viventibus
2020 4311 2085 4375 dis-

428 4411 551 4497 ciplina
581 4436 663 4498 quos
690 4412 812 4478 ibidem
840 4412 892 4476 dei
921 4413 1165 4478 coadunaverat
1195 4415 1418 4498 miseratione,
1452 4418 1487 4478 in
1515 4417 1672 4480 comitatu
1701 4413 1827 4477 scilicet
1857 4413 2017 4478 Breibant
2051 4416 2086 4477 in

427 4513 501 4578 loeo
530 4515 630 4579 Melin
661 4516 837 4600 qcclesiam
864 4539 1014 4580 mansum
1043 4509 1313 4581 indominicatum
1343 4540 1417 4582 cum
1439 4518 1637 4603 appenditiis
1661 4519 1728 4582 suia
1752 4515 1903 4580 cambam
1926 4516 2086 4582 molendi-

427 4640 505 4681 num
534 4629 565 4682 et
598 4618 759 4683 culturam
786 4619 948 4705 Arnulpbi
979 4629 1012 4685 et
1042 4619 1155 4685 decem
1184 4643 1317 4686 mansos
1346 4622 1386 4685 de
1415 4621 1573 4685 Lietainis
1605 4644 1686 4708 quos
1715 4620 1783 4684 filio
1815 4643 1873 4684 suo
1905 4619 2085 4686 karissimo
2104 4636 2137 4682 40

427 4721 628 4807 Uuicbperto
660 4734 763 4786 mater
793 4723 998 4789 solummodo
1029 4747 1105 4788 cum
1134 4724 1234 4787 fratre
1265 4747 1323 4788 suo
1349 4723 1529 4788 Oilboldol’
1558 4724 1709 4810 legaliter
1738 4720 1887 4806 tradidit,
1922 4734 1956 4787 et
1987 4747 2086 4788 unam

428 4824 568 4888 insulam
590 4827 623 4889 in
647 4825 762 4890 eadem
784 4826 863 4890 villa
887 4839 919 4890 et
940 4826 1030 4912 apud
1053 4826 1192 4890 eundem
1214 4848 1338 4912 pagum
1361 4827 1569 4892 medietatem
1584 4826 1660 4912 ville
1675 4829 1792 4892 Putiau
1808 4826 2086 4915 medietatemque

426 4926 598 4990 Beureneq
620 4928 654 4990 in
678 4930 898 5014 comitatuque
920 4927 1108 4992 Damuensi
1131 4929 1337 4993 medietatem
1359 4929 1436 5014 villq
1460 4928 1581 4995 Curtils
1605 4930 1690 5014 dicte
1713 4953 1752 4993 ac
1776 4928 1985 4995 medietatem
2009 4932 2086 5016 villq

426 5027 626 5094 Walabam¹
648 5028 734 5114 dicte
757 5031 1028 5117 medietatemque
1044 5032 1229 5097 Uuasmont
1251 5035 1285 5096 in
1308 5055 1394 5119 pago
1410 5033 1548 5098 Asbain.
1588 5033 1757 5119 Siquidem
1779 5043 1811 5096 et
1834 5034 1867 5096 in
1886 5033 1949 5097 boc
1969 5033 2088 5099 babuit

426 5131 594 5197 doctorem
624 5143 656 5197 et
685 5144 859 5219 patronum
890 5134 1054 5220 quendam
1083 5135 1305 5201 venerabilem
1334 5138 1634 5202 virumErluinum
1658 5140 1767 5222 quiet
1793 5137 1861 5220 ipse
1887 5140 2086 5203 canonicam
2105 5151 2138 5200 45

426 5257 491 5319 qua
521 5236 653 5301 vivebat
680 5236 828 5321 regulam
857 5241 954 5304 vertit
980 5238 1025 5303 ad
1052 5241 1270 5304 monasticam
1291 5242 1410 5323 vitam,
1445 5244 1553 5326 ipsum
1581 5263 1714 5325 prorsus
1744 5242 1772 5303 is
1800 5239 1948 5323 prefatus
1971 5241 2087 5306 Wicb·

526 5406 567 5460 82.
595 5409 621 5470 b)
642 5406 695 5470 AO,
715 5411 864 5461 Gamblaux
882 5410 908 5460 B
1013 5413 1037 5473 e)
1056 5411 1089 5473 A,
1108 5412 1289 5479 Wicbpertum
1308 5411 1362 5466 ΒΟ
1454 5413 1482 5472 d)
1498 5411 1569 5475 fehlt
1587 5414 1616 5462 in
1636 5410 1660 5463 0
1760 5413 1784 5472 e)
1803 5406 1858 5471 AO,
1876 5411 2043 5466 Loviacensi
2063 5416 2090 5467 B

595 5479 615 5540 t)
635 5481 756 5545 Augerua
774 5481 930 5531 Fulcundns
952 5479 975 5530 0
1069 5483 1099 5547 g)
1117 5482 1255 5532 Auuncurt
1275 5480 1298 5532 0
1391 5482 1419 5542 h)
1439 5482 1584 5548 Boitsotgis
1606 5479 1629 5532 0
1727 5482 1746 5542 i)
1765 5479 1796 5540 A,
1814 5479 1962 5532 Caderatta
1982 5484 2017 5546 B,
2037 5487 2090 5537 Ca-

596 5548 704 5598 deracta
724 5547 748 5598 0
853 5549 881 5608 lr)
901 5549 932 5612 A,
958 5551 1062 5600 Masine
1080 5549 1133 5600 ΒΟ
1240 5552 1259 5612 l)
1279 5550 1311 5613 A,
1329 5552 1448 5602 Bietaine
1467 5549 1501 5612 B,
1521 5551 1637 5601 Biertine
1658 5547 1682 5600 0
1788 5547 1823 5610 m)
1843 5546 1875 5608 A,
1895 5550 2021 5604 Renvers
2040 5555 2094 5607 ΒΟ

595 5619 623 5677 n)
642 5619 787 5666 vocitatam
805 5616 883 5668 ABG
988 5623 1013 5680 o)
1033 5617 1064 5680 A,
1087 5619 1121 5667 Ri
1140 5618 1175 5679 B,
1199 5619 1251 5668 Rin
1272 5619 1295 5670 0
1400 5623 1426 5685 p)
1446 5618 1619 5669 VolboldoO
1718 5620 1746 5683 q)
1763 5615 1795 5679 A,
1817 5616 1942 5670 Brusene
1961 5622 2000 5686 B,
2024 5625 2091 5677 Ber·
2109 5629 2144 5680 50

594 5683 701 5736 tunso
800 5691 821 5750 r)
841 5686 873 5752 A,
892 5687 1034 5738 Walabain
1053 5687 1087 5752 Β,
1107 5688 1234 5738 Walabin
1254 5686 1282 5740 0.
