4554 6414
903 394 1028 450 O'I'TO
1050 396 1074 449 1.
1098 391 1170 450 945.
1799 389 1860 451 147

208 583 340 640 ventum
353 574 523 639 Ymmonis
539 577 640 639 nostri
650 586 663 612 ¹⁸
678 577 807 639 comitis
822 574 952 640 cuidam
968 575 1056 639 fideli
1071 587 1184 640 nostro
1198 576 1374 661 Rabangar
1389 578 1579 643 nominatol
1595 577 1734 664 quedam
1747 589 1861 643 nostra

208 679 341 762 propria
364 679 527 762 mancipia
550 680 583 740 in
608 681 776 763 proprium
800 682 1031 761 concessimus,
1055 680 1250 744 Dunzonem
1273 680 1424 745 videlicet
1447 682 1627 769 fratresque
1643 685 1712 748 eius
1728 683 1859 747 etfilios

209 804 330 846 eorum.
374 781 533 846 Iussimus
564 791 717 868 quoquec
745 782 819 845 indc
850 782 913 847 hoc
944 805 1077 868 presens
1106 795 1295 868 preceptum
1324 785 1487 850 conscribi
1517 808 1575 871 per
1598 787 1686 872 quod
1709 787 1859 853 volumus

208 885 341 949 firmiter
369 895 401 947 et
429 882 610 966 iubemusl,
640 895 676 949 ut
697 897 896 952 memoratus
919 887 1096 970 Rabangar
1118 887 1158 950 dc
1180 888 1230 952 his
1252 891 1424 974 mancipiis
1453 900 1564 954 nostro
1593 889 1680 954 dono
1710 891 1797 955 sibi¹
1826 893 1859 955 in

173 990 375 1073 oproprium
405 989 570 1076 concessis
602 988 721 1052 amodo
753 998 783 1052 ct
815 989 970 1074 deinceps
1002 992 1088 1054 omni
1119 1001 1264 1076 tempore
1294 992 1492 1057 liberrimam
1524 1003 1633 1057 teneat
1663 988 1858 1079 potestatem

207 1090 362 1178 quicquid
391 1090 452 1155 sibi
482 1091 643 1175 placuerit
671 1092 788 1156 exinde
817 1093 969 1157 faciendi.
1014 1095 1058 1157 Et
1085 1103 1120 1158 ut
1149 1095 1210 1158 hec
1239 1097 1417 1158 auctoritas
1442 1105 1556 1158 nostra
1579 1096 1672 1160 firma
1695 1096 1857 1180 perduret,

207 1218 306 1260 manu
328 1204 464 1259 nostra⁰
486 1195 685 1259 firmavimus
709 1197 872 1281 anuloque
894 1206 1006 1261 nostro
1030 1198 1177 1280 insigniri
1199 1199 1363 1262 iussimus.

309 1350 444 1432 Signum
467 1348 576 1415 domni
602 1348 732 1415 Ottonis
756 1353 959 1416 invictissimi
982 1354 1079 1436 regis.

307 1467 422 1535 Brunf
442 1470 657 1536 cancellarius
681 1472 828 1536 advicem
852 1471 1008 1537 Friden‘ci
1033 1473 1286 1557 archicapellani
1309 1477 1524 1558 recognovi.t

155 1648 188 1694 lo
308 1626 396 1690 Data
419 1626 463 1690 id.
486 1629 562 1690 maii
587 1650 671 1694 anno
695 1629 929 1692 incarnationis
953 1628 1075 1693 domini
1101 1644 1293 1711 cccccxcv,
1324 1628 1500 1694 indictione
1524 1629 1676 1712 secunda,
1699 1643 1855 1714 regnante

206 1729 327 1794 Ottonc
350 1731 404 1813 pio
427 1753 503 1814 rege
526 1753 612 1795 anno
636 1749 730 1813 v11113
754 1741 864 1796 actum
886 1730 1070 1816 Duisburg3
1092 1734 1126 1796 in
1150 1732 1282 1796 domino
1306 1755 1411 1796 amen.

1005 2008 1064 2079 67.

213 2161 294 2238 Otto
311 2162 458 2254 ¹selrealct
479 2163 544 2236 der
565 2161 697 2236 Kirclce
719 2191 764 2236 zo
786 2162 1012 2260 Badistdors
1027 2163 1105 2234 eine
1128 2162 1358 2261 Herroabose
1380 2163 1446 2233 mit
1467 2163 1643 2235 Zabetor.

1439 2301 1572 2361 Datilum
1595 2307 1657 2363 945
1682 2304 1761 2362 Jum
1785 2309 1813 2364 4.

152 2527 184 2572 15
304 2510 552 2582 Nochaeiclmanp
574 2511 653 2566 eines
676 2509 816 2581 Diploms
838 2526 894 2566 orca
917 2508 970 2566 der
992 2509 1084 2566 Hand
1106 2508 1156 2567 des
1179 2508 1245 2566 ΒΑ.
1269 2526 1326 2567 arcs
1349 2508 1414 2566 dora
1436 2514 1486 2568 10.
1512 2509 1564 2568 Jh.
1589 2511 1630 2567 tm
1652 2510 1679 2567 tr.
1699 2511 1726 2568 k.
1751 2512 1790 2569 H.
1816 2513 1855 2569 Η.

305 2613 368 2670 aad
390 2611 592 2672 Staatsarchic
613 2630 653 2669 aa
676 2612 762 2670 Wica
784 2608 845 2688 (A).

306 2767 505 2846 (thimoyrn)
528 2768 669 2836 ,sororia
693 2766 771 2826 Aah
796 2771 859 2826 178
881 2773 915 2824 a⁰
938 2771 987 2826 64.
1011 2801 1053 2810 -
1077 2768 1205 2840 Bdlrmcr
1226 2769 1300 2840 Ray.
1325 2772 1397 2826 127.
1420 2799 1462 2810 -
1486 2766 1614 2839 Stumpf
1632 2767 1702 2840 Rea.
1727 2772 1800 2827 123.

303 2927 406 2984 Dictat
430 2925 478 2983 des
502 2924 569 2983 BA.

308 3130 366 3210 (C.)
390 3128 404 3208 ³,{
426 3129 463 3206 In
486 3129 617 3192 nomine
641 3138 773 3191 sanctae
798 3139 829 3191 et
851 3127 1018 3212 individuq
1041 3131 1203 3192 trinitatis.
1243 3128 1320 3193 Otto
1338 3129 1449 3192 divina
1465 3129 1667 3212 propiciante
1683 3128 1856 3192 clementia

150 3259 184 3304 ‘ro
202 3259 271 3298 rex.
373 3233 507 3296 Noverit
538 3233 681 3295 omniurn
710 3229 854 3296 fidelium
884 3241 1069 3296 nostrorum
1099 3242 1166 3296 tam
1197 3234 1395 3316 presentium
1426 3253 1523 3317 quam
1553 3233 1651 3295 etiam
1673 3232 1855 3296 futurorum

203 3361 358 3424 persona,
386 3336 401 3420 Ξ
429 3336 567 3422 qualiter
595 3359 653 3420 per
681 3337 897 3400 interventum
919 3334 1115 3399 venerabilis
1139 3347 1171 3399 et
1195 3335 1303 3399 dilecti
1328 3335 1419 3399 ducis
1442 3336 1544 3400 nostri
1567 3333 1733 3398 Partholdi
1761 3359 1855 3422 quas-

202 3443 278 3506 dam
305 3465 358 3506 res
386 3443 593 3526 proprietatis
622 3450 753 3503 nostrae
783 3441 816 3502 in
840 3436 1028 3502 Carantana
1056 3441 1188 3523 regione
1218 3441 1298 3502 sitas
1329 3437 1389 3502 sub
1419 3440 1574 3522 regimine
1600 3438 1771 3503 Vucrianti
1795 3461 1854 3524 pro

201 3545 344 3611 remedio
370 3547 497 3608 animae
519 3554 649 3609 nostrae
674 3543 741 3608 ad*
763 3543 896 3607 domum
912 3542 963 3606 dei
980 3563 1063 3627 quae
1080 3555 1129 3607 est
1144 3552 1333 3607 constructa
1350 3545 1384 3605 in
1399 3542 1521 3606 honore
1537 3541 1654 3607 beatae
1670 3552 1702 3605 et
1721 3552 1854 3606 sanctae

202 3650 253 3714 dei
276 3651 441 3734 genitricis
467 3649 601 3729 Mariae,
625 3647 680 3711 ubi
710 3646 908 3712 Gotebertus
932 3647 1186 3732 chorepiscopus
1210 3669 1338 3731 preesse
1363 3645 1553 3729 dinoscitur,
1576 3648 1610 3710 in
1633 3646 1707 3711 loco
1724 3647 1856 3712 Budist-

150 3771 183 3818 ‘25
203 3755 280 3819 dors
304 3756 489 3832 nominato,
521 3752 554 3816 id
584 3761 633 3815 est
661 3751 783 3815 hobam
812 3774 910 3816 unam
939 3750 1168 3815 dominicalem
1191 3773 1294 3835 prope
1316 3760 1348 3814 et
1371 3735 1531 3834 oportune
1555 3750 1665 3816 domui
1689 3752 1741 3815 dei
1766 3752 1854 3817 adia-

202 3869 329 3922 centem
344 3880 419 3922 cum
435 3857 607 3941 mancipiis
631 3857 664 3919 in
687 3839 801 3918 eadem
824 3854 912 3918 hoba
934 3865 1011 3918 tunc
1035 3853 1114 3918 inibi
1137 3854 1355 3936 manentibus,
1377 3857 1509 3919 nomine
1525 3854 1653 3936 Budist,
1676 3855 1854 3940 Namdrag,

202 3960 378 4042 Zuucvuel,
399 3959 542 4042 Butigoi,
558 3957 769 4041 Dobroncga,
793 3959 869 4022 item
884 3957 1096 4042 Dobronega,
1121 3957 1298 4023 Gneouuas
1310 3957 1334 4040 l,
1358 3970 1479 4023 etcum
1495 3958 1567 4022 aliis
1583 3961 1755 4044 mancipiis
1771 3982 1856 4044 quae

202 4065 242 4129 de
265 4075 376 4128 nostro
403 4063 507 4127 fiscali
539 4073 629 4126 curte
660 4064 693 4126 in
723 4070 918 4146 potestatem
949 4063 1050 4146 ipsius
1080 4061 1220 4125 domus⁰
1249 4061 1300 4125 dei
1335 4064 1511 4147 coniugata
1545 4063 1689 4143 filerunt,
1724 4065 1854 4127 nomine

201 4168 395 4249 Zernibond,
419 4167 569 4247 Zcorazt,
594 4164 763 4229 curtilibus
785 4163 867 4228 locis
891 4164 1027 4228 edificiis
1051 4167 1137 4248 agris
1161 4167 1263 4248 pratis
1287 4167 1419 4250 pascuis
1442 4165 1583 4230 arbustis
1607 4167 1667 4229 viis
1698 4178 1730 4230 ct
1757 4168 1854 4231 inviis

152 4297 185 4343 30
204 4274 337 4359 quesitis
353 4280 385 4333 et
403 4268 613 4354 inquirendis,
638 4277 669 4332 et
692 4290 766 4331 cum
790 4269 876 4331 omni
900 4269 1083 4350 integritate
1106 4266 1149 4330 ad
1171 4267 1308 4332 eandem
1330 4267 1451 4331 hobam
1475 4270 1542 4332 iure
1566 4269 1802 4352 pcrtinentibus
1821 4272 1853 4334 in

200 4377 432 4461 proprietatem
462 4383 652 4458 perpetuam
682 4369 874 4434 tradidimus
904 4379 936 4433 et
962 4369 1236 4436 confirmavimus.
1281 4371 1326 4435 Et
1347 4382 1383 4434 ut
1405 4371 1467 4434 hoc
1491 4382 1680 4456 preceptum
1703 4372 1854 4438 fidelibus

200 4481 320 4544 nostris
342 4479 451 4542 verius
474 4475 685 4555 adcredatur,
716 4496 814 4537 manu
835 4483 949 4537 nostra
972 4473 1086 4537 subtus
1110 4496 1182 4538 eam
1205 4472 1478 4538 confimavimus‘1
1502 4474 1653 4559 anulique
1676 4477 1779 4538 nostri
1807 4478 1854 4539 in-

201 4585 368 4667 pressione
393 4580 527 4665 sigillari
556 4581 719 4642 iussimus.

303 4743 318 4824 ξ
340 4735 476 4820 Signum
500 4735 610 4799 domni
635 4732 765 4796 Ottonis
790 4731 854 4812 (M.)
879 4731 1081 4795 invictissimi
1105 4733 1238 4818 regist

150 4885 182 4932 35
302 4859 428 4942 {Brun
451 4855 665 4920 cancellarius
689 4853 837 4916 advicem
861 4850 988 4915 Herolti
1011 4853 1287 4938 archicappellani
1310 4855 1496 4936 recognovi.
1520 4856 1533 4937 ξ
1556 4855 1612 4932 (SI.
1637 4855 1687 4932 D.)
1768 4857 1851 4936 (SR.)

302 5041 392 5105 Data
411 5059 446 5105 11.
463 5062 539 5103 non.
556 5039 635 5102 iunii
655 5059 740 5100 anno
760 5036 922 5119 domich
943 5038 1178 5104 incarnationis
1202 5051 1394 5117 Dccccxnv,
1417 5036 1594 5100 indictione
1622 5015 1673 5118 nl,
1697 5046 1852 5118 regnante

201 5145 322 5210 Ottonc
344 5146 492 5230 piissimo
516 5165 591 5227 rege
615 5164 701 5206 anno
727 5158 820 5221 vm13
843 5150 952 5204 actum
975 5139 1176 5222 Talehum03
1199 5141 1231 5203 in
1255 5139 1386 5204 domino
1411 5161 1516 5203 amen.

301 5348 343 5402 ot.
372 5348 466 5417 [Foltz]
571 5349 598 5409 a)
618 5347 651 5410 0,
667 5346 738 5410 fehlt
755 5351 784 5397 tn
800 5347 852 5398 AB
955 5346 984 5408 b)
1002 5347 1037 5408 B,
1057 5352 1210 5412 nuncupato
1228 5345 1279 5396 AO
1370 5350 1394 5406 c)
1414 5345 1473 5406 AC,
1491 5345 1561 5409 selu
1580 5349 1609 5395 ὄπ
1626 5345 1653 5396 Β
1749 5346 1777 5408 d)
1796 5345 1853 5406 Bc,

150 5488 184 5534 ⁴0
372 5420 480 5538 {ringer
498 5425 525 5469 et
542 5419 664 5468 iubemus
679 5416 750 5479 scldt
768 5416 836 5467 sna
937 5418 962 5477 a)
981 5415 1038 5479 Bc,
1056 5416 1203 5509 propriaA
1298 5414 1510 5477 cumliaco
1604 5419 1632 5481 g)
1650 5417 1853 5481 recognovimus

305 5606 347 5660 ⁸7.
376 5605 486 5675 [Ublira]
586 5611 612 5669 a)
630 5608 664 5657 ad
682 5607 736 5670 aas
746 5607 835 5658 Ram
932 5610 961 5671 b)
980 5625 1049 5676 nega
1066 5609 1209 5660 Gncouuas
1230 5607 1291 5657 r'r'trer
1307 5606 1356 5658 aar
1372 5606 1443 5657 Zes'lc
1459 5605 1647 5670 mtqaraqen
1749 5607 1775 5670 c)
1793 5605 1853 5656 dom

371 5677 434 5727 fiber
450 5675 579 5726 dubito
596 5676 782 5741 naehpotraqcn
871 5677 898 5738 d)
917 5677 941 5728 A
1046 5682 1071 5741 c)
1090 5694 1134 5727 um
1152 5679 1244 5742 corrig.
1262 5693 1310 5726 cm
1328 5679 1388 5728 eim.

1588 5777 1646 5836 19*
