4530 6434
334 421 338 428 '
428 403 493 470 544
828 445 829 448 ¹
1024 411 1474 470 KAISERURKUNDEN.

431 601 542 657 sancte
570 591 740 656 Trinitatis
770 591 902 656 baberet
931 601 962 656 et
991 601 1115 656 teneret
1141 601 1173 656 et
1195 592 1380 677 possideret
1401 592 1538 658 firmiter
1559 603 1591 656 et
1614 615 1728 658 secure
1750 616 1770 657 a
1792 603 1886 680 parte
1912 591 2088 678 Opteranri

430 707 463 762 et
480 697 520 761 de
540 696 606 760 suis
624 694 808 760 heredibus.
843 695 886 759 Et
905 696 1008 759 erexit
1031 718 1066 761 se
1089 695 1228 759 domnus
1251 695 1429 760 Pandulfus
1452 695 1598 762 marchio
1623 705 1655 761 et
1677 696 1746 762 dux
1769 706 1800 761 et
1823 699 1915 761 misit
1937 695 2089 761 bandum

430 824 451 865 a
479 809 571 886 parte
604 800 714 864 domni
748 800 953 882 imperatoris
961 849 969 880 ,
1004 801 1030 863 si
1061 796 1258 884 Opteramus
1288 807 1321 862 et
1351 800 1399 862 sui
1431 798 1565 863 heredes
1600 799 1718 864 exinde
1753 799 1939 864 disvestirct
1976 800 2089 884 ipsum

429 905 677 984 monasterium,
702 912 738 966 ut
760 911 971 985 componeret
994 911 1122 966 centum
1145 899 1246 965 libras
1271 901 1310 966 de
1335 923 1431 982 auro,
1462 900 1670 966 medietatem
1693 923 1822 966 camere
1845 901 1961 966 domni
1985 903 2089 986 impe-

428 1009 545 1072 ratorie
574 1015 606 1070 et
635 1005 844 1070 medietatem
874 1007 1095 1091 suprascripto
1125 1006 1325 1070 monasterio
1361 1014 1472 1069 sancte
1506 1004 1685 1070 Trinitatis.
1737 1005 1781 1069 Et
1808 1005 1937 1070 finitum
1969 1013 2021 1068 est
2052 1005 2121 1068 ina

428 1111 566 1174 istorum
594 1110 736 1174 omnium
766 1110 1062 1194 suprascriptorum
1090 1109 1264 1192 presentia.
1310 1106 1418 1188 Quam
1440 1116 1473 1172 et
1495 1129 1555 1192 ego
1579 1107 1675 1192 Lupo
1700 1107 1853 1172 scabinus
1877 1117 1910 1171 et
1932 1109 2086 1172 notarius

428 1212 473 1277 ibi
496 1213 543 1277 fui
566 1223 662 1277 etex
686 1213 774 1277 dicto
799 1211 910 1276 domni
939 1213 1145 1298 imperatoris
1174 1220 1207 1275 et
1236 1212 1449 1296 suprascripti
1479 1209 1570 1275 ducis
1594 1220 1625 1275 et
1648 1211 1845 1276 marchionis
1870 1221 1902 1274 et
1925 1233 1970 1300 err
1994 1210 2085 1274 dicto

428 1315 468 1380 de
492 1317 721 1401 suprascriptis
745 1315 908 1400 episcopis
925 1315 1012 1380 etde
1034 1315 1209 1380 comitibus
1233 1325 1264 1379 et
1287 1314 1449 1379 iudicibus
1473 1324 1504 1378 et
1526 1313 1622 1379 bonis
1644 1313 1829 1379 hominibus
1853 1315 1972 1399 scripsi
1997 1313 2085 1377 hanc

427 1421 580 1484 notitiam
602 1418 736 1483 iudicati
760 1415 801 1481 ab
825 1419 1051 1484 incarnatione
1076 1418 1198 1483 domini
1221 1420 1323 1483 nostri
1345 1419 1422 1482 Iesu
1441 1416 1560 1482 Christi
1584 1441 1670 1482 anno
1695 1433 1888 1498 nccccnxx,
1912 1439 2002 1482 anno
2026 1419 2085 1481 im-

429 1525 511 1609 perii
540 1523 650 1587 domni
679 1522 885 1607 imperatoris
909 1520 1040 1586 Ottonis
1070 1523 1267 1586 serenissimi
1291 1523 1419 1606 augusti
1444 1539 1521 1585 v1111
1548 1531 1580 1585 et
1604 1519 1736 1586 Ottonis
1757 1520 1814 1584 filii
1841 1523 1912 1586 eius
1941 1522 2084 1606 impera·
2104 1539 2134 1584 ro

431 1627 511 1690 toris
534 1647 620 1690 anno
643 1625 770 1708 imperii
794 1626 862 1688 eius
882 1641 931 1705 111,
955 1647 1067 1689 mense
1091 1625 1275 1708 septembr,
1300 1625 1476 1690 indictione
1496 1641 1590 1704 xnn;
1613 1633 1723 1686 aetum
1743 1625 1775 1686 in
1790 1623 1910 1704 Marsi3
1933 1621 2083 1686 feliciter.

534 1760 670 1845 Signum
685 1783 801 1825 manus
824 1758 893 1842 (ψ
915 1761 1027 1825 Eneca
1049 1762 1177 1826 comitis
1194 1761 1307 1847 palatii
1327 1764 1380 1848 qui
1396 1761 1442 1826 ibi
1459 1761 1531 1826 fuit.
1571 1760 1616 1842 (†)
1633 1761 1706 1845 Ego
1721 1760 1882 1825 Beraldus
1898 1783 2012 1825 comes
2029 1763 2084 1846 qui

430 1863 476 1927 ibi
499 1864 570 1928 fuit.
622 1863 667 1946 (l)
692 1863 828 1948 Signum
850 1885 966 1928 manus
989 1864 1076 1928 Petri
1100 1867 1228 1930 comitis
1252 1867 1306 1950 qui
1335 1864 1380 1930 ibi
1409 1865 1479 1930 fuit.
1533 1864 1578 1946 (†)
1603 1863 1740 1948 Signum
1761 1886 1878 1930 manus
1902 1863 2003 1929 Dado
2028 1865 2084 1951 qui

431 1968 475 2032 ibi
498 1969 569 2033 fuit.
623 1968 668 2050 (†)
692 1969 764 2054 Ego
788 1967 963 2033 Anselmus
987 1991 1097 2033 comes
1119 1968 1165 2034 ibi
1187 1969 1244 2033 fui.
1700 2005 1701 2008 κ

1214 2208 1300 2283 tot).
2103 2243 2132 2290 ra

431 2363 480 2434 In
506 2362 753 2436 Ancoescnhcit
786 2361 883 2437 Ottos
916 2361 995 2434 read
1026 2376 1132 2436 canter
1158 2363 1293 2438 Voraitz
1319 2365 1378 2438 des
1405 2365 1645 2463 Psolzprofcn
1682 2363 1804 2440 Otbert
1828 2365 1976 2437 werden
2005 2365 2081 2437 dem

432 2483 522 2555 Abte
549 2482 608 2556 des
642 2479 680 2557 S.
707 2483 968 2556 Florolrlosters
995 2509 1040 2554 zu
1066 2486 1201 2558 Arezzo
1230 2485 1304 2582 uvas
1332 2484 1466 2560 &aad
1491 2487 1589 2558 cicer
1622 2487 1672 2558 im
1698 2485 1976 2582 Konipspericbt
2000 2511 2083 2557 vor-

430 2603 587 2700 peleptca
614 2599 1008 2700 Sobenkonpsurlconde
1035 2604 1115 2676 aad
1140 2605 1261 2678 indam
1289 2605 1354 2677 der
1380 2604 1549 2704 Bellopte
1576 2605 1756 2702 liedulfus
1783 2605 1858 2703 auf
1871 2605 1985 2702 jadera
2005 2607 2082 2676 An.-

432 2723 562 2818 spruob
594 2723 792 2814 ocrzielztet,
827 2723 885 2796 die
918 2750 990 2797 von
1024 2725 1104 2799 dem
1130 2727 1220 2798 Abte
1253 2727 1294 2799 in
1327 2727 1520 2822 Ansprraob
1549 2750 1806 2823 penommencn
1840 2724 2082 2822 Besitzuapen

433 2842 545 2916 durch
572 2843 707 2916 Urtteit
732 2843 940 2917 zuerkuuut
1589 2863 1715 2924 cerussa
1737 2847 1799 2924 970
1822 2865 1987 2922 November
2008 2868 2039 2922 3.
2101 2877 2133 2922 ao

538 3048 817 3132 Oriyinobtlam'tum
841 3053 882 3108 tm
907 3051 1121 3124 Cupitelarcltiv
1142 3072 1183 3110 eu
1205 3051 1319 3112 Areceo
1342 3051 1402 3130 (A).

535 3187 688 3246 dlaraton'
710 3187 781 3246 Ant.
805 3189 870 3246 Eat.
894 3193 924 3258 1,
948 3193 1012 3248 147
1033 3207 1089 3248 aas
1113 3189 1142 3248 A
1165 3213 1204 3242 =
1224 3189 1304 3261 Orip.
1324 3188 1425 3259 dacels.
1451 3194 1480 3260 1,
1503 3193 1564 3248 291
1589 3195 1624 3246 n⁰
1639 3192 1689 3248 32.
1713 3223 1757 3231 —
1779 3189 1908 3261 Stamps
1919 3191 1993 3261 Rea.
2011 3192 2082 3249 494.

536 3326 622 3385 Noch
651 3325 918 3398 louqebardtscbem
946 3327 1110 3386 Formalor
1139 3327 1266 3399 versasst
1295 3323 1361 3386 aad
1388 3329 1441 3385 mit
1470 3326 1687 3399 dereliquimus
1716 3326 1947 3398 eipenhdmlipen
1978 3327 2083 3385 Ualer-

535 3429 679 3500 schrtsten
704 3431 847 3488 veracites.

539 3616 622 3695 (ST.)
646 3615 735 3680 Dum
763 3617 795 3680 in
826 3617 877 3682 dei
906 3627 1050 3684 nomen'*
1079 3617 1171 3682 locus
1201 3640 1263 3702 que
1293 3616 1411 3681 dicitur
1434 3615 1547 3680 Classe
1571 3618 1604 3682 in
1627 3627 1713 3682 terra
1736 3615 1880 3680 Alberiei
1903 3615 1972 3680 filio
1997 3615 2082 3680 bone
2100 3633 2131 3678 as

435 3718 588 3780 memorie
612 3716 731 3801 Aigoni
754 3721 786 3782 in
811 3720 880 3784 sala
904 3720 959 3784 ubi
984 3721 1122 3785 domnus
1146 3722 1349 3805 imperatoris
1373 3729 1510 3805 preerat,
1534 3719 1702 3783 residisset
1723 3720 1757 3782 in
1778 3719 1899 3783 iudicio
1925 3718 2083 3785 Otbcrtus

434 3819 579 3884 marchio
598 3828 631 3883 et
648 3843 757 3884 comes
774 3822 896 3905 palatio
920 3822 964 3886 ad
987 3824 1188 3908 singulorum
1211 3823 1378 3888 hominum
1400 3825 1541 3888 iustitias
1563 3823 1731 3888 faciendas
1755 3822 1817 3888 hac
1841 3822 2082 3905 deliberandas,

434 3923 695 3988 resederntibusl’
723 3947 797 3988 cum
826 3936 890 3990 00⁶
918 3926 1083 3992 Siefredus
1113 3929 1167 4013 qui
1198 3925 1253 3991 ctd
1284 3926 1379 3992 Sicco
1403 3936 1555 4008 vocatur,
1588 3929 1705 3990 missus
1729 3925 1839 3990 domni
1864 3927 2082 4010 imperatoris,

435 4025 647 4111 Teutpaldus,
672 4025 928 4111 Ghiseprandus,
953 4029 1092 4110 Benitio,
1116 4029 1310 4112 Abistulfus,
1334 4029 1439 4111 Ebbo,
1464 4029 1746 4115 AngualmunduS,
1769 4030 1913 4112 Bonitio,
1937 4030 2083 4115 Atriper-

435 4140 497 4211 tus,
522 4128 692 4211 Martinus,
715 4130 851 4194 Rofinus
875 4130 1037 4196 iudicibus
1061 4134 1145 4196 sacri
1168 4132 1292 4218 palatii,
1321 4133 1492 4197 Mainardo
1516 4133 1583 4198 filio
1606 4133 1693 4197 bone
1716 4134 1871 4196 memorie
1892 4132 2081 4214 Uualcheri,
2101 4147 2131 4194 ao

436 4234 523 4298 Boso
547 4243 579 4296 et
601 4233 776 4298 Uualoheri
800 4244 832 4299 et
851 4234 953 4299 Griffo
976 4245 1009 4298 et
1030 4236 1146 4299 Teutio
1171 4237 1326 4319 germani,
1350 4235 1407 4300 filii
1430 4236 1516 4300 bone
1539 4236 1693 4300 memorie
1708 4234 1895 4316 Uualcheri,
1920 4235 2083 4301 Tetbaldo

435 4335 502 4399 filio
526 4335 611 4400 bone
634 4337 789 4399 memorie
811 4336 972 4418 Tetbaldi,
996 4335 1197 4420 Ildibrando,
1220 4337 1372 4420 Rodulfo,
1397 4337 1564 4403 Alberidio
1581 4349 1613 4402 et
1629 4337 1718 4403 Saxo
1735 4341 1890 4422 germani,
1915 4339 1972 4403 filii
1997 4339 2083 4403 bone

436 4439 588 4502 memorie
612 4436 803 4521 Ildibrandi,
826 4439 912 4504 Urso
936 4440 1002 4504 filio
1027 4439 1113 4505 bone
1136 4443 1289 4505 memorie
1313 4440 1452 4506 Griffoni
1475 4452 1508 4506 et
1529 4441 1642 4528 reliqui
1668 4441 1785 4526 plures.
1825 4441 1947 4527 ,Ibique
1970 4463 2084 4506 eorum

435 4543 568 4606 veniens
592 4545 757 4626 presentia
777 4542 892 4606 Petrus
915 4541 1019 4606 abbas
1044 4542 1083 4607 de
1106 4543 1227 4608 eclesia
1249 4553 1281 4608 et
1304 4545 1499 4609 monasterio
1530 4544 1627 4609 beate
1657 4554 1769 4608 sancte
1792 4544 1889 4608 Floro
1919 4566 1985 4608 una
2009 4566 2084 4608 curn

436 4645 574 4710 Arnulfo
598 4646 698 4711 iudex
721 4656 752 4710 ct
774 4656 914 4711 avocato
939 4669 997 4711 suo
1021 4656 1053 4710 et
1075 4646 1219 4711 eiusdem
1242 4649 1430 4712 monasterii
1454 4657 1486 4711 et
1509 4646 1719 4712 ostenderunt
1741 4646 1786 4711 ibi
1810 4648 1842 4710 in
1866 4647 1981 4712 eodem
2001 4648 2083 4712 iudi·
2101 4671 2132 4716 aa

437 4751 488 4814 cio
512 4752 677 4815 monimen
700 4749 824 4815 unaml'
852 4753 884 4814 in
909 4774 974 4837 qua
998 4749 1224 4818 continebatur
1245 4752 1278 4814 in
1301 4773 1341 4814 ea
1363 4750 1404 4814 ab
1430 4749 1590 4832 ordinem,
1622 4751 1706 4814 sieut
1734 4749 1785 4814 hic
1810 4758 1922 4834 supter
1948 4750 2082 4835 legitur:

437 4870 468 4918 In
491 4864 610 4919 nornen⁸
637 4868 737 4918 domini
764 4870 848 4918 nostri
870 4869 931 4918 Iesu
955 4869 1062 4919 Christi.
1106 4869 1186 4934 Hugo
1209 4885 1255 4920 rex
1278 4885 1348 4919 anno
1371 4870 1444 4935 regni
1468 4870 1525 4918 eius
1548 4874 1643 4934 quarto
1666 4869 1782 4930 decimo,
1805 4883 1855 4918 seo
1878 4874 1905 4918 et
1928 4869 2084 4919 Lottbarius

437 4971 534 5022 dilecto
556 4971 612 5022 filio
635 4973 692 5023 eius
716 4988 786 5022 anno
808 4974 882 5038 regni
906 4975 963 5023 eius
986 4974 1103 5036 decimo,
1129 4990 1219 5024 manse
1241 4973 1352 5038 aprelis,
1376 4972 1520 5022 indictione
1543 4977 1638 5037 quartu
1659 4972 1769 5022 decima.
1856 4973 2001 5022 Manifestu
2026 4989 2083 5022 auru

438 5090 486 5140 ego
502 5076 647 5126 Unillelmo
669 5077 805 5139 diaconus,
829 5076 884 5127 tilio
907 5078 1040 5142 quondam
1062 5079 1155 5142 Aritio,
1179 5079 1243 5144 quia
1265 5079 1328 5128 dum
1346 5079 1424 5128 horno
1440 5079 1543 5139 vixerit,
1568 5093 1670 5142 semper
1693 5077 1772 5127 debet
1794 5077 1892 5126 coitate
1915 5083 1954 5140 ut,
1977 5078 2084 5142 quando

436 5163 550 5229 animol’
574 5180 605 5229 de
629 5195 737 5244 corpore
760 5181 861 5242 exierit,
885 5196 943 5230 com
965 5197 1032 5245 puro
1056 5182 1134 5232 eorde
1157 5187 1182 5231 ot
1205 5181 1304 5231 munda
1325 5181 1429 5242 aientia,
1452 5186 1482 5230 ut
1503 5183 1588 5245 possit
1610 5182 1731 5231 resistere
1754 5187 1815 5236 ante
1837 5180 1938 5230 domini
1962 5183 2083 5230 maiesta-
2101 5183 2134 5230 40
2246 5235 2249 5242 ‚

438 5287 504 5344 tem,
533 5284 597 5348 quia
619 5299 688 5333 mors
711 5289 737 5332 ct
760 5285 816 5333 vita
837 5285 864 5332 in
888 5299 967 5334 manu
991 5285 1033 5334 dei
1056 5291 1109 5348 est3
1141 5285 1218 5335 modo
1241 5301 1303 5335 varo
1326 5301 1373 5349 per
1395 5285 1466 5333 hune
1495 5286 1622 5348 scriptum
1651 5284 1768 5334 iudicato
1791 5289 1817 5333 et
1840 5300 1897 5333 meo
1924 5290 2083 5334 testamento

436 5385 512 5436 trado
540 5386 630 5436 iudico
656 5402 703 5451 pro
733 5389 827 5437 mercis
856 5393 882 5437 et
911 5388 1026 5438 remedio
1056 5391 1143 5438 anime
1167 5405 1223 5439 mee
1247 5389 1296 5438 tibi
1319 5389 1396 5439 beate
1419 5392 1510 5438 sancte
1532 5387 1611 5437 Flore
1634 5402 1697 5436 casa
1719 5393 1745 5436 et
1767 5403 1808 5436 res
1831 5385 1878 5435 illa
1901 5388 1929 5435 in
1952 5389 2084 5452 integmnr

524 5525 583 5579 ³00.
609 5525 637 5594 h)
656 5526 724 5577 tna
744 5528 777 5576 or
794 5529 812 5590 †
828 5526 891 5577 liber
908 5529 996 5578 Eneca
1013 5527 1207 5592 catumeum

525 5611 582 5668 too.
611 5610 718 5680 [Sinkel]
824 5614 850 5680 a)
869 5612 972 5664 noffrA
1076 5614 1145 5676 b)A
1250 5615 1274 5680 c)
1294 5617 1389 5664 carneo
1408 5613 1431 5664 A
1529 5615 1556 5678 d)
1575 5630 1603 5663 eo
1620 5611 1769 5663 andeutlich
1786 5611 1848 5662 daei
1866 5617 1931 5662 etwa
1948 5611 2015 5662 arach
2033 5628 2084 5678 qne

610 5681 672 5732 oder
689 5687 752 5747 quet
766 5682 866 5747 poleam
883 5683 985 5734 warde·
1004 5683 1105 5735 atauo.
2101 5677 2134 5726 4⁵
