4560 6426
857 405 1087 462 HEINRICH
1111 407 1135 460 I.
1159 403 1231 462 927.
1826 402 1865 464 bl

323 586 487 659 Okrismon,
512 589 558 646 die
579 591 651 646 zuei
672 594 767 648 ersten
790 591 887 650 Worte
908 591 972 648 aad
995 591 1055 651 SR.
1080 611 1135 650 aron
1159 592 1270 661 Simon,
1294 591 1364 650 olus
1386 593 1489 664 ebriqe
1511 610 1565 650 uon
1582 592 1642 652 ΕΒ.
1658 594 1733 651 nacla
1749 593 1867 652 Simuos

324 691 447 766 Concept
470 694 660 766 yescbriebm.

324 881 383 959 (C.)
406 880 421 966 Ξ
442 880 481 943 In
509 882 640 945 nomine
670 889 803 944 sanctae
833 889 866 943 et
893 878 1081 944 individuae
1111 881 1275 944 trinitatis.
1314 881 1488 944 Heinrieus
1510 879 1623 944 divina
1652 883 1782 947 favente
1805 883 1869 947 cle-

218 991 353 1046 mentaa
374 1006 443 1049 rex.
531 984 690 1048 Noverint
712 984 811 1067 igitur
834 1006 945 1047 omnes
968 982 1081 1048 fideles
1105 985 1208 1048 nostri
1230 992 1398 1068 presentes
1421 981 1435 1066 Ξ
1457 983 1582 1048 scilicet
1604 995 1635 1049 et
1659 985 1768 1069 futuri,
1793 987 1869 1073 quia

184 1100 279 1149 snos
302 1087 487 1150 interventu
508 1087 615 1151 fidelis
638 1087 813 1173 dilectique
837 1089 965 1152 comitis
988 1111 1028 1150 ac
1051 1089 1224 1174 propinqui
1248 1089 1350 1151 nostri
1374 1087 1508 1152 Henriei
1539 1087 1669 1154 cuidam
1691 1090 1868 1154 venerandi

220 1187 314 1252 ducis
336 1190 438 1253 nostri
461 1189 588 1255 Arnolfi
611 1190 755 1255 vassallo
778 1191 916 1275 Kerung
943 1200 1132 1276 nuncupato
1162 1191 1324 1276 quendam
1353 1192 1475 1276 proprii
1506 1193 1586 1256 iuris
1613 1195 1717 1258 nostri
1741 1215 1870 1257 servum

219 1292 337 1376 Noppo
361 1302 584 1378 nuncupatum
607 1297 640 1358 in
663 1303 854 1379 perpetuam
878 1297 1111 1380 proprietatem
1136 1295 1339 1358 donavimus.
1377 1294 1536 1359 Iussimus
1553 1318 1681 1382 quoque
1696 1295 1759 1362 hoc
1778 1318 1870 1382 prae-

219 1406 349 1479 ceptmn
366 1397 441 1461 inde
457 1396 619 1462 conscribi
637 1421 695 1483 per
710 1398 799 1486 quod
813 1398 964 1463 volumus
980 1399 1177 1484 firmiterque
1194 1398 1352 1480 iubemus,
1376 1407 1537 1483 quatenus
1552 1400 1720 1484 praefatus
1735 1400 1871 1483 Kerung

219 1499 261 1562 ab
285 1498 443 1564 hodierna
467 1502 519 1566 die
542 1524 582 1566 ac
605 1502 761 1586 deinceps
784 1501 824 1565 de
848 1502 1016 1587 praedicto
1041 1526 1136 1568 servo
1152 1505 1313 1588 Noppone
1336 1502 1533 1567 liberrimam
1549 1514 1660 1568 teneat
1674 1513 1871 1589 potestatem

171 1617 202 1662 lo
219 1602 360 1667 habendi
386 1604 529 1669 donandi
555 1606 716 1670 vendendi
741 1605 963 1670 commutandi
986 1606 1038 1670 vel
1062 1608 1218 1692 quicquid
1241 1607 1302 1670 sibi
1326 1606 1457 1671 libuerit
1480 1608 1631 1672 faciendi.
1666 1608 1710 1672 Et
1725 1606 1786 1672 utb
1809 1609 1871 1672 lroc

220 1719 350 1771 nostrae
373 1707 556 1792 largitionis
579 1720 790 1796 praeceptum
813 1711 940 1774 firmum
965 1711 1146 1796 stabileque
1170 1721 1369 1796 permaneat,
1396 1733 1495 1775 manu
1519 1722 1630 1778 nostra
1654 1713 1768 1777 subtus
1791 1712 1871 1777 illud

220 1811 420 1874 firmavimus
443 1821 476 1875 et
499 1813 606 1897 sigillo
630 1824 741 1878 nostro
765 1815 912 1898 insigniri
935 1815 1099 1878 iussimus.

292 2033 294 2036 Ι
322 1954 336 2034 Ξ
358 1949 494 2034 Signum
518 1951 627 2016 domni
651 1952 797 2016 Heinrici
823 1953 888 2032 (Μ.)
914 1954 1111 2018 serenissimi
1133 1955 1230 2038 regis.
1253 1956 1267 2039 Ξ

322 2056 337 2138 Ξ
358 2052 471 2119 Simon
485 2058 633 2121 notarius
649 2057 797 2121 advicem
815 2056 964 2141 Herigeri
982 2056 1280 2142 archicappellanic
1295 2058 1471 2141 recognovi
1488 2065 1520 2120 et
1534 2058 1548 2143 Ξ
1565 2059 1634 2138 (SR.
1650 2059 1728 2138 NN.)
1754 2061 1810 2138 (SI.
1829 2059 1871 2137 2.)

171 2219 202 2264 15
323 2192 413 2256 Data
436 2211 492 2258 nu.
516 2194 583 2258 kal.
608 2217 682 2260 nov.
706 2217 792 2259 auno
816 2197 1051 2260 incarnationis
1074 2195 1196 2261 domini
1221 2211 1448 2277 occcexxvu,
1472 2195 1583 2260 indict.
1608 2214 1630 2278 1,
1653 2218 1739 2259 anno
1764 2205 1873 2259 autem

221 2297 311 2380 regni
335 2296 469 2360 Hemici
492 2299 579 2382 regis
603 2316 682 2379 vm,
706 2308 815 2363 actum
840 2298 973 2382 dalcae,
997 2302 1029 2363 in
1054 2300 1105 2363 dei
1129 2301 1259 2363 nomine
1282 2299 1421 2364 feliciter
1444 2322 1550 2364 amen.

1022 2527 1080 2602 15.
1133 2581 1143 2600 .

220 2676 394 2749 Heiruicb
414 2677 573 2775 bestotipt
591 2677 669 2750 dem
684 2677 828 2749 Klostcr
845 2678 1022 2774 Is'empree
1041 2680 1107 2751 dos
1132 2679 1461 2777 Woblprioilepimn
1488 2680 1568 2752 und
1584 2680 1718 2752 avortere
1741 2679 1871 2754 Gnost-

222 2797 334 2893 b'l'life
352 2797 468 2869 semel*
490 2797 709 2894 meir'nqor.
1383 2838 1492 2894 liuius
1514 2842 1579 2896 927
1600 2837 1756 2895 December
1777 2843 1828 2896 27

169 3047 203 3092 20
322 3023 500 3097 Copiolbucb
522 3043 577 3082 arou
601 3025 746 3097 Keirpara
769 3043 826 3082 uas
849 3025 913 3082 dem
936 3025 1022 3084 Faue
1044 3026 1094 3082 des
1117 3030 1166 3084 11.
1193 3025 1245 3084 ch
1270 3025 1293 3096 s.
1319 3031 1338 3084 9
1368 3028 1409 3083 im
1438 3027 1465 3083 lc
1490 3026 1697 3084 Reiclrsurclu'o
1718 3045 1758 3083 au
1781 3027 1875 3083 illitu·

327 3129 396 3186 clron
420 3127 483 3206 (B).

325 3285 408 3342 Mon.
434 3284 526 3342 Boion
549 3289 615 3354 31⁰,
640 3288 704 3343 187
724 3291 758 3341 u⁰
780 3287 821 3344 95
844 3305 901 3345 aras
923 3287 960 3344 B.
987 3320 1025 3328 —
1051 3286 1179 3360 Stauupf
1197 3290 1268 3360 Rep.
1295 3291 1344 3347 18.

323 3441 479 3512 Moplicbst
507 3459 606 3513 pamm
634 3442 709 3499 uurb
737 3441 803 3498 dem
831 3441 870 3499 Ι).
895 3442 1024 3514 Inadwip
1047 3442 1075 3499 (l.
1099 3443 1138 3501 D.
1168 3462 1232 3501 rom
1262 3443 1294 3501 J.
1319 3445 1384 3502 862
1411 3443 1540 3500 Bolrmor
1560 3444 1630 3501 RK.
1655 3445 1715 3500 301
1745 3443 1873 3500 stilisirl.

324 3545 408 3603 Neela
426 3544 597 3618 Abbilrluup
619 3546 669 3602 cles
693 3546 755 3604 SR.
779 3548 821 3602 bu
846 3545 1022 3618 Ccmr'ulburlr
1044 3567 1100 3604 run
1123 3549 1225 3606 Simon
1248 3549 1420 3619 uuuipstcus
1442 3547 1642 3619 riulcrfcrlipt

171 3771 203 3818 25
328 3751 387 3828 (C.)
418 3749 456 3812 ln
484 3751 616 3813 nomine
646 3757 757 3833 sancto
787 3760 820 3812 et
850 3749 1017 3834 individue
1048 3752 1213 3815 trinitatis.
1259 3751 1434 3815 Heinrieus
1464 3751 1575 3814 divina
1608 3750 1739 3814 favente
1771 3753 1877 3835 gratia

220 3877 289 3917 rex.
379 3869 490 3932 Oportet
511 3870 593 3933 igitur
615 3884 664 3917 nos
686 3869 732 3932 qui
756 3867 846 3916 divino
869 3885 960 3918 sumus
984 3886 1091 3919 umnere
1114 3888 1130 3918 s
1153 3872 1247 3935 cqteris
1270 3869 1426 3919 mortalibus
1458 3853 1591 3940 prelati,
1625 3871 1683 3918 eius
1706 3871 1733 3918 iu
1756 3871 1878 3919 omuibus

220 3988 312 4037 parere
336 3974 467 4038 preceptis
484 3990 500 4020 s
518 3979 545 4021 et
566 3971 626 4022 loca
643 3989 659 4019 s
677 3972 729 4021 sibi
752 3972 840 4022 dicata
862 3990 909 4037 per
931 3961 1105 4044 petitiones
1128 3975 1245 4024 tidelium
1270 3981 1419 4024 nostrorum
1443 3980 1532 4022 nostro
1554 3972 1671 4023 relevare
1688 3975 1822 4024 iuvamiue
1838 3981 1876 4022 at-

220 4093 271 4141 que
288 4078 369 4142 regali
386 4079 454 4126 tueri
471 4078 623 4138 munimine,
646 4077 772 4140 quoniam
789 4076 815 4125 id
831 4078 909 4126 uobis
924 4083 951 4127 et
966 4079 1000 4126 ad
1022 4064 1235 4148 temporalem
1258 4081 1339 4127 vitam
1363 4085 1518 4148 prospere
1542 4077 1738 4143 transigendum
1760 4084 1787 4126 et
1810 4083 1875 4142 eter-

221 4196 281 4230 nam
297 4182 409 4231 feliciter
425 4180 594 4231 obtinendam
611 4181 777 4245 profuturum
793 4180 895 4246 liquido
914 4181 1053 4232 credimus.
1092 4183 1261 4246 Quapropter
1282 4183 1427 4246 comperiat
1449 4183 1565 4230 omnium
1588 4181 1705 4230 fidelium
1728 4189 1877 4231 nostrorum

171 4298 204 4344 30
222 4288 383 4349 presentium
406 4287 508 4335 scilicet
530 4291 557 4335 et
579 4287 728 4335 futurorum
751 4284 883 4346 sollertia,
917 4284 1031 4348 qualiter
1054 4269 1192 4334 dilectus
1216 4293 1255 4334 ae
1279 4270 1385 4334 fidelis
1408 4270 1476 4334 (lux
1499 4280 1610 4333 noster
1631 4268 1789 4334 Arnolt'us
1813 4287 1879 4335 adiit

223 4390 405 4440 celsitudinem
429 4397 560 4451 nostram,
595 4391 763 4438 innotescens
785 4389 864 4437 nobis
886 4388 957 4452 quod
983 4385 1208 4437 antecessores
1231 4376 1333 4437 nostrl
1361 4389 1487 4438 fratribus
1515 4375 1549 4436 in
1579 4375 1779 4438 monasterio
1808 4390 1878 4454 quod

221 4493 318 4542 dicitur
334 4495 498 4558 Cumpidoua
518 4494 625 4543 domiuo
642 4493 832 4543 famulantibus
849 4493 982 4541 licentiam
998 4476 1189 4541 tribuissent
1204 4508 1235 4541 ex
1252 4492 1305 4541 illis
1324 4494 1388 4556 ipsis
1407 4492 1521 4558 eligendi
1538 4492 1669 4554 abbatem,
1693 4492 1819 4556 quamdiu
1842 4494 1878 4542 ibi

221 4596 298 4646 talem
321 4599 439 4648 invenire
460 4599 596 4662 potuerint
616 4599 662 4662 qui
684 4599 768 4662 ipsam
792 4605 910 4646 sanctam
933 4598 1165 4661 congregationem
1187 4596 1332 4646 secundum
1355 4597 1472 4662 regulam
1489 4599 1574 4645 sancti
1591 4595 1728 4645 [terredicti
1746 4596 1825 4660 (ligne
1842 4613 1879 4644 re-

222 4719 283 4766 gere
306 4703 401 4751 valeat.
438 4703 531 4766 ltaque
554 4719 602 4751 uos
626 4717 723 4751 morem
746 4707 942 4751 autecessorum
961 4707 1110 4751 nostrorum
1135 4707 1274 4764 sequentes
1290 4703 1468 4750 concessimus
1484 4701 1511 4749 in
1527 4699 1645 4764 predicto
1661 4707 1753 4748 sancto
1770 4700 1828 4749 loco
1845 4700 1878 4748 ob

171 4815 203 4861 35
221 4821 335 4856 aurorem
363 4807 462 4856 domini
489 4808 573 4855 nostri
600 4807 661 4854 lesu
688 4805 786 4854 Christi
809 4813 951 4871 nostrqque
976 4795 1103 4855 mercedis
1126 4811 1296 4868 augmentum
1320 4821 1350 4854 ac
1374 4820 1421 4869 pro
1444 4806 1566 4869 coniugis
1589 4803 1776 4867 cautissimeque
1797 4802 1879 4866 prolis

221 4917 309 4975 nostru,¹
330 4910 416 4959 salute
438 4909 535 4959 babere
557 4915 713 4974 potestatem
737 4908 791 4958 illis
814 4909 928 4975 eligendi
952 4911 1089 4970 abbatem,
1113 4909 1135 4958 si
1157 4908 1265 4973 dignum
1289 4908 1396 4958 domino
1419 4908 1565 4957 arixiliante
1588 4908 1657 4955 inter
1678 4905 1739 4954 illos
1760 4907 1880 4955 invenire

221 5016 369 5077 potuerint,
403 5007 436 5062 ct
457 4998 547 5062 illam
570 5008 668 5084 atque
693 5020 820 5062 omnem
844 5000 1089 5062 concessionem
1120 5020 1358 5083 quamcumque
1387 5006 1614 5060 antecessores
1643 4995 1745 5057 nostri
1773 4995 1879 5058 eidem

221 5104 418 5168 monasterio
449 5102 655 5168 contulerunt
685 5103 717 5165 in
748 5104 951 5167 immunitate
981 5103 1158 5167 donatione
1186 5123 1243 5164 seu
1273 5103 1505 5184 cuiuscumque
1537 5099 1722 5162 securitatis
1751 5099 1880 5162 addita-

220 5217 340 5290 mento,
364 5224 433 5271 sicut
455 5222 549 5272 melius
573 5229 600 5272 et
622 5221 727 5286 plonius
750 5206 880 5272 illorum
903 5205 1104 5291 temporibus
1127 5219 1286 5278 habueruut,
1312 5225 1342 5268 ut
1364 5224 1391 5269 ct
1413 5220 1451 5268 ita
1473 5218 1597 5280 deinceps
1621 5217 1737 5266 habeant
1760 5233 1807 5281 per
1829 5217 1879 5266 lroc

169 5333 203 5381 40
220 5329 388 5377 auctoritatis
410 5332 498 5392 nostre
520 5332 672 5392 preceptum
695 5326 800 5390 plenius
823 5328 849 5375 in
871 5326 913 5375 dei
931 5327 1035 5375 nomino
1051 5323 1243 5372 continuatum.
1283 5324 1358 5373 Hanc
1381 5325 1469 5388 itaque
1494 5328 1610 5371 nostram
1633 5324 1828 5385 auctrtritatem,
1850 5329 1881 5371 ut

220 5432 405 5482 inconcussam
428 5437 454 5481 et
476 5431 657 5482 inviolabilem
680 5433 800 5496 optineat
822 5431 984 5492 firmitatem,
1017 5444 1096 5477 mauu
1119 5429 1226 5492 propria
1248 5436 1339 5478 nostra
1360 5429 1451 5477 subter
1473 5410 1738 5476 confirmavimus
1761 5433 1787 5476 et
1809 5426 1882 5475 anuli

219 5538 302 5586 nostri
327 5537 498 5600 impressione
521 5537 656 5601 mssiguare
681 5538 814 5585 iussimus.

326 5710 365 5764 Ι4.
392 5711 499 5778 [stoker]
581 5715 606 5770 a)
625 5709 657 5772 A,
676 5728 742 5761 corr.
760 5728 807 5759 σω
825 5711 954 5760 clemente
1036 5709 1063 5768 b)
1084 5715 1109 5758 et
1128 5715 1158 5758 ut
1175 5709 1328 5773 masliacus
1405 5709 1430 5768 c)
1450 5723 1518 5772 capp
1536 5704 1589 5766 uus
1601 5706 1698 5767 amur,
1716 5705 1814 5768 fiaiber
1831 5722 1876 5770 pn

1628 5795 1667 5856 7*
