4508 6428
414 392 477 458 378
1040 400 1495 460 KAISERURKUNDEN.

413 607 434 649 a
448 586 512 670 piis
535 593 567 648 et
588 583 748 668 religiosis
771 583 850 646 viris
873 579 1033 668 imperiali
1057 581 1254 646 auctoritate
1277 579 1518 662 confirmamus,
1542 579 1586 643 ad
1608 588 1728 646 statum
1749 583 1842 665 regni
1864 579 1976 644 nostri
2003 599 2083 664 pro-

412 689 511 753 ficere
539 687 712 752 credimur.
749 683 891 751 Proinde
922 686 1065 750 omnium
1090 692 1223 750 sanotae
1247 682 1299 748 dei
1323 682 1482 750 ecclesiae
1504 682 1648 749 fidelium
1671 691 1953 770 nostrorumquee
1980 704 2081 768 prae-

413 793 553 857 sentium
575 813 614 856 ac
636 791 820 856 futurorum
848 790 1031 873 comperiat
1062 785 1237 869 industria,
1272 787 1411 874 qualiter
1441 810 1499 873 pro
1530 785 1581 852 dei
1612 809 1724 854 amore
1750 789 1928 872 animeque
1956 795 2078 870 nostre

412 895 554 961 remedio
584 917 645 960 nec
674 916 741 960 non
769 891 922 958 consultu
946 901 978 956 et
1000 894 1184 957 interventu
1213 889 1330 976 dilecte
1356 891 1507 974 coniugis
1527 900 1660 956 nostrae
1683 888 1912 957 Adelehidae‘1
1936 899 1973 954 et
1998 911 2078 954 con-

413 999 508 1063 sortis
531 999 657 1082 imperii
677 998 780 1062 nostri
799 1019 857 1082 per
875 996 959 1060 hanc
976 996 1078 1060 nostri
1098 995 1243 1080 precepti
1262 994 1427 1079 paginam,
1451 1003 1547 1079 prout
1565 995 1647 1059 iuste
1663 1002 1695 1058 et
1710 992 1857 1086 legaliter
1876 1015 2076 1079 possumus,
2096 1011 2113 1056 5

411 1101 641 1165 confirmamus
665 1123 705 1165 ac
727 1098 980 1165 corroboramus
1004 1098 1163 1164 ecclesiae
1187 1107 1300 1181 sancte
1323 1094 1375 1161 dei
1398 1098 1565 1182 genitricis
1581 1106 1614 1164 et
1628 1099 1762 1186 virginis
1777 1097 1882 1182 Marie
1899 1106 1934 1163 et
1950 1104 2073 1179 sancte

408 1203 532 1289 Iustine
563 1226 626 1290 que
655 1213 755 1290 caput
784 1213 834 1269 est
856 1203 1063 1268 Pataviensis
1093 1202 1263 1288 episcopii,
1294 1201 1347 1266 cui
1377 1223 1510 1286 preesse
1531 1199 1661 1266 videtur
1684 1199 1839 1267 Goslinus
1863 1202 2075 1268 venerabilis

409 1308 583 1392 episcopus
606 1316 781 1394 nosterque
798 1305 1030 1372 dilectissimus
1047 1304 1163 1388 fidelis,
1188 1327 1302 1370 omnes
1317 1303 1430 1390 plebes
1447 1304 1599 1370 abbatias
1616 1305 1823 1371 xenodochia
1838 1316 1940 1393 atque
1958 1315 2074 1373 cortes

408 1433 468 1475 nec
499 1433 565 1476 non
594 1409 686 1476 illam
708 1413 936 1478 nominatam⁶
967 1432 1029 1496 que
1055 1407 1196 1474 Saccum
1219 1407 1353 1491 dicitur,
1388 1429 1450 1494 que
1473 1430 1493 1471 a
1516 1430 1704 1493 precessore
1725 1419 1837 1474 nostro
1862 1410 2073 1495 Berengario

408 1513 604 1598 imperatore
633 1523 665 1578 et
687 1513 829 1598 Hugone
857 1533 933 1596 rege
963 1512 1070 1576 eidem
1099 1511 1238 1596 ecclesie
1269 1533 1327 1596 per
1353 1513 1498 1597 precepti
1521 1511 1677 1597 paginam
1700 1511 1778 1577 data
1799 1523 1864 1595 est,
1900 1523 2072 1599 quatenus
2094 1529 2125 1574 10

410 1625 604 1701 pretaxatus
626 1609 775 1703 pontifex
799 1617 913 1703 suique
937 1636 1145 1680 successores
1161 1613 1205 1678 ad
1221 1623 1348 1701 partem
1371 1614 1475 1699 ipsius
1497 1615 1635 1700 ecclesie
1657 1614 1800 1680 habeant
1814 1625 1953 1681 teneant
1969 1615 2073 1680 firmi·

409 1730 521 1805 terque
550 1719 743 1806 possideant
764 1721 798 1785 in
821 1727 1015 1806 perpetuum
1046 1717 1211 1803 predictas
1240 1716 1352 1804 plebes
1376 1715 1528 1782 abbatias
1551 1719 1760 1785 xenodochia
1782 1729 1814 1784 et
1836 1729 1965 1803 cortes,
2001 1743 2072 1784 una

408 1846 484 1898 cum
513 1827 615 1889 servis
644 1833 742 1912 atque
770 1823 897 1888 ancillis
921 1823 1108 1888 aldionibus
1132 1831 1164 1886 et
1186 1822 1326 1890 aldianis
1351 1820 1567 1909 omnibusque
1588 1822 1686 1894 rebus
1710 1847 1771 1910 que
1794 1823 1861 1892 dici
1884 1823 1940 1888 vel
1964 1825 2073 1888 nomi·

409 1929 481 1991 nari
516 1937 655 2013 possunt
689 1926 731 1991 ad
760 1927 922 2014 prefatum
956 1923 1183 2013 episcopiumf
1215 1927 1341 2011 integre
1374 1926 1620 2011 pertinentibus.
1658 1923 1876 1992 Concedimus
1898 1929 2004 1991 etiam
2028 1949 2070 1991 ac

410 2027 571 2116 imperiali
599 2032 795 2096 auctoritate
818 2028 1049 2094 confirmamus
1072 2027 1235 2114 prelibato
1261 2027 1400 2094 Goslino
1424 2031 1579 2115 episcopo
1604 2032 1736 2116 suisque
1759 2029 2009 2095 successoribus
2033 2033 2069 2094 in
2091 2045 2121 2091 15

405 2135 536 2208 ¹cunctis
558 2135 608 2198 sui
631 2133 791 2219 episcopii
813 2132 1091 2218 possessionibus,
1114 2132 1312 2219 ubicumque
1335 2132 1396 2198 sibi
1421 2133 1537 2199 melius
1560 2137 1667 2198 visum
1689 2135 1800 2216 fircrit,
1824 2133 1967 2199 castella
1991 2157 2069 2199 curn

408 2236 550 2301 turribus
565 2245 598 2300 et
613 2236 868 2322 propugnaculis
891 2238 1024 2321 erigere,
1049 2237 1183 2320 negotia
1205 2237 1412 2318 constituere,
1436 2234 1625 2302 molendina
1647 2258 1842 2322 componere
1858 2247 1892 2302 et
1906 2236 2067 2323 publicas

408 2363 512 2426 aquas
528 2339 572 2405 ad
586 2340 761 2406 utilitatem
778 2341 882 2426 ipsius
900 2338 1039 2404 ecclesie
1058 2338 1199 2422 trahere,
1222 2340 1423 2425 piscationes
1445 2362 1598 2406 exercere
1621 2339 1745 2425 absque
1768 2340 1907 2406 alicuius
1932 2351 2068 2408 contra·

408 2443 562 2510 dictione.
596 2443 736 2529 Insuper
758 2443 968 2510 concedimus
992 2450 1090 2527 atque
1112 2442 1269 2526 largimur
1291 2452 1338 2525 ut,
1361 2445 1389 2510 si
1411 2452 1568 2529 precepta
1589 2452 1647 2512 aut
1668 2453 1863 2510 testamenta
1886 2467 1946 2509 seu
1969 2444 2068 2510 char-

407 2545 499 2631 tule⁸
527 2547 631 2631 ipsius
654 2545 793 2629 ecclesie
816 2545 1026 2630 Ungarorum
1048 2547 1182 2610 incursu
1203 2545 1356 2612 incendio
1381 2557 1438 2612 aut
1460 2545 1569 2632 aliquo
1593 2569 1673 2612 casu
1696 2547 1819 2633 perdite
1842 2549 1907 2612 sint
1931 2557 1966 2612 et
1987 2548 2068 2613 lites
2086 2560 2118 2607 ao

406 2658 522 2714 contra
550 2647 689 2715 eandem
720 2648 894 2714 ecclesiam
924 2649 1141 2731 surrexerint,
1174 2648 1237 2713 bac
1265 2659 1379 2714 nostra
1399 2649 1561 2736 imperiali
1584 2660 1745 2736 potestate
1767 2649 1868 2716 fultus
1892 2651 2067 2736 praefatus

407 2752 556 2836 pontifex
579 2754 693 2838 suique
717 2773 926 2818 successores
949 2773 1007 2837 per
1028 2753 1273 2838 inquisitionem
1297 2762 1329 2818 et
1344 2764 1551 2820 sacramenta
1573 2758 1672 2822 triuin
1693 2753 1868 2822 liberorum
1890 2755 2067 2822 hominum

406 2854 589 2941 approbent
611 2865 642 2920 et
666 2855 879 2921 testificentur
910 2853 1044 2920 easdem
1074 2877 1126 2919 res
1155 2853 1199 2919 ad
1228 2865 1355 2940 partem
1386 2881 1443 2942 sue
1474 2857 1626 2944 ecclesie,
1663 2881 1745 2948 quas
1775 2857 1893 2922 deinde
1925 2859 2069 2926 firmiter

406 2957 599 3043 possideant
620 2961 655 3023 in
677 2968 880 3044 perpetuum.
916 2957 1137 3043 Precipientes
1166 2959 1265 3042 igitur
1293 2958 1443 3026 iubemus
1472 2971 1508 3025 ut
1529 2961 1639 3027 nullus
1670 2961 1738 3026 dux
1768 2961 1915 3028 marchio
1949 2985 2068 3028 comes

405 3064 590 3128 vicecomes
607 3070 664 3128 aut
679 3062 790 3148 aliqua
805 3063 895 3148 regni
912 3063 1013 3127 nostri
1037 3083 1157 3146 magna
1180 3083 1346 3148 parvaque
1370 3085 1512 3148 persona
1533 3064 1731 3150 prelibatum
1752 3067 1948 3152 episcopum
1970 3090 2066 3133 suos·
2085 3088 2117 3136 ae

406 3188 468 3251 que
491 3188 700 3232 successores
717 3164 757 3231 de
772 3166 907 3251 prefatis
931 3164 1028 3229 rebus
1051 3165 1232 3250 inquietare
1255 3175 1313 3231 aut
1335 3166 1511 3234 molestare
1534 3179 1590 3234 aut
1608 3168 1648 3235 de
1670 3171 1751 3255 ipsis
1772 3167 1870 3235 rebus
1893 3169 2066 3236 teloneum

405 3271 536 3354 exigere
561 3269 704 3354 [audeat]
721 3267 744 3353 ¹¹,
776 3269 834 3334 sed
855 3268 955 3333 liceat
977 3266 1181 3354 predictumi
1205 3271 1397 3355 episcopum
1420 3293 1494 3336 cum
1518 3272 1585 3335 suis
1609 3270 1770 3354 omnibus,
1793 3282 1829 3337 ut
1851 3271 1979 3338 dictum
2003 3284 2066 3356 est,

408 3376 515 3459 quiete
544 3383 576 3438 ct
604 3375 743 3460 pacifice
773 3374 882 3438 vivere
905 3381 937 3437 et
959 3393 1018 3457 pro
1043 3369 1137 3436 nobis
1171 3369 1338 3438 dominum
1370 3394 1524 3455 exorare,
1559 3374 1703 3440 omnium
1731 3373 1899 3438 hominum
1931 3385 2067 3442 contra·

405 3474 547 3543 dictione
576 3487 713 3544 remota.
754 3474 886 3563 Siquis
914 3477 1013 3560 igitur
1035 3474 1123 3561 quod
1152 3475 1221 3540 fieri
1249 3497 1316 3540 non
1344 3473 1543 3559 credimusk,
1574 3477 1700 3544 nefario
1723 3499 1806 3543 ausu
1828 3477 1925 3543 buius
1948 3491 2066 3566 nostre

404 3578 664 3644 confirmationis
688 3589 721 3644 et
742 3577 1020 3644 corroborationis
1044 3586 1234 3661 preceptum
1257 3577 1432 3663 infringere
1454 3581 1704 3668 presumpserit,
1731 3581 1813 3646 sciat
1836 3605 1871 3646 se
1894 3588 2065 3669 composi·
2084 3605 2119 3654 ao

404 3689 512 3746 turum
541 3683 612 3746 auri
643 3683 757 3767 optimi
785 3680 887 3746 libras
918 3690 1064 3764 centum,
1100 3680 1309 3747 medietatem
1339 3705 1467 3768 camere
1498 3694 1608 3769 nostre
1635 3695 1669 3749 et
1689 3685 1897 3751 medietatem
1929 3688 2065 3773 prefato

404 3783 584 3848 venerabili
612 3786 768 3871 episcopo
793 3783 932 3850 Goslino
962 3786 1096 3871 eiusque
1127 3785 1372 3852 successoribus
1394 3789 1449 3874 qui
1475 3808 1534 3873 pro
1558 3797 1704 3874 tempore
1732 3789 1860 3854 fuerint
1900 3789 2004 3872 Quod
2029 3803 2067 3858 ut

405 3887 514 3950 verius
543 3886 695 3952 credatur
717 3897 750 3953 et
772 3887 960 3973 diligentius
984 3886 1026 3952 ob
1051 3885 1202 3952 omnibus
1233 3887 1439 3974 observetur,
1471 3891 1623 3956 iussimus
1646 3890 1722 3958 inde
1743 3891 1805 3957 hoc
1828 3914 1966 3978 presens
1989 3917 2066 3980 pre·

405 3997 536 4072 ceptum
559 3991 722 4056 conscribi
745 3991 932 4078 annuloque
954 3999 1067 4056 nostro
1092 3990 1227 4075 sigillari
1252 4003 1284 4058 et
1306 4015 1405 4058 manu
1428 3995 1560 4080 propria
1584 3993 1695 4060 subter
1716 3995 1930 4061 firmavimus.

508 4144 645 4230 Signum
666 4146 778 4212 domni
802 4146 933 4214 Ottonis
956 4147 1020 4229 (Μ.)
1041 4145 1173 4232 magni¹
1202 4156 1235 4212 et
1256 4149 1461 4216 invictissimi
1483 4151 1688 4234 imperatoris
1710 4152 1853 4234 augusti.
2082 4183 2116 4231 35

443 4349 464 4416 b
506 4247 694 4366 bmtgenm
717 4250 933 4317 cancellarius
954 4249 1105 4317 adviccm
1121 4249 1274 4318 Widonis
1297 4253 1443 4342 episcopi
1467 4260 1499 4316 et
1521 4253 1799 4324 archicancellarii
1821 4258 2004 4341 recognovi
2029 4267 2064 4322 et

404 4373 442 4415 su
467 4372 593 4438 scripsi.

503 4505 594 4570 Data
621 4507 791 4573 secundo¹¹¹
818 4531 924 4574 nonas
946 4509 1015 4576 iulii
1039 4533 1125 4576 anno
1150 4511 1338 4578 dominice¹¹
1366 4513 1600 4577 incarnationis
1623 4529 1844 4596 ncoccnxlm,
1875 4513 2062 4582 indictione

400 4625 454 4673 1111
465 4615 487 4692 ⁰,
511 4631 597 4675 anno
621 4611 747 4697 imperii
771 4615 882 4698 magni
907 4612 1066 4682 Ottonisp
1088 4617 1295 4701 imperatoris
1317 4618 1447 4700 augusti
1469 4617 1582 4699 terti03
1606 4626 1740 4682 actum·l
1762 4616 1805 4681 ad
1822 4615 1957 4703 Aquam
1980 4642 2063 4705 pen·

402 4711 548 4798 dentem3
571 4716 605 4779 in
628 4713 749 4780 Obristi
771 4717 903 4782 nomine
926 4739 1032 4783 amen.
2080 4753 2117 4800 ιο

488 4935 548 4992 att.
575 4941 601 5002 c)
618 4945 768 4992 neruorum
788 4940 831 4993 (ld
937 4943 965 5004 d)
985 4942 1015 5006 S,
1032 4942 1205 5010 AdeleldeO
1305 4944 1413 5012 auehit
1430 4945 1500 4998 ers
1601 4945 1792 5012 ficiscopum
1813 4943 1857 4996 08
1962 4951 1993 5014 g)
2014 4956 2063 5001 aut

574 5009 695 5060 chartula
713 5008 735 5061 S
825 5011 851 5073 b)
864 5009 935 5074 sebit
952 5014 981 5062 ia
995 5010 1038 5064 08
1134 5016 1154 5076 i)
1171 5013 1339 5080 prefatum&
1431 5015 1458 5078 Ιι)
1478 5016 1639 5072 intendimus
1653 4963 1697 5067 εἰς
1781 5015 1800 5076 l)
1820 5015 1921 5066 domini
1940 5016 2062 5070 Othonis

572 5079 767 5212 3⁸55?me
784 5079 822 5198 g)
840 5079 960 5144 pridias
1053 5081 1082 5146 ιι)
1102 5082 1236 5136 dominis
1330 5085 1357 5144 o)
1375 5083 1444 5134 wobl
1460 5083 1611 5135 mundos
1628 5101 1676 5134 aar
1693 5095 1737 5134 vn
1834 5087 1862 5148 p)
1881 5083 2002 5136 Othonis
2018 5087 2065 5140 OS
