4576 6428
906 433 1030 491 orco
1054 436 1076 490 1.
1102 431 1174 490 eea
1797 418 1884 492 355Χ
1925 501 1938 514 p

213 616 359 701 episcopi
390 613 564 700 dilectique
595 617 697 680 nostri
725 613 889 679 fidelicis²
918 615 1081 701 perhanc
1105 617 1210 680 nostri
1232 616 1376 702 precepti
1399 615 1570 700 peginam,
1599 622 1696 699 prout
1724 615 1807 679 iuste
1830 623 1863 679 et

215 717 374 803 [legaliter
396 740 582 804 possumus,
605 717 826 803 concedimus]
852 718 1083 784 confirmamus
1107 728 1139 784 et
1161 718 1396 784 coroboramus
1419 717 1556 783 ecclesie
1574 727 1686 784 sancte
1705 717 1756 784 dei
1772 719 1861 802 geni-

211 823 301 888 tricis
330 829 362 886 et
383 823 517 906 virginis
546 821 650 886 Marie
672 819 823 886 Astensis
852 823 1009 907 episcopii
1038 828 1136 906 etque
1164 821 1251 886 beati
1281 819 1438 904 Secundi,
1473 821 1529 886 ubi
1558 821 1703 888 eiusdem
1732 843 1861 888 sacrum

214 948 333 1012 corpus
357 924 453 1010 digne
476 933 509 989 et
529 933 714 990 reverenter
736 925 906 990 humatum
928 925 1060 1010 quiesit,
1084 927 1137 990 cui
1163 923 1305 1010 [preesse
1327 925 1456 991 videtur
1477 925 1861 1010 Bru]ningu[s¹ve]nera-

179 1029 288 1094 ubilis
312 1031 486 1115 episcopus
508 1037 683 1114 nosterque
706 1026 844 1094 dilectus
866 1025 981 1111 fidelis,
1006 1049 1118 1093 omnes
1141 1027 1255 1115 plebes
1275 1028 1404 1095 ebetius
1420 1038 1527 1095 cortes
1543 1028 1719 1095 senedobia
1735 1051 1861 1096 omnes-

213 1155 349 1220 queres
372 1142 405 1197 et
426 1133 594 1218 utriusque
618 1153 782 1218 sexusque
804 1131 947 1197 familias
970 1133 1037 1195 ‘iuri
1064 1132 1210 1198 eiusdem
1233 1133 1387 1217 ecclesie3
1421 1135 1554 1220 insuper
1575 1136 1678 1200 nostri
1701 1133 1861 1219 imperiali

212 1237 407 1302 hoctoritate
430 1235 660 1303 confirmamus
683 1235 788 1301 eidem
812 1235 950 1300 ecclesie
975 1237 1085 1300 omnia
1099 1234 1297 1323 p[1ivi]legia
1312 1248 1410 1325 atque
1428 1237 1608 1324 [pre]cepta
1623 1248 1690 1303 tam
1704 1258 1726 1301 a
1739 1239 1861 1302 nostris

212 1340 457 1428 precessoribus
481 1362 633 1427 quanque
655 1362 676 1405 a
697 1340 794 1406 nobis
818 1321 948 1406 conlata
978 1341 1197 1426 precipueque
1225 1339 1297 1405 illut
1323 1362 1382 1427 per
1403 1341 1491 1425 quod
1513 1340 1661 1426 predicta
1683 1349 1788 1405 mater
1810 1361 1861 1404 ec·

211 1444 313 1511 clesia
340 1446 410 1510 iure
438 1445 653 1530 proprietario
686 1444 868 1510 districtum
896 1437 1077 1510 mercatum
1098 1453 1196 1529 atque
1220 1466 1349 1509 omnem
1371 1443 1537 1530 publicam
1559 1444 1759 1508 functionem
1783 1465 1861 1508 suae

162 1558 194 1605 10
212 1547 342 1634 posidet
356 1548 497 1612 civitatis
512 1556 544 1610 et
559 1549 771 1612 circumcirca
793 1547 878 1613 infra
902 1548 966 1613 duo
991 1548 1130 1613 miliaria
1146 1545 1387 1612 coniacentia.¹'
1421 1547 1630 1634 Quapropter
1644 1547 1861 1632 precipientes

211 1651 360 1717 iubemus
382 1659 419 1714 ut
441 1648 531 1715 nulla
557 1651 649 1734 regni
679 1652 782 1715 nostri
811 1672 931 1736 magna
960 1673 1128 1738 parvaque
1157 1672 1299 1736 persona
1326 1649 1508 1736 predictam
1530 1660 1665 1716 matrem
1687 1649 1861 1715 ecclesiam

212 1776 370 1840 suumque
398 1763 607 1840 pretaxatam
636 1754 794 1818 vicarium
821 1763 1033 1840 nostrumque
1062 1753 1216 1820 dilectum
1246 1752 1375 1818 fidelem
1404 1753 1608 1837 Bruningum
1637 1751 1677 1817 de
1706 1751 1860 1837 predictis

213 1858 362 1924 omnibus
394 1857 437 1923 ad
465 1856 602 1922 eandem
630 1856 803 1922 ecclesiam
833 1857 1069 1943 pertinentibus
1098 1857 1204 1943 adque
1233 1856 1274 1922 de
1303 1856 1450 1922 districto
1475 1866 1508 1921 et
1529 1856 1662 1944 publica
1684 1857 1860 1939 functione,

212 1972 247 2027 ut
269 1962 393 2028 dictum
416 1970 480 2045 est,
515 1959 659 2026 eiusdem
688 1961 831 2025 civitatis
859 1961 944 2025 infra
973 1959 1037 2025 duo
1066 1959 1207 2025 miliaria
1236 1962 1448 2026 circumcirca
1476 1961 1656 2046 inquietare
1686 1959 1861 2025 molestare

162 2084 193 2131 ts
213 2076 270 2133 aut
292 2066 463 2132 disvestire
485 2073 695 2150 presummat,
719 2072 769 2128 set
790 2085 850 2149 pro
874 2066 981 2129 anime
1004 2072 1114 2130 nostre
1137 2063 1280 2129 remedio
1304 2065 1374 2149 ipse
1398 2066 1511 2149 suique
1533 2085 1738 2131 successores
1753 2065 1861 2151 quiete

212 2179 244 2234 et
265 2169 402 2255 pacifice
424 2166 570 2232 habeant
590 2176 723 2232 teneant
745 2176 777 2232 et
798 2167 948 2232 fruantur
970 2171 1004 2233 in
1026 2177 1233 2255 perpetuum,
1269 2168 1412 2233 omnium
1435 2168 1580 2232 ominum
1602 2166 1861 2232 contradictione

210 2281 345 2337 remota.
386 2271 421 2337 si
445 2273 516 2358 quis
539 2273 646 2355 igitur,
669 2269 759 2356 quod
781 2271 850 2335 fieri
873 2293 941 2336 non
963 2270 1135 2353 credimus,
1157 2269 1310 2355 ne[fari]o
1335 2293 1418 2336 ausu
1439 2270 1535 2336 huius
1558 2279 1667 2335 nostre
1691 2269 1861 2336 confirma·

211 2377 308 2441 tionis
338 2385 371 2440 et
400 2374 661 2439 coroborationis
696 2375 851 2459 paginam
883 2375 1058 2459 infringere
1092 2375 1313 2460 temptaverit,
1349 2372 1422 2438 siad
1452 2395 1486 2438 se
1516 2375 1761 2459 conpositurum
1790 2375 1861 2439 auri
1980 2377 1986 2390 ’

212 2480 325 2565 optimi
352 2478 453 2544 libras
483 2487 628 2562 centum,
664 2478 872 2543 medietatem
904 2477 1038 2542 kamere
1071 2487 1181 2543 nostre
1215 2487 1248 2543 et
1279 2476 1488 2543 medietatem
1520 2476 1680 2563 prelibato
1714 2476 1861 2543 eiusdem

161 2595 194 2643 ao
212 2584 348 2649 ecclesie
377 2583 500 2648 vicsrm
533 2583 664 2668 suisque
693 2581 954 2664 successoribus3
988 2584 1121 2667 insuper
1149 2603 1225 2646 oum
1253 2579 1336 2646 Iuda
1357 2589 1390 2645 et
1412 2580 1551 2666 Saphiro
1575 2589 1685 2646 eterno
1708 2580 1859 2647 incendio

210 2688 423 2772 mancipetur.
468 2683 566 2766 Quod
597 2694 633 2750 ut
661 2686 769 2750 verius
798 2685 950 2750 credatur
983 2684 1234 2771 diligentiusque
1264 2682 1305 2750 ab
1336 2681 1486 2749 omnibus
1522 2694 1727 2769 opservetur‚
1760 2706 1860 2750 manu

212 2793 343 2878 propria
365 2790 560 2855 roborantes
583 2788 694 2854 annuli
717 2791 820 2854 nostri
842 2789 1057 2874 impressione
1080 2788 1219 2873 sulbltcr
1240 2773 1388 2873 insigniri
1410 2788 1574 2853 iussimus.

294 2927 449 3012 ·Signum
473 2927 583 2993 domni
606 2928 761 2993 Hottonis
784 2928 990 2993 invictissimi
1015 2925 1119 2992 Otto⁰
1140 2927 1356 3012 imperatoris.

313 3032 502 3096 Liutkerius
525 3030 729 3097 cancelarius
752 3030 923 3097 advuicem
938 3029 1100 3095 Uuidcnis
1123 3031 1270 3116 episcopi
1293 3038 1326 3094 et
1348 3028 1607 3094 arhieencellarii
1629 3031 1806 3115 recognovi
1828 3040 1861 3096 et
1979 3103 1980 3106 Ἴ

128 3219 129 3222 ¹
160 3143 193 3191 25
212 3134 400 3220 subscripsi.

312 3271 402 3336 Data
417 3289 477 3336 vn.
493 3271 560 3337 kal.
578 3272 714 3338 octuber
729 3294 815 3337 anno
833 3270 995 3338 dominice
1018 3270 1275 3357 incarn[acio]ne
1293 3287 1489 3355 Dcccctxn,
1513 3271 1692 3338 indictione
1708 3295 1767 3337 sex
1786 3289 1822 3336 V1
1834 3269 1858 3355 ἀ,

210 3397 296 3441 anno
319 3376 446 3462 imperii
475 3377 672 3460 serenissimi
699 3377 904 3462 imperatoris
928 3374 1059 3441 Ottonis
1081 3377 1203 3462 primo3
1237 3383 1347 3442 actum
1369 3375 1474 3462 Papia
1496 3376 1647 3456 civitate3
1679 3375 1714 3438 in
1739 3371 1858 3440 Christi

167 3519 174 3529 ·
210 3481 341 3544 nomine
363 3477 501 3544 feliciter
523 3501 628 3545 amen.

987 3633 1073 3710 248.

160 3812 193 3860 eo
220 3787 299 3865 Otto
326 3789 466 3864 sedendi
491 3789 571 3862 dem
593 3789 748 3888 Biscbof
766 3790 871 3864 Wido
897 3817 970 3864 von
992 3789 1153 3863 Medeon
1176 3789 1250 3888 aas
1269 3789 1473 3863 Lebenszeit
1494 3788 1552 3862 die
1573 3786 1679 3860 Abtei
1700 3788 1857 3860 Nonac-

212 3910 284 3984 tolc
309 3910 389 3984 cad
418 3911 565 3984 cerleibt
596 3911 669 3983 ibet
703 3909 760 3983 die
787 3910 1000 4010 Befcpnisse
1027 3911 1121 3983 eines
1147 3909 1391 4009 Konipsbotcn
1416 3910 1504 3982 ttber
1530 3907 1588 3981 die
1613 3907 1857 3982 Islcstcrteute.

1435 4051 1531 4110 Pacta
1553 4052 1618 4112 962
1642 4049 1763 4110 October
1785 4051 1813 4110 6.

314 4185 562 4260 Oripicutdiplom
584 4188 627 4245 im
648 4186 759 4247 Archiv
781 4188 834 4246 der
855 4186 943 4248 notes
964 4207 1005 4247 eu
1026 4189 1197 4250 Nocautota
1221 4186 1285 4268 (A).

314 4324 454 4398 Sigonius
476 4324 556 4383 Hiet.
581 4324 616 4382 de
638 4341 726 4397 regno
749 4323 860 4384 Italiae
882 4325 925 4383 ed.
946 4334 970 4396 l,
993 4330 1059 4386 272
1081 4329 1128 4386 cit.
1158 4360 1199 4370 —
1228 4327 1382 4386 Murotori
1403 4323 1475 4386 Ant.
1500 4326 1571 4385 Ital.
1597 4328 1625 4397 6,
1649 4329 1710 4386 311
1743 4341 1778 4384 ca
1803 4325 1856 4384 cd-

159 4439 192 4487 as
311 4429 452 4487 vecariis
476 4424 576 4487 Garuli
605 4427 783 4501 siponti:
809 4425 981 4502 Coppelletti
1008 4429 1053 4488 lic
1080 4431 1173 4490 chiese
1201 4429 1234 4489 dt
1261 4431 1356 4490 Italic
1379 4432 1429 4502 15,
1451 4433 1526 4492 241.
1555 4464 1597 4474 -
1625 4430 1756 4490 Bdbmer
1782 4431 1855 4504 ch.

313 4532 387 4592 264.
410 4563 454 4574 -
476 4528 605 4603 Stempf
622 4530 695 4604 Rep.
719 4533 792 4589 317.

314 4666 448 4738 Versusst
469 4684 526 4726 oon
546 4667 613 4726 LF.
638 4665 757 4726 wetcber
778 4669 855 4727 auct
877 4668 932 4728 dus
954 4669 1141 4728 esemona
1162 4671 1283 4741 setrich,
1318 4670 1457 4730 watremt
1478 4667 1628 4730 Prototott
1649 4669 1713 4728 aad
1736 4667 1857 4732 Gentem

310 4789 366 4831 cun
387 4771 481 4830 anem
502 4771 752 4832 Prtoatsetreiber
769 4771 906 4845 petissert
928 4772 1059 4833 worden.

311 4923 370 5006 (0.)
391 4927 405 5010 t
425 4923 466 4988 In
479 4925 619 4990 >nomine
642 4933 775 4989 sanctae
798 4924 1050 5012 individuaeque
1073 4929 1267 4994 trinitatis.⁵
1306 4925 1384 4993 Otto
1404 4924 1517 4991 divina
1537 4924 1668 4990 favente
1684 4924 1857 4992 clementia

126 5097 128 5102 ,
158 5041 191 5089 tc
208 5028 387 5112 imperator
415 5036 583 5111 augustus.
686 5026 721 5093 Si
750 5029 830 5093 ratis
859 5028 955 5095 nobis
983 5028 1212 5096 famulantium
1235 5028 1528 5117 supplicationibus
1551 5051 1721 5095 assensum
1742 5027 1856 5116 prebe·

209 5153 297 5212 mus,
323 5129 487 5196 fideliores
510 5128 686 5196 coenobis
709 5132 779 5196 fore
801 5133 934 5198 minime
957 5132 1145 5200 titubamus.
1189 5133 1330 5199 Proinde
1354 5135 1498 5200 omnium
1520 5142 1653 5198 sanctae
1676 5133 1729 5198 dei
1751 5133 1856 5199 eccler

209 5235 280 5298 siae
302 5233 448 5300 fidelium
470 5244 721 5322 nostrorumque
739 5238 939 5322 presentium
954 5236 1081 5303 scilicet
1095 5259 1135 5302 ac
1150 5237 1333 5303 fatuorum
1347 5239 1475 5303 noverit
1491 5235 1645 5321 sollertia,
1667 5237 1695 5324 al
1720 5237 1852 5323 qualite·

294 5403 354 5458 2⁴7.
380 5407 408 5468 b)
427 5405 514 5456 tndem
536 5406 584 5458 der
602 5405 738 5459 Scheibe»-
760 5409 816 5459 etas
837 5407 892 5458 aad
909 5407 1019 5458 dicretis
1040 5409 1139 5459 aanor
1160 5407 1325 5475 Veronense
1341 5407 1392 5473 fiir
1414 5413 1439 5460 ci
1461 5409 1516 5462 arrd
1530 5409 1581 5474 fiir
1603 5411 1623 5461 ti
1641 5409 1793 5476 petrwbt,
1821 5411 1855 5461 ist

378 5473 451 5526 ciete
467 5473 578 5540 mipttct
595 5493 626 5526 su
644 5476 804 5529 minden
822 5477 852 5528 ob
870 5493 898 5528 er
914 5471 1045 5528 schreiteu
1065 5477 1150 5528 wellis
1172 5481 1351 5544 contacentia,
1378 5479 1598 5544 confirmationis,
1622 5479 1775 5547 diligentius
1793 5478 1855 5530 oda·

156 5545 190 5594 45
382 5546 565 5608 commercia,
590 5545 813 5612 confirmacionis,
837 5546 995 5614 diligencius
1012 5562 1074 5596 arro.
1179 5550 1203 5611 c)
1223 5546 1260 5612 A,
1282 5547 1309 5600 cl.
1328 5547 1354 5599 b.
1376 5548 1425 5600 das
1442 5547 1620 5615 neemanim
1636 5551 1666 5600 in
1682 5550 1752 5600 adue
1768 5543 1855 5604 fluet

380 5611 470 5665 datm
486 5611 611 5678 emolliet
715 5616 742 5680 d)
760 5614 792 5681 A,
810 5615 866 5666 eho
883 5614 1014 5666 Zcblwort
1031 5613 1085 5665 uns
1101 5613 1278 5669 Zubbsicbeu.

294 5697 353 5752 248.
381 5697 676 5768 [Lnehineruaksch]
781 5702 808 5764 a)
825 5700 1009 5770 ursprttnpttct
1026 5703 1192 5764 trininitatis,
1214 5703 1287 5756 dccc
1304 5705 1331 5753 ni
1346 5701 1442 5770 petitpt.

1584 5806 1648 5879 45*
