4538 6436
402 469 468 537 504
996 467 1453 528 xnrssnunxuunsn.

503 665 654 724 Placitum
675 663 795 720 stammt
817 659 891 717 wohl
912 658 989 716 nacla
1017 659 1110 714 actum
1135 655 1166 713 in
1191 653 1375 726 subparum,
1406 651 1504 708 worrrit
1530 649 1612 706 nictit
1639 650 1702 705 eine
1725 646 1891 718 Ortschuft,
1923 647 2052 705 sondern

505 768 570 824 eine
592 764 742 823 Lowlitat
760 763 889 834 renent
911 762 950 818 ist
972 761 1006 816 in
1028 759 1098 816 oder
1121 760 1165 816 ber·
1188 757 1304 825 Ferme
1328 772 1371 814 wo
1396 753 1462 814 Otto
1483 772 1524 812 aa
1543 753 1661 812 Gertctt
1681 767 1815 844 amassem
1837 751 1924 809 hade.

608 982 647 1046 In
671 982 800 1045 nomine
824 987 937 1044 sancte
960 987 993 1042 et
1015 976 1183 1042 individue
1206 975 1369 1040 trinitatis.
1411 971 1489 1038 Otto
1514 973 1624 1036 divina
1647 973 1777 1037 favente
1801 971 1972 1036 clementia
1995 973 2054 1034 im·

404 1099 536 1176 perator
559 1096 727 1171 augustus.
831 1085 866 1149 Si
890 1093 1004 1148 sancta
1027 1104 1066 1145 ac
1089 1078 1289 1146 venerabilia
1311 1079 1386 1143 loca
1411 1075 1695 1162 superstitionibus
1725 1085 1923 1160 pravorum*¹
1951 1074 2054 1139 homi·

404 1216 481 1258 num
505 1191 664 1257 dilaniata
686 1199 918 1270 restauramus,
942 1188 1120 1272 participes
1143 1185 1212 1248 fieri
1235 1182 1395 1247 mercedis
1418 1203 1529 1244 eorum
1553 1182 1607 1265 qui
1632 1203 1666 1244 se
1690 1179 1750 1242 deo
1774 1188 1933 1243 voverunt
1951 1177 2053 1241 ambi·
2074 1191 2090 1236 5

404 1315 503 1379 guum
527 1302 675 1358 nonest.
721 1290 930 1376 Quapropter
954 1289 1104 1353 omnibus
1129 1297 1240 1351 sancte
1264 1286 1316 1350 dei
1339 1285 1477 1349 ecclesie
1500 1284 1651 1348 fidelibus
1674 1295 1786 1348 notum
1810 1306 1882 1347 esse
1904 1283 2055 1348 volumus

405 1398 509 1483 quod,
541 1397 617 1461 dum
646 1397 680 1458 in
708 1393 862 1479 Apuliam
892 1391 1136 1478 expeditionem
1166 1411 1350 1474 ageremus,
1380 1400 1416 1452 ut
1445 1391 1552 1474 ipsam
1574 1386 1736 1452 sublatam
1760 1409 1779 1449 a
1804 1385 1919 1450 Grecis
1943 1395 2054 1450 nostro

404 1499 520 1566 Italico
543 1519 644 1584 regno
667 1496 886 1580 redintegrare
908 1494 1144 1572 laboraremus,
1169 1491 1296 1557 causab
1321 1493 1479 1556 orationis
1499 1499 1645 1555 sanctam
1662 1489 1850 1552 Firmanam
1869 1486 2056 1552 adivimusc

405 1603 579 1668 ecclesiam
599 1601 720 1687 ibique,
744 1601 878 1664 durnin
900 1598 1021 1663 iudicio
1044 1599 1221 1663 residentes
1245 1608 1280 1661 ut
1304 1595 1593 1681 proclamantibus,
1617 1604 1715 1680 prout
1734 1591 1857 1678 posse‘l
1881 1594 2055 1674 sufficeret,

405 1707 511 1792 legem
533 1705 725 1785 faceremus,
749 1725 827 1767 ecce
850 1703 1012 1766 Iohannes
1037 1701 1141 1766 abbas
1164 1702 1352 1765 monasterii
1367 1701 1401 1764 in
1416 1700 1540 1764 bonore
1558 1709 1669 1762 sancte
1687 1695 1800 1761 Crucis
1818 1719 1882 1782 qua
1897 1696 2055 1782 redempti
2078 1706 2110 1751 ¹0

406 1832 517 1875 sumus
547 1807 690 1873 edificati
719 1815 950 1872 testamentum
976 1828 997 1869 a
1020 1803 1199 1868 Theodicio
1225 1802 1404 1869 venerabili
1432 1804 1588 1887 episcopo
1612 1811 1645 1866 et
1667 1811 1821 1885 precepta
1844 1822 1864 1862 a
1886 1799 2056 1884 predeces-

407 1912 535 1979 soribus
565 1912 686 1976 nostris
715 1909 821 1974 eidem
850 1910 1047 1973 monasterio
1079 1907 1201 1971 collata
1230 1906 1348 1991 optulit
1374 1907 1405 1970 in
1430 1905 1552 1988 medio,
1588 1909 1754 1990 queritans
1778 1927 1875 1990 super
1898 1904 2054 1970 Gaidulfo

406 2015 551 2102 predicte
574 2015 727 2078 Firmano
750 2011 886 2077 ecclesie
909 2014 1065 2097 episcopo
1090 2009 1179 2096 quod
1201 2009 1283 2073 duas
1307 2019 1430 2090 curtes,
1460 2009 1615 2073 videlicet
1644 2013 1748 2074 saneti
1777 2009 1865 2073 [larii
1888 2020 1920 2073 et
1944 2021 2056 2073 sancte

406 2119 675 2199 Resurrectionis,
699 2127 732 2180 et
753 2139 804 2180 res
828 2115 910 2180 alias
933 2117 966 2178 in
985 2137 1079 2179 suum
1095 2116 1262 2200 proprium
1279 2115 1459 2198 susciperet
1474 2135 1579 2178 usum.
1616 2113 1697 2176 Mox
1713 2114 1872 2178 accersito
1888 2115 2055 2199 episeopo,

407 2245 465 2287 cur
487 2221 550 2287 hoc
573 2221 824 2306 presumpsisset
845 2219 1138 2304 percunctavimus,
1163 2219 1217 2302 qui
1242 2227 1278 2279 ut
1299 2218 1362 2281 hoc
1386 2218 1494 2281 facere
1511 2225 1624 2301 posset
1637 2216 1826 2301 Berengarii
1849 2217 2057 2301 imperatoris
2078 2227 2110 2274 15

408 2334 561 2413 precepto
585 2322 818 2389 corroboratus
840 2321 1018 2408 respondit.
1063 2322 1148 2385 Tum
1174 2331 1210 2384 ut
1237 2319 1409 2385 amborum
1437 2322 1559 2405 scripta
1587 2323 1825 2385 recitarentur·
1856 2321 2058 2402 censuimus,

409 2427 527 2515 quibus
555 2427 715 2508 recitatis,
747 2435 783 2490 ut
809 2426 904 2488 iuxta
934 2423 1170 2488 ordinationem
1192 2422 1281 2487 beati
1305 2425 1366 2487 viri
1390 2422 1526 2508 predicti
1549 2422 1695 2488 'leodicii
1720 2424 1866 2508 episcopi
1890 2424 1945 2508 qui
1971 2422 2059 2487 idem

409 2531 644 2596 monasterium
660 2530 773 2592 favore
788 2529 905 2593 Karoli
928 2527 1134 2610 imperatoris
1158 2528 1263 2611 primo
1288 2534 1526 2606 construxerat,
1550 2536 1582 2590 et
1605 2527 1884 2591 confirmationem
1902 2525 2058 2591 antedicti

408 2631 524 2700 Karoli
547 2633 753 2717 imperatoris
776 2627 1018 2694 antecessoris¹
1044 2632 1146 2694 nostri
1171 2629 1284 2694 decem
1307 2629 1533 2694 tantummodo
1564 2630 1712 2695 solidosg
1740 2630 1923 2694 annualiter
1952 2630 2059 2694 eidem

409 2739 564 2802 Firmane
586 2736 724 2800 ecclesie
747 2735 948 2821 persolveret
970 2733 1219 2820 perpendimus;
1250 2735 1343 2797 iuxta
1364 2733 1552 2819 Berengerii
1581 2735 1788 2819 imperatoris
1810 2744 2001 2820 preceptum
2024 2742 2060 2798 ut
2078 2742 2112 2788 20

411 2843 541 2904 omuino
565 2849 677 2904 sancte
693 2838 807 2904 Crucis
830 2841 1064 2904 monasterium
1087 2838 1292 2925 delegaretur
1313 2840 1347 2902 in
1372 2851 1485 2902 sancte
1501 2839 1654 2904 Firmane
1677 2839 1814 2904 ecclesie
1835 2843 1886 2904 ius
1906 2849 1938 2904 et
1957 2838 2059 2904 domi·

409 2945 500 3008 nium
528 2942 758 3007 intelleximus.
805 2941 903 3022 Quod
931 2942 1083 3007 omnibus
1113 2945 1265 3027 apparuit
1293 2945 1450 3006 iniustum
1472 2951 1504 3007 et
1527 2952 1641 3007 contra
1664 2943 1786 3028 legem,
1818 2953 1855 3008 ut
1876 2945 2060 3028 posteriora

410 3049 532 3131 scripta
548 3048 659 3132 priora
674 3045 847 3110 excedant.
881 3045 966 3110 Tum
984 3045 1105 3111 iudicio
1130 3055 1196 3110 tam
1219 3048 1448 3131 episcoporum
1472 3068 1634 3132 quamque
1656 3048 1812 3112 comitum
1836 3069 1894 3111 seu
1915 3046 2061 3111 iudicum

410 3151 515 3215 fracto
540 3149 645 3234 sigillo
670 3151 837 3235 scissaque
856 3148 1045 3214 membrana
1064 3171 1122 3234 per
1137 3171 1270 3214 manum
1287 3149 1426 3214 Huberti
1442 3152 1588 3235 episcopi
1605 3161 1637 3214 et
1652 3149 1931 3216 archicancellarii
1946 3153 2061 3232 nostri,

410 3263 523 3318 nostra
545 3252 725 3338 preceptali
749 3254 942 3318 auctoritate
967 3254 1196 3319 confirmamus
1220 3259 1258 3317 et'
1275 3254 1538 3336 corroboramus,
1561 3253 1648 3318 beati
1672 3256 1733 3319 viri
1751 3255 1899 3320 Teodieii
1922 3255 2062 3341 predicti
2081 3265 2113 3311 *25

411 3358 559 3443 episcopi
590 3365 747 3421 statutum
775 3355 1009 3421 inviolabiliter
1038 3356 1254 3441 manlsu]rum
1283 3369 1315 3422 et
1337 3357 1453 3422 Karoli
1482 3359 1689 3443 imperatoris
1719 3361 1936 3423 antecessoris
1957 3360 2062 3423 nostri

412 3471 602 3547 preceptum
620 3484 641 3525 a
658 3461 786 3526 nemine
808 3459 1041 3544 violaturuml,
1066 3473 1226 3547 quatenus
1251 3485 1363 3526 eorum
1387 3465 1509 3547 scripta
1531 3462 1762 3546 perpetualiter
1784 3474 1939 3528 maneant
1961 3465 2062 3529 invio-

412 3565 481 3630 lata
503 3574 536 3629 et
558 3564 714 3649 deinceps
737 3561 906 3648 predictoi
934 3567 1132 3629 munasterio
1163 3588 1220 3630 seu
1250 3567 1376 3651 prefato
1406 3565 1520 3630 abbati
1549 3568 1679 3652 suisque
1706 3567 1950 3632 successoribus
1972 3566 2064 3632 nulla

414 3665 627 3754 superstitiok
649 3669 815 3752 ingeratur
837 3677 894 3732 aut
917 3666 1052 3752 aliquod
1075 3669 1242 3732 servitium
1266 3668 1307 3733 ab
1332 3691 1370 3733 eo
1395 3670 1548 3752 exigatur
1569 3668 1612 3733 ad
1631 3680 1757 3755 partem
1778 3679 1890 3735 sancte
1909 3671 2063 3736 Firmane

413 3771 567 3852 ecclesie,
597 3781 736 3856 excepto
765 3770 853 3855 quod
882 3769 1028 3834 eiusdem
1057 3772 1245 3835 monasterii
1276 3771 1378 3835 abbas
1410 3775 1691 3837 consecrationem
1713 3785 1745 3837 et
1767 3773 1919 3838 monachi
1942 3773 2063 3839 ibidem
2082 3779 2116 3826 ³0

414 3876 476 3941 deo
506 3876 682 3939 servientes
713 3874 951 3939 ordinationem
973 3895 994 3936 a
1016 3874 1241 3958 prenominata
1270 3873 1407 3938 ecclesie
1436 3877 1591 3961 episcopo
1624 3878 1805 3961 suscipiant
1828 3888 1860 3941 et
1882 3876 2066 3942 annualiter

416 3980 528 4044 decem
559 3976 708 4042 solidoss
736 3971 936 4062 persolvant.
980 3976 1159 4042 Sanximus
1181 3979 1278 4041 etiam
1301 3987 1334 4042 et
1356 3977 1585 4044 confirmamus
1608 3979 1714 4044 eidem
1737 3981 1934 4046 monasterio
1958 4002 2010 4046 res
2032 3988 2065 4044 et

415 4083 632 4169 proprietates
661 4091 727 4146 tam
757 4104 777 4144 a
805 4081 938 4146 domino
961 4080 1118 4146 Teodicio
1148 4083 1303 4166 episcopo
1334 4103 1497 4167 quamque
1524 4081 1565 4146 ab
1590 4084 1852 4149 antecessoribus
1874 4085 1995 4149 nostris
2018 4083 2064 4148 ibi

416 4185 571 4267 collatas,
601 4194 708 4250 cortes
731 4184 884 4250 videlicet
907 4186 1012 4249 sancti
1035 4185 1139 4248 Marci
1162 4206 1236 4250 oum
1259 4184 1434 4252 medietate
1458 4187 1498 4251 de
1521 4197 1617 4272 portu
1640 4186 1714 4273 qui¹
1743 4197 1880 4253 vocatur
1907 4185 2031 4252 Clentis
2045 4197 2065 4225 ¹¹¹

417 4311 475 4354 seu
497 4289 595 4352 etiam
618 4297 742 4352 curtem
766 4290 871 4352 sancti
888 4287 1023 4372 Georgii
1040 4287 1080 4352 de
1096 4287 1242 4358 Cerriolo
1259 4299 1291 4352 et
1309 4299 1434 4354 curtem
1458 4293 1561 4355 sancti
1577 4291 1710 4354 Patricii
1733 4301 1830 4376 atque
1854 4301 1979 4356 curtem
2002 4314 2064 4376 que
2083 4301 2114 4348 3⁵

417 4401 469 4457 est
495 4393 529 4455 in
555 4390 630 4456 loco
660 4392 715 4478 qui
741 4402 949 4477 nuncupatur
976 4391 1101 4458 Ulmo¹¹
1129 4403 1162 4457 et
1190 4402 1315 4458 curtem
1344 4403 1457 4458 sancte
1480 4393 1609 4478 Agathe
1633 4393 1674 4458 de
1695 4394 1869 4459 Luciliano
1894 4417 1952 4459 seu
1974 4396 2063 4458 terri-

417 4497 535 4559 torium
565 4503 701 4560 sancte⁰
730 4494 781 4559 dei
810 4495 976 4580 genitricis
1005 4496 1108 4560 Marie
1136 4496 1171 4559 in
1200 4494 1390 4560 Castelliani
1421 4507 1452 4560 et
1481 4507 1604 4561 curtem
1634 4498 1739 4561 saneti
1767 4496 1857 4562 Ilarii
1887 4507 1920 4561 et
1942 4506 2065 4562 curtem

418 4607 531 4663 sancte
546 4599 806 4663 Resurrectionis
830 4620 905 4663 cum
928 4598 1069 4663 castellis
1092 4607 1125 4662 et
1147 4595 1295 4662 ecclesiis
1318 4608 1350 4662 et
1373 4621 1446 4663 cum
1471 4599 1620 4664 omnibus
1640 4601 1842 4685 pertinentiis
1858 4601 1925 4665 suis
1941 4609 1974 4663 et
1987 4598 2066 4664 villa

419 4725 482 4788 que
504 4703 692 4767 nominatur
707 4699 871 4786 Cateqano
895 4724 969 4766 cum
992 4701 1142 4767 omnibus
1167 4701 1263 4765 rebus
1287 4701 1462 4766 mobilibus
1478 4711 1511 4766 et
1525 4701 1736 4767 inmobilibus
1752 4702 1796 4766 ad
1810 4702 1942 4768 easdem
1958 4712 2066 4768 curtes

419 4816 452 4871 et
473 4805 568 4870 villas
590 4806 827 4892 pertinentibus
852 4827 908 4869 seu
929 4804 1014 4890 loca,
1038 4804 1190 4870 domibus
1214 4807 1303 4887 agris
1326 4808 1443 4870 castris
1465 4807 1608 4872 turribus
1632 4807 1769 4871 edificiis
1793 4809 1894 4872 servis
1917 4815 1949 4870 et
1966 4807 2065 4872 ancil·
2084 4817 2117 4863 40

420 4909 460 4974 lis
483 4909 578 4975 aldiis
601 4919 635 4975 et
656 4909 808 4974 aldiabus
831 4907 983 4972 colonisp
1006 4919 1038 4974 et
1061 4907 1242 4972 colonabus
1264 4907 1433 4976 libellariis
1457 4909 1641 4976 cartulariis
1660 4913 1816 4997 precariis
1835 4910 2067 4996 prestandariis

419 5023 452 5078 et
474 5013 603 5078 famulis
627 5015 794 5098 utriusque
818 5034 917 5077 sexus
939 5013 1141 5077 massariciis
1164 5013 1291 5095 campis
1313 5015 1417 5078 vineis
1441 5017 1543 5099 pratis
1566 5017 1697 5100 pascuis
1728 5014 1817 5078 silvis
1846 5016 1939 5100 aquis
1967 5036 2067 5099 aqua-

419 5139 491 5182 rum
514 5116 706 5184 decursibus
729 5115 967 5201 piscationibus
990 5114 1220 5182 venationibus
1244 5114 1374 5186 salectis
1397 5121 1544 5182 cannetis
1565 5119 1692 5184 olivetis
1710 5117 1904 5183 molendinis
1923 5117 2018 5182 coltis
2036 5127 2068 5181 et

420 5220 551 5285 incoltis
574 5219 688 5286 divisis
712 5229 745 5284 et
767 5218 931 5300 indivisis,
962 5227 999 5284 ut
1021 5217 1126 5284 abbas
1149 5227 1181 5282 et
1203 5218 1355 5284 monachi
1377 5220 1423 5284 ibi
1447 5221 1507 5286 deo
1532 5221 1710 5286 servientes
1733 5222 1766 5284 in
1789 5241 1885 5284 usum
1907 5221 2013 5284 victus
2036 5228 2069 5283 et

420 5325 603 5390 vestimenti
631 5323 776 5389 habeant
803 5332 936 5388 teneant
962 5321 1162 5408 firmiterque
1192 5323 1383 5407 possideant
1413 5333 1511 5411 atque
1540 5335 1696 5410 perpetuo
1726 5324 1889 5406 fruantur,
1925 5325 2069 5388 omnium
2086 5331 2118 5381 4⁵

508 5512 566 5568 ³07.
595 5511 751 5582 [Ottentbal]
840 5516 865 5578 a)
882 5518 927 5582 pia
944 5516 1070 5574 votumA
1157 5517 1185 5580 b)
1205 5515 1301 5567 sama
1387 5518 1412 5576 c)
1432 5521 1457 5566 et
1475 5515 1599 5566 divinaA
1688 5515 1716 5582 d)
1736 5513 1875 5581 possemA
1964 5515 1988 5579 e)
2004 5517 2069 5564 reei-

594 5581 724 5634 tarentA
827 5583 1094 5649 {lanteressoresil
1200 5583 1380 5650 g)soldos11
1483 5584 1550 5645 ma
1658 5585 1678 5643 i)
1702 5586 1804 5650 prefato
1831 5584 1875 5634 vel
1901 5583 2019 5650 predicto
2046 5581 2086 5633 A*

594 5667 829 5735 neapolites
915 5670 935 5735 l)
952 5668 1045 5736 qued
1133 5672 1169 5734 m)
1188 5657 1305 5722 ClethA
1393 5669 1421 5737 n)
1437 5668 1501 5720 tna
1518 5669 1681 5734 aalaalicb,
1700 5674 1802 5736 organa
1820 5687 1868 5720 aar
1882 5669 1908 5720 B
1995 5671 2020 5736 o)
2038 5669 2071 5721 de

595 5737 728 5790 uncterl
824 5739 852 5806 p)
868 5739 981 5790 coloniis
999 5737 1031 5792 Α.
