4538 6436
419 440 482 506 482
1020 445 1474 503 KAISERURKUNDEN.

419 629 573 696 ciendum
596 637 675 693 ιιιιΘ
698 627 787 712 quod
809 649 921 691 eorum
946 648 1026 709 opus
1049 623 1216 706 habuerit,
1252 646 1280 690 et
1301 639 1422 690 similiter
1444 641 1528 689 nostri
1550 640 1669 690 homines
1692 621 1857 710 itemques
1880 619 2096 688 ambulandi

419 731 464 798 ad
485 730 734 816 negociandum.

521 849 574 900 Sed
596 857 622 900 et
643 851 694 900 boc
717 851 840 900 convenit
862 854 906 910 ut,
937 849 959 897 si
988 863 1042 912 qua
1069 847 1135 897 lesio
1164 848 1234 898 inter
1259 853 1348 912 partes
1371 849 1503 910 evenerit,
1532 849 1652 913 legatarii
1675 866 1692 896 ιι
1714 864 1766 897 ιιοιι
1789 848 1980 908 detineantur,
2016 838 2095 894 sed⁸

420 956 505 1004 securi
528 953 563 1002 ad
585 955 692 1018 propria
714 952 838 1016 redeant;
872 952 992 1002 similiter
1015 957 1041 1000 et
1064 951 1209 1015 epistolarii
1222 934 1244 1014 ¹¹,
1274 954 1296 1000 si
1319 952 1419 1002 detenti
1446 953 1558 1012 inerint,
1592 952 1745 1001 relaxentur
1767 958 1793 1002 et
1814 957 2028 1018 componantur
2052 953 2094 999 eis

419 1056 497 1107 solidi
519 1058 637 1117 trecenti,
660 1061 687 1105 et
709 1057 739 1116 si,
762 1056 833 1120 quod
856 1056 933 1116 absit,
956 1055 1037 1104 occisi
1060 1053 1167 1116 fuerint,
1197 1061 1389 1120 componantur
1411 1056 1566 1119 parentibus
1590 1072 1681 1106 eorum
1703 1073 1751 1121 pro
1774 1059 1839 1122 ipsis
1867 1037 1976 1106 solidii
2003 1049 2128 1114 mille,5

420 1165 446 1210 et
468 1162 527 1224 ipsa
548 1174 662 1223 persona
684 1159 804 1208 tradatur
826 1161 855 1208 in
877 1159 1000 1207 manibus
1022 1157 1136 1208 illorum.

522 1261 550 1310 Si
572 1263 631 1326 quis
654 1262 722 1310 inter
744 1267 832 1326 partes
854 1242 988 1310 causamk
1017 1261 1154 1323 habuerit,
1183 1261 1264 1310 vadat
1286 1261 1366 1312 semel
1389 1261 1432 1312 vel
1454 1262 1496 1311 bis
1519 1279 1579 1312 cum
1601 1264 1714 1328 epistola
1736 1264 1818 1314 iudici
1840 1280 1890 1314 sno
1905 1247 1922 1326 ¹,
1958 1269 1988 1313 et
2013 1263 2038 1312 si
2064 1262 2090 1311 ei

419 1368 526 1416 minime
554 1366 658 1414 iustitia
685 1365 757 1414 tacta
785 1365 866 1414 tuerit
893 1364 963 1413 inira
992 1363 1049 1414 dies
1077 1366 1289 1429 quattuordecim
1318 1358 1350 1414 et
1378 1366 1400 1414 si
1429 1367 1486 1431 ipse
1515 1366 1593 1415 homo
1616 1366 1688 1416 unde
1710 1368 1811 1416 iustitia
1833 1368 1989 1431 requiritur
2012 1365 2091 1414 infra

418 1471 505 1535 ipsum
527 1470 616 1518 locum
638 1468 719 1517 fuerit
741 1461 797 1516 aut
820 1452 861 1516 de
884 1452 1015 1516 aliunde
1038 1475 1188 1517 reversus
1211 1453 1323 1534 fuerit,
1358 1469 1427 1518 infra
1450 1469 1506 1520 dies
1529 1477 1628 1534 septem
1651 1470 1785 1520 licentiam
1808 1471 1908 1520 habeat
1931 1471 2089 1534 pignorare

418 1574 502 1623 iudici
524 1575 569 1638 qui
592 1574 620 1621 in
642 1573 700 1636 ipso
723 1577 840 1636 tempore
863 1565 1033 1620 ordinatus¹²¹
1056 1571 1136 1620 fuerit
1157 1573 1227 1621 iutra
1250 1587 1313 1621 casa
1335 1587 1391 1634 sua,
1418 1579 1547 1637 quantum
1569 1574 1656 1637 ipsum
1679 1572 1796 1624 debitum
1817 1572 1900 1622 fuerit
1917 1589 1945 1622 e.
2109 1576 2141 1622 10

521 1676 659 1736 Addimus,
682 1677 783 1739 siquis
805 1675 948 1725 homicidia
970 1679 1161 1740 perpetraverit
1183 1683 1268 1727 stante
1292 1683 1378 1742 pacto,
1402 1678 1486 1727 modis
1502 1679 1624 1728 omnibus
1640 1679 1761 1742 partibus
1776 1696 1792 1726 ιι
1807 1673 1909 1744 ligatin
1934 1677 2089 1728 tradantur

419 1782 511 1846 quanti
534 1782 562 1828 in
584 1782 642 1844 ipso
666 1779 808 1828 homicidio
831 1778 930 1828 tuerint
952 1781 1040 1842 mixti,
1072 1783 1143 1831 etsi
1173 1781 1324 1830 distulerint
1352 1797 1397 1830 eos
1426 1781 1543 1844 tradere,
1571 1798 1619 1847 pro
1649 1797 1808 1846 unaquaque
1837 1773 1983 1844 persona⁰
2009 1795 2087 1829 com-

418 1890 501 1948 ponat
522 1885 580 1933 auri
603 1882 702 1932 solidos
725 1887 870 1946 trecentos;
900 1888 926 1932 et
948 1884 970 1933 si
993 1877 1135 1948 aliquaml’
1163 1886 1190 1934 in
1213 1884 1282 1935 silva
1304 1880 1541 1950 ρίςιιοιιιιίοιιοιιιιι
1569 1886 1656 1936 facere
1684 1885 1812 1946 voluerit,
1847 1885 1886 1934 sic
1918 1877 1993 1932 iiatr
2023 1885 2085 1931 sine

419 1987 571 2049 homicidio,
595 1993 622 2035 et
643 1987 667 2035 si
689 1986 760 2050 quod
783 1986 861 2047 absit,
883 1980 919 2034 ut
941 1987 1113 2037 homicidium
1135 1988 1235 2038 factum
1257 1989 1338 2038 fuerit
1360 1990 1387 2038 in
1409 1989 1494 2038 libero
1518 1989 1632 2050 homine,
1661 1993 1803 2053 componat
1824 2003 1872 2052 pro
1901 1980 1988 2051 ips0⁸
2018 1985 2085 2034 soli-

419 2090 467 2140 dos
490 2073 644 2140 trecentost
667 2096 693 2138 et
714 2105 762 2153 pro
785 2105 861 2139 servo
884 2088 983 2139 solidos
1006 2093 1213 2158 quinquaginta
1244 2097 1270 2141 et
1292 2093 1314 2141 si
1337 2086 1443 2157 plagau
1465 2097 1574 2157 peracta
1596 2092 1676 2142 luerit
1698 2093 1726 2140 in
1747 2091 1832 2141 libero
1855 2091 1974 2152 homine,
2007 2106 2082 2139 com·
2103 2091 2136 2139 15

418 2199 502 2258 ponat
524 2175 672 2241 similiter
695 2191 794 2242 solidos
817 2193 1011 2258 quinquaginta
1032 2200 1059 2244 et
1080 2211 1128 2259 pro
1152 2210 1228 2245 servo
1253 2195 1352 2245 solidos
1375 2197 1493 2261 triginta.
1514 2213 1531 2243 ιι

521 2296 653 2346 Volumus
675 2301 706 2345 ιιι
727 2311 775 2359 pro
798 2312 844 2346 sex
868 2299 1001 2346 mancosis
1024 2298 1109 2348 solum
1133 2299 1166 2348 ab
1189 2315 1243 2349 uno
1266 2299 1372 2349 homine
1395 2304 1588 2349 sacramentum
1610 2299 1754 2363 recipiatur
1764 2291 1786 2360 ',
1813 2301 1839 2346 et
1862 2297 1884 2345 si
1908 2295 1971 2359 plus
1994 2295 2083 2344 meris

418 2415 503 2465 nsque
521 2399 555 2449 ad
573 2415 713 2450 mancusos
737 2399 876 2450 duodecim
899 2399 1011 2450 duorum
1034 2402 1170 2452 hominum
1193 2404 1369 2452 iuramentum
1381 2397 1400 2424 '¹
1422 2404 1457 2452 sit
1479 2399 1653 2462 satisfactum,
1677 2407 1703 2450 et
1719 2402 1758 2449 ita
1774 2415 1858 2464 usque
1878 2399 1912 2448 ad
1932 2398 2081 2448 duodecim

418 2504 501 2554 libras
523 2504 713 2556 Uenetieorum
735 2519 838 2568 semper
860 2503 1010 2554 addendum
1032 2521 1080 2570 per
1103 2506 1242 2557 duodecim
1265 2506 1364 2557 electos
1389 2507 1519 2556 iuratores
1547 2507 1701 2569 perveniat,
1733 2510 1836 2574 usque
1865 2497 1994 2568 quante¹
2025 2505 2081 2552 sint

419 2607 500 2670 libre,
529 2609 609 2658 etiam
631 2610 700 2658 tanti
721 2610 775 2658 sint
796 2608 941 2672 iuratores;
971 2623 1033 2658 nam
1055 2611 1077 2658 si
1099 2610 1171 2659 ultra
1194 2610 1334 2661 duodecim
1356 2609 1484 2660 librarum
1508 2611 1612 2674 questio
1635 2610 1730 2670 luerit,
1759 2610 1890 2658 iuratores
1914 2607 1988 2657 ultra
2012 2607 2080 2656 duo
2100 2608 2135 2655 20

421 2711 505 2762 decim
528 2727 582 2763 non
605 2712 741 2763 excedant

524 2815 671 2868 Statnimus
694 2820 764 2868 enim
787 2817 819 2867 de
841 2819 999 2884 pignoribus
1021 2833 1072 2883 que
1094 2820 1164 2869 inter
1186 2824 1274 2884 partes
1296 2820 1385 2884 posita
1407 2819 1521 2880 fuerint,
1550 2823 1582 2867 ιιι
1609 2820 1632 2867 si
1657 2833 1710 2883 qua
1732 2817 1871 2868 contencio
1895 2815 1928 2865 de
1951 2815 1995 2864 his
2020 2819 2082 2863 orta

419 2915 531 2984 fueriti,
553 2908 624 2992 ipse
648 2907 703 2992 qui
725 2907 844 2992 pignus
867 2907 1037 2971 retinuerit
1059 2928 1118 2991 pro
1143 2929 1178 2971 se
1201 2906 1296 2972 sola¹
1319 2929 1460 2992 persona
1484 2917 1725 2972 sacramentum
1747 2907 1858 2970 faciat.

523 3023 649 3074 Similiter
676 3026 750 3076 stetit
778 3030 807 3074 ut
833 3019 887 3074 iu²
914 3042 956 3076 res
985 3030 1138 3076 sanctornm
1167 3009 1415 3090 ecclesiarumqueb
1444 3025 1487 3074 dei
1515 3025 1591 3074 nuilla
1619 3009 1722 3095 preda
1742 3029 1804 3072 nec
1833 3021 1988 3086 pignoratio
2020 3018 2080 3070 fieri

420 3126 523 3189 debeat,
546 3132 657 3192 excepto
680 3129 702 3176 si
725 3144 786 3177 cum
808 3124 1016 3179 sacerdotibus⁰
1038 3121 1165 3195 ipsarlum
1189 3121 1370 3189 ecclesilarum
1392 3144 1501 3178 causam
1522 3130 1660 3192 habuerit,
1684 3133 1711 3179 et
1733 3133 1811 3178 antea
1833 3126 2008 3191 compellatio
2030 3125 2081 3174 fiat
2099 3127 2132 3173 25

420 3230 500 3280 semel
524 3236 550 3281 et
571 3231 621 3294 bis,
643 3237 737 3297 postea
758 3231 816 3282 fieri
839 3232 934 3283 debeat
955 3235 1120 3298 pigneratio;
1143 3249 1204 3283 narn
1227 3235 1272 3298 qui
1295 3233 1372 3284 aliter
1394 3233 1482 3284 iacere
1504 3234 1701 3298 presumpserit,
1724 3231 1805 3296 duplo
1828 3235 1981 3295 componat,
2006 3235 2033 3280 et
2056 3231 2080 3279 si

420 3336 542 3385 nesciens
564 3337 752 3401 pigneraverit,
774 3337 885 3400 prebeat
907 3342 1101 3387 sacramentum
1124 3341 1150 3387 ct
1172 3338 1207 3386 sit
1226 3321 1351 3386 solutus
1374 3323 1421 3386 lta
1443 3330 1479 3385 ut
1502 3337 1589 3401 ipsum
1609 3338 1706 3402 pignus
1729 3336 1831 3386 salsum
1854 3335 1988 3384 restituat
2008 3349 2024 3381 s

523 3439 559 3488 Et
581 3439 632 3489 hoc
654 3441 727 3489 stetit
750 3439 783 3488 de
805 3440 901 3505 capulo
932 3424 1020 3511 quod
1046 3441 1240 3505 Ripoalteuses,
1269 3440 1445 3502 Olibolenses,
1475 3440 1688 3501 Amurianenses,
1717 3440 1955 3498 Metemaueenses,
1985 3435 2080 3485 Albio-

419 3541 515 3605 lenses,
538 3542 728 3605 Torcellenses,
744 3543 917 3593 Amianenses
932 3544 1053 3593 fecerunt
1067 3561 1083 3592 s
1099 3544 1177 3594 hodie
1200 3546 1228 3593 in
1251 3559 1334 3594 annos
1357 3545 1479 3610 triginta:
1503 3545 1549 3594 ubi
1573 3544 1773 3608 capularemnt,
1796 3543 1914 3593 habeant
1936 3541 2080 3591 licenciam

421 3646 577 3710 capulanus,
611 3648 681 3696 sicut
708 3662 755 3712 per
783 3649 976 3711 suprascriptos
1005 3663 1089 3698 annos
1118 3649 1269 3699 habuerunt
1291 3630 1544 3710 consuetudinemd,
1568 3649 1624 3698 sive
1647 3664 1693 3712 per
1715 3648 1825 3697 flumina
1846 3647 1904 3696 sive
1922 3661 1971 3710 per
1989 3659 2080 3708 mare,
2098 3643 2131 3690 30

420 3754 448 3800 et
469 3751 579 3800 flumina
601 3767 653 3815 que
675 3755 768 3814 aperta
789 3751 898 3800 fuerunt
920 3753 948 3800 in
970 3750 1022 3801 fine
1045 3752 1203 3803 Tarnisiano
1227 3753 1305 3804 hodie
1335 3754 1369 3803 ab
1399 3747 1499 3803 annis⁰
1521 3753 1639 3818 triginta,
1666 3731 1891 3817 reapperianturr
1917 3755 1978 3819 pel·
2000 3755 2079 3797 con-

422 3837 651 3902 suetudinem⁸
674 3859 802 3923 semper
824 3840 967 3904 inantea.

523 3955 683 4021 Equilenses
704 3971 767 4005 vero
791 3957 916 4021 capulare
939 3957 1054 4008 debeant
1076 3957 1108 4008 de
1130 3960 1189 4023 ripa
1212 3960 1297 4009 sancti
1318 3959 1419 4009 Zenoni
1441 3975 1527 4024 usque
1548 3959 1577 4008 in
1599 3959 1671 4010 fossa
1694 3957 1852 4007 Metamauri
1868 3961 1894 4006 et
1910 3955 2055 4005 Gentionis

426 4075 529 4110 omnem
545 4057 667 4108 arborem
689 4065 753 4130 quo
770 4065 882 4110 eorum
899 4067 980 4130 opus
995 4045 1146 4111 habuerit
1161 4045 1337 4132 capulandi
1361 4068 1387 4113 et
1408 4045 1523 4129 vegetei
1546 4047 1634 4134 quod
1650 4045 1765 4112 melius
1781 4045 1925 4131 potnerit
1947 4065 1975 4109 st
1997 4059 2081 4108 lieen-

422 4165 488 4212 tiam
510 4163 609 4213 babeat
630 4162 736 4227 peculia
757 4146 871 4214 restrak
893 4166 923 4213 in
944 4166 1016 4230 ipsas
1038 4164 1104 4216 fines
1126 4181 1233 4231 passere
1256 4171 1283 4216 et
1304 4164 1432 4230 pabalare
1455 4183 1515 4217 cnm
1537 4168 1687 4217 securitate.
2099 4169 2132 4216 35

2065 3935 2080 3976 h

508 4283 566 4337 350.
595 4287 618 4346 e)
632 4291 662 4334 nt
673 4284 700 4334 B
751 4286 868 4348 ι’)ιιοιιιί
880 4289 1001 4338 homines
1015 4291 1116 4352 (omnes
1128 4287 1167 4356 D)
1177 4306 1224 4354 per
1236 4295 1336 4339 vestras
1350 4305 1432 4355 aquas
1445 4289 1567 4354 (vestrm
1581 4305 1678 4355 aquam
1689 4289 1728 4351 D)
1740 4291 1856 4354 itemque
1867 4285 1917 4338 OD
1968 4287 1998 4352 g)
2018 4289 2046 4336 et
2061 4283 2085 4336 0

593 4354 620 4418 h)
636 4355 766 4420 pistolarii
784 4355 812 4406 Β
897 4359 917 4420 ἰ)
939 4355 966 4418 0,
991 4363 1018 4408 st
1041 4365 1182 4423 componat
1206 4360 1230 4410 ei
1254 4357 1303 4408 sol.
1328 4365 1460 4409 trecentos
1486 4366 1512 4409 et
1535 4361 1558 4410 si
1576 4360 1647 4424 quod
1665 4357 1735 4409 absit
1753 4361 1857 4409 occisus
1874 4357 1955 4406 fuerit
1973 4383 2009 4392 -
2026 4355 2081 4420 ipsi

593 4423 641 4474 sol.
655 4423 711 4474 BD
796 4423 824 4492 lr)
837 4426 864 4476 Β
875 4424 1034 4489 =D0.1r.,
1054 4442 1148 4476 causas
1166 4425 1329 4478 09:1⁷0.
1415 4429 1434 4492 l)
1454 4427 1548 4479 OD:
1565 4427 1619 4478 VU.
1636 4438 1671 4491 Π,
1691 4429 1732 4478 bis
1751 4428 1864 4493 epistola
1881 4442 1930 4476 suo
1949 4425 2034 4475 iudici
2053 4423 2081 4472 B

594 4493 630 4557 ιιι)
650 4492 677 4543 D
688 4513 723 4537 =
737 4493 790 4544 VH.
808 4495 863 4545 and
881 4493 942 4545 Do.
954 4505 994 4556 H,
1013 4496 1135 4546 ordinato
1147 4495 1201 4546 Bc
1266 4497 1294 4564 ιι)
1310 4495 1364 4548 VU.
1384 4497 1439 4546 ond
1456 4496 1518 4549 ΒΟ.
1531 4507 1571 4554 Π..
1590 4499 1670 4563 legati
1683 4496 1762 4548 1301)
1830 4495 1858 4562 o)
1870 4495 1945 4546 D=
1958 4492 2020 4544 Do.
2039 4502 2081 4552 IL,

593 4578 816 4683 dieisrerilffladdd
827 4565 1074 4684 mallem&
1097 4581 1473 4700 unapillqit'dinlileaiidilsidnldn
1494 4565 1530 4686 gl
1551 4565 1854 4687 ιιιίἱίοίγιζι)’ξιίιιιξωῖὶύωπ
1876 4561 2082 4700 Ἓΐξιιοᾶιζ
2098 4563 2134 4611 w

1240 4673 1246 4684 .
1282 4673 1289 4697 ,
1462 4673 1468 4696 ,
1522 4654 1531 4685 1
1624 4674 1631 4697 ,
1688 4655 1695 4685 1
2070 4657 2081 4667 ·

594 4703 667 4752 tione
690 4701 716 4751 Β
803 4701 825 4768 ι)
845 4702 917 4752 D:
933 4702 1003 4764 Vc,
1030 4705 1146 4754 voluerit
1169 4707 1207 4754 sic
1230 4703 1295 4754 fiant
1312 4704 1347 4768 B,
1365 4705 1498 4755 voluerint
1515 4653 1554 4755 siqc
1572 4704 1637 4755 fiant
1657 4654 1714 4755 Oq
1762 4705 1785 4767 s)
1804 4705 1855 4770 ipsi
1872 4703 1899 4754 B
1987 4704 2009 4762 t)
2029 4707 2082 4750 tre·

594 4772 664 4820 conti
681 4769 709 4820 B
794 4769 824 4838 ιι)
841 4772 936 4838 plagas
954 4772 980 4822 Β
1069 4773 1096 4836 v)
1115 4770 1210 4824 012:
1224 4773 1286 4836 VU,
1304 4775 1464 4840 suscipiatur
1482 4774 1508 4824 Β
1594 4773 1628 4840 w)
1642 4773 1690 4824 OD
1703 4794 1735 4818 =
1750 4773 1813 4834 Vc,
1837 4778 2035 4824 sacramentnm
2054 4769 2081 4819 B

593 4839 620 4902 x)
637 4842 728 4904 quanti
751 4840 778 4891 Β
881 4843 909 4906 y)
925 4842 1023 4892 tuerint
1045 4841 1073 4891 Β
1176 4843 1200 4906 ι)
1218 4842 1253 4906 D,
1281 4859 1328 4908 per
1346 4859 1375 4893 se
1393 4845 1451 4894 sola
1475 4843 1509 4904 Β,
1536 4860 1584 4909 pro
1607 4842 1709 4894 solaO
1809 4843 1834 4906 ιι)
1852 4840 1923 4905 fehlt
1947 4843 1978 4890 in
2001 4837 2083 4890 BOD

424 4927 427 4936 ’
520 4965 523 4971 ,
594 4908 622 4970 b)
641 4925 692 4973 que
704 4907 774 4971 fehlt
790 4911 820 4958 ιἰι
837 4910 871 4971 Β,
890 4915 993 4976 erysimi
1009 4910 1077 4960 nael
1095 4910 1158 4976 Vc,
1177 4919 1326 4962 sanctarum
1346 4913 1517 4962 ecclesiarum
1533 4911 1582 4963 ol>
1678 4914 1703 4974 c)
1723 4911 1797 4962 D=
1814 4911 1877 4973 Vc,
1896 4926 1974 4961 suum
1992 4925 2082 4960 saecr-
2100 4915 2137 4964 4⁵

595 4977 701 5028 dotibus
713 4977 748 5040 B,
767 4980 790 5028 si
804 4982 831 5028 in
843 4981 1026 5032 sacerdotibus
1041 4979 1066 5031 0
1149 4983 1174 5044 d)
1192 4981 1306 5032 licencia
1324 4983 1474 5047 capulando
1493 4983 1516 5031 si
1533 4998 1581 5047 per
1592 5009 1625 5017 -—
1639 4981 1830 5032 consuetudine
1842 4980 1869 5030 Β
1956 4977 2025 5042 0)(1,
2046 4979 2082 5029 ab

595 5062 679 5098 annos
697 5047 731 5108 Β,
755 5049 790 5098 ad
808 5064 893 5099 annos
911 5047 940 5099 D
1038 5049 1109 5113 ι’)Β,
1127 5053 1292 5116 reperiantur
1313 5049 1362 5100 01>
1464 5052 1492 5118 g)
1509 5051 1673 5101 consuetudo
1690 5050 1718 5100 Β
1821 5050 1848 5114 h)
1865 5047 1928 5109 VU,
1947 5048 2082 5099 Medauro

594 5117 770 5183 Egentionem
787 5117 828 5178 Β,
856 5118 888 5168 de
914 5119 1077 5169 Metamauro
1096 5119 1245 5184 Egentione
1260 5118 1309 5170 01>
1401 5119 1419 5182 i)
1438 5127 1464 5170 et
1481 5135 1577 5185 regere
1595 5120 1666 5185 quod
1684 5119 1779 5170 melius
1796 5121 1911 5184 potuerit
1928 5123 1959 5167 ut
1977 5125 2083 5168 rectum

596 5193 636 5235 est
658 5189 719 5235 usui
742 5187 947 5252 persolvendum
972 5194 998 5237 et
1020 5188 1155 5238 licentiam
1173 5190 1290 5239 habeant
1313 5188 1418 5253 peculia
1436 5195 1527 5240 nostra
1544 5191 1573 5238 in
1591 5192 1662 5254 ipsas
1680 5189 1746 5238 fines
1765 5203 1874 5253 pascere
1893 5193 1919 5238 st
1935 5188 2082 5252 pabulare.

597 5255 639 5305 De
656 5255 753 5305 finibus
772 5261 861 5305 autem
874 5257 997 5306 Ciuitatis
1014 5272 1086 5306 noue
1104 5259 1141 5307 ita
1159 5259 1285 5323 capulent
1297 5261 1366 5307 sicut
1378 5258 1412 5307 ab
1426 5260 1572 5324 antiquitus
1585 5259 1712 5308 iecerunt.
1741 5257 1878 5322 Caprisani
1891 5272 1954 5306 vero
1968 5258 1997 5306 in
2010 5257 2084 5308 silva
2103 5260 2139 5309 60

594 5324 641 5373 ubi
659 5325 852 5389 capularemnt
868 5327 897 5374 in
916 5324 968 5375 tine
986 5325 1157 5377 Foroiuliane
1181 5344 1284 5392 semper
1308 5327 1390 5376 faciat
1412 5328 1497 5378 redito
1518 5334 1544 5378 et
1564 5328 1690 5392 capulent
1707 5328 1777 5377 sicut
1794 5332 1915 5376 etentes
1933 5327 2084 5392 capulare·

596 5398 663 5443 runt.
698 5394 741 5442 De
760 5393 937 5444 Gradensium
954 5410 1018 5444 vero
1036 5396 1181 5444 secundum
1194 5398 1330 5462 antiquam
1349 5397 1566 5447 consuetudinem
1586 5397 1701 5446 debeant
1718 5396 1781 5446 dare
1799 5401 1825 5445 et
1842 5395 1968 5461 capulare
1986 5396 2085 5445 simili·

595 5465 634 5511 ter
651 5461 752 5511 faciant
769 5463 816 5512 nbi
834 5469 912 5514 antea
929 5464 1049 5513 fecerunt
1066 5467 1094 5513 in
1111 5463 1163 5514 fine
1175 5465 1347 5516 Foroiuliensi
1366 5467 1436 5514 sicut
1453 5466 1487 5515 ab
1507 5467 1652 5530 antiquitus
1671 5466 1797 5515 fecerunt
1827 5464 2035 5514 Reservavinlus
2055 5467 2086 5515 in

597 5529 690 5580 eodem
709 5535 786 5596 pacto
804 5538 835 5581 ut
852 5548 913 5597 pars
938 5533 1006 5598 parti
1031 5532 1064 5582 de
1088 5535 1175 5583 causis
1200 5534 1372 5585 ecclesiarum
1397 5541 1423 5584 et
1447 5537 1666 5586 monasteriorum
1689 5536 1809 5584 iusticias
1832 5533 1927 5583 secere.
1965 5533 2086 5585 Tributa

594 5601 665 5664 pacti
685 5601 756 5650 omni
774 5616 844 5650 anno
863 5604 959 5651 mensis
977 5603 1070 5651 marcii
1087 5603 1164 5654 nobis
1181 5603 1365 5669 persolvantur
1384 5603 1450 5654 libre
1463 5605 1558 5669 viginti
1576 5606 1692 5669 quinque
1705 5603 1738 5654 de
1750 5609 1853 5653 nostros
1867 5602 1970 5652 dinatio
1988 5601 2013 5652 0
2027 5603 2087 5654 maa
2106 5605 2142 5654 55

594 5669 641 5718 mit
658 5669 771 5732 werriyen
789 5669 928 5719 Vas-lantes
945 5668 982 5731 D,
1008 5669 1102 5720 welche
1124 5669 1181 5720 hies·
1200 5678 1276 5722 amer
1297 5670 1532 5723 Rauennates
1555 5671 1609 5736 cess
1625 5671 1669 5723 die
1689 5671 1746 5724 VU.
1762 5681 1787 5722 ιι
1802 5673 1849 5721 nit
1871 5671 1955 5721 ειίισιιι
1978 5669 2088 5742 Amsq

597 5753 644 5788 aas
661 5737 712 5787 den
730 5737 818 5788 letzten
837 5739 1044 5806 Batimmmryen
1061 5739 1202 5790 obbredm
1305 5739 1334 5808 k)
1350 5747 1442 5792 nostra
1458 5739 1547 5796 BGD.
