4560 6420
1040 393 1495 454 KAISERURKUNDEN.

544 582 605 639 hot.
650 579 791 638 Donrtocb
813 580 914 638 roardo
935 578 980 650 A,
1014 579 1155 638 ouctdcot
1182 579 1385 637 iasbcsoodorc
1411 580 1484 638 eoois
1511 578 1675 654 Eiooltinga
1703 578 1853 652 eiepcfa'pt
1880 578 2003 638 worden
2025 596 2100 648 seor,

546 685 639 743 durch
660 683 854 757 Besiopeiimp
881 701 939 742 ror
960 682 1297 756 Kooclciuusfcrtipuop
1321 683 1504 756 postcmpelt,
1540 682 1605 740 dem
1633 683 1809 741 Dectiuotdr
1836 683 1908 740 aber
1936 683 2016 740 aucit
2045 681 2100 740 dus

545 788 738 862 apostasiis
764 788 794 846 Β
821 787 1000 846 oocrtossoe.
1042 788 1114 847 Wos
1135 803 1176 844 au
1198 785 1263 844 dero
1285 785 1325 845 D.
1349 785 1427 844 Korl
1449 794 1505 846 ΙΙΙ.
1532 803 1597 844 uoce
1620 785 1653 846 J.
1677 788 1739 845 886
1764 783 1895 864 (Dampe'
1916 785 1992 858 ch,
2016 784 2099 843 Bod.

546 898 588 956 77
608 899 643 952 πθ
663 891 717 972 13)
742 892 787 953 uls
808 893 871 954 VU.
894 890 1121 966 tioruaufdoee
1143 908 1215 962 soor,
1238 893 1356 950 cerritis
1378 890 1446 950 BA.
1470 891 1515 949 uls
1538 889 1682 950 Dictator.

545 1080 602 1161 (C.)
624 1077 638 1158 i
658 1079 698 1143 In
728 1081 858 1144 nomine
887 1087 1020 1142 sanctae
1050 1087 1083 1141 et
1107 1075 1276 1162 indiiidue
1304 1077 1466 1142 trinitatis.
1513 1075 1590 1141 Otto
1621 1075 1730 1141 divina
1758 1079 1890 1142 favente
1918 1077 2130 1146 clementiae

442 1207 511 1249 reX.
598 1191 758 1248 Eninvero⁸
780 1199 803 1248 si
825 1203 1021 1248 antecessorum
1043 1179 1219 1248 nostrorumb

1221 1235 1227 1260 ,
1251 1213 1342 1262 regum
1364 1195 1489 1247 videlicet
1511 1197 1567 1246 sive
1589 1197 1791 1261 imperatorum,
1813 1177 1828 1260 ξ
1849 1198 1966 1247 maxim0
1988 1213 2097 1262 quoque

442 1304 660 1354 monasteriorum
683 1296 843 1352 coenobiis⁰
865 1317 991 1352 concessa
1012 1301 1154 1367 privilegia
1176 1306 1265 1367 nostre
1288 1300 1455 1351 auctoritatis
1476 1301 1590 1352 annone
1613 1301 1782 1364 roboramus,
1813 1316 1868 1351 non
1891 1302 1979 1351 solnm
2001 1316 2096 1368 regum

442 1423 540 1458 morem
562 1408 591 1456 in
617 1422 648 1456 eo
678 1406 802 1456 decenter
829 1406 984 1470 implemus,
1018 1421 1110 1456 verum
1139 1406 1219 1455 etiam
1248 1420 1308 1454 eum
1336 1403 1537 1470 tranquillitatis
1565 1406 1708 1454 securitate
1730 1406 1878 1455 viventium
1901 1405 2015 1455 iratu'um
2038 1420 2095 1456 ora-

441 1511 559 1560 tionibus
581 1510 724 1574 plurimum
747 1509 867 1560 adiuvari
890 1507 1055 1559 confidimus.
1092 1508 1210 1574 Ideoque
1232 1509 1337 1558 noverit
1359 1509 1475 1558 omnium
1498 1507 1616 1558 fidelium
1638 1514 1786 1560 nostrorum
1809 1511 1974 1574 presentium
1992 1510 2097 1560 scilicet

346 1591 349 1600 Α
441 1621 468 1666 et
489 1616 640 1666 futurorum
661 1613 808 1677 industria,
831 1599 970 1685 qualiter
992 1599 1166 1663 Heimious
1188 1609 1301 1663 noster
1323 1597 1460 1664 dilectus
1481 1597 1581 1662 frater
1603 1606 1636 1661 et
1658 1595 1850 1662 Cuonradus
1874 1619 1985 1661 comes
2018 1613 2147 1663 patu-10

440 1720 530 1769 lerunt
552 1721 649 1769 nostris
672 1720 811 1769 obtutibus
833 1718 967 1784 quoddam
989 1723 1143 1783 preceptum
1166 1699 1366 1768 antecessoris‘l
1388 1717 1471 1767 nostri
1493 1716 1678 1782 gloriosissimi
1699 1733 1716 1763 a
1738 1718 1905 1780 imperatoris
1926 1700 2045 1766 Karoli
2068 1719 2096 1767 in

440 1840 493 1889 quo
523 1824 724 1886 continebatur,
758 1822 872 1888 qualiter
902 1821 1071 1885 supradictus
1099 1821 1263 1870 Francorum
1292 1823 1416 1886 princeps
1442 1805 1646 1891 Augigensi⁰
1672 1821 1832 1871 monasterio
1854 1837 1903 1886 per
1925 1823 2095 1872 auctoritatis

440 1929 615 1977 munitionem
638 1931 806 1977 concesserat
828 1925 962 1990 quandam
984 1925 1076 1974 villam
1098 1925 1269 1990 proprietatis
1292 1939 1340 1991 sne
1362 1927 1535 1975 constitutam
1557 1926 1606 1974 sub
1629 1926 1687 1974 inre
1710 1923 1766 1974 fisci
1781 1925 1915 1975 vocabulo
1930 1925 2093 1988 Potamicus,

439 2013 531 2096 qnaer
552 2036 592 2080 est
614 2031 665 2079 sita
687 2031 715 2079 in
737 2044 806 2095 pago
825 2028 998 2079 Vnderseuue
1021 2033 1047 2078 et
1070 2027 1201 2094 apellatur
1222 2029 1361 2094 Tettinga,
1396 2045 1457 2078 cum
1485 2030 1608 2079 omnibus
1638 2029 1756 2079 terminia
1778 2027 1811 2079 ad
1836 2045 1864 2079 se
1888 2031 2093 2094 pertinentibus,

438 2118 592 2183 videlicet
614 2133 736 2183 domibus
760 2134 906 2198 ceterisque
929 2131 1050 2182 edificiiis
1073 2125 1175 2182 terris*
1198 2131 1277 2182 cultis
1300 2136 1326 2182 et
1349 2131 1457 2182 incultis
1480 2132 1554 2182 silvis
1572 2134 1655 2198 pratis
1673 2134 1779 2198 pascuis
1798 2134 1915 2184 exitibus
1934 2140 1961 2185 et
1982 2119 2143 2184 resilii-15

438 2222 499 2287 bus
523 2239 599 2303 aquis
622 2252 804 2302 aquarumque
826 2235 983 2286 decursibus
1005 2217 1171 2301 mancipiish
1194 2236 1332 2300 utriusque
1355 2251 1434 2286 sexus
1457 2241 1483 2286 et
1505 2237 1583 2302 etatis
1606 2238 1634 2286 in
1657 2251 1689 2286 ea
1711 2238 1940 2288 commanentibus
1963 2245 2044 2304 etque
2060 2240 2093 2289 ad

438 2357 496 2394 eam
525 2343 582 2392 iure
611 2342 819 2407 pertinentibus,
853 2343 962 2406 insuper
992 2342 1072 2390 etiam
1101 2340 1203 2390 tributa
1231 2355 1263 2389 ac
1292 2341 1401 2390 servitia
1429 2321 1521 2405 quaef
1540 2340 1593 2390 dno
1616 2341 1694 2392 liberi
1716 2341 1835 2391 homines
1858 2342 2045 2393 Iuncrammus
2067 2351 2094 2394 et

438 2446 578 2497 Foloratue
606 2445 641 2496 ad
669 2446 782 2496 eundem
810 2444 903 2496 fiscum
931 2445 1133 2510 persolvebant,
1168 2444 1248 2495 etiam
1270 2449 1297 2494 et
1319 2443 1386 2494 duas
1408 2444 1493 2495 hobas
1516 2445 1581 2494 sitas
1603 2447 1631 2494 in
1653 2445 1719 2494 villa
1739 2460 1791 2510 quq
1816 2445 1950 2510 apellatur
1979 2447 2092 2498 Aloliee

436 2550 520 2612 bach,
542 2552 572 2599 in
590 2550 688 2615 quibus
706 2549 803 2612 Gorzo,
826 2548 986 2601 Gundbreht
1008 2555 1035 2599 et
1056 2530 1246 2600 Uualdbrehti
1266 2565 1327 2599 cnm
1348 2547 1411 2598 filiis
1434 2550 1489 2598 suis
1512 2563 1617 2599 manere
1640 2549 1814 2612 ridebantur,
1844 2566 1894 2600 nec
1919 2567 1974 2600 non
1996 2556 2025 2601 et
2047 2553 2091 2601 tri-

436 2655 532 2704 butum
554 2653 626 2719 quod
648 2653 764 2705 Ratbold
787 2654 822 2704 ad
844 2653 1026 2719 supradictum
1048 2653 1141 2704 fiscum
1164 2652 1333 2717 persolvebat
1355 2653 1389 2703 ab
1412 2653 1454 2703 his
1476 2652 1543 2703 locis
1565 2669 1617 2718 qne
1639 2652 1803 2716 Vnalauuis,
1831 2655 2045 2720 Liutegarninga
2067 2661 2093 2706 et
2109 2658 2142 2706 20

436 2758 573 2825 Rorinang
601 2759 786 2821 nominantur,
821 2775 872 2824 quq
899 2758 1007 2824 quidem
1034 2760 1088 2808 iam
1117 2757 1218 2808 dudum
1245 2758 1344 2807 iniuste
1372 2771 1389 2807 a
1411 2762 1542 2822 potestate
1565 2757 1684 2808 eiusdem
1705 2759 1859 2808 monasterii
1883 2759 2018 2824 abstracte
2042 2761 2091 2809 sub

435 2863 493 2912 inre
521 2861 577 2912 fisci
605 2844 775 2928 constitutek
803 2863 925 2926 fuerunt,
958 2867 1042 2912 terras
1070 2877 1176 2928 quoqne
1205 2876 1236 2911 ae
1264 2862 1495 2926 possessiunculas
1522 2877 1589 2928 quas
1611 2861 1690 2913 liberi
1712 2862 1831 2912 homines
1852 2861 2035 2926 particulatim
2059 2863 2091 2912 de

435 2964 528 3016 eodem
550 2964 614 3016 fisco
637 2981 685 3030 pro
708 2966 852 3032 sepulturis
873 2968 929 3018 suis
952 2972 979 3017 et
1001 2981 1082 3017 causa
1105 2966 1249 3032 elemosine
1277 2965 1312 3015 ad
1339 2965 1409 3016 idem
1438 2968 1627 3016 monasterinm
1658 2966 1826 3016 contulerant
1850 2967 1893 3017 vel
1916 2966 2092 3017 vendiderant

434 3071 463 3119 in
478 3069 551 3120 villis
568 3055 771 3140 Eicoltinga,
796 3054 1078 3140 Thingoltesdorf,
1102 3053 1272 3121 Vnalauuis¹
1294 3076 1321 3120 et
1342 3071 1496 3136 Nancmgas
1517 3053 1569 3118 vel
1592 3055 1625 3118 in
1648 3053 1721 3118 aliis
1744 3053 1787 3118 ad
1810 3052 1951 3118 eundem
1972 3054 2090 3120 fiscum

433 3159 670 3244 pertinentibus
694 3190 752 3225 esse
773 3180 928 3225 noscuntur.
973 3175 1025 3225 Pro
1048 3169 1210 3225 firmitatis1¹¹
1233 3168 1373 3240 namque¹²
1395 3173 1484 3224 studio
1507 3166 1734 3239 postulaverunt⁰
1755 3189 1805 3223 nos
1827 3157 2003 3224 Heinricus
2027 3160 2089 3223 fra·
2107 3175 2138 3222 25

433 3274 482 3329 ter
502 3272 614 3329 noster
637 3274 669 3329 et
692 3262 886 3330 cuonradus
909 3287 1036 3346 comes,
1071 3284 1100 3329 ut
1129 3284 1269 3344 paternum
1297 3295 1396 3328 morem
1425 3284 1565 3344 sequentes
1593 3277 1776 3328 huiuscemodi
1803 3279 1971 3328 auctoritatis
1998 3285 2089 3345 nosue

433 3382 591 3434 beneficium
620 3384 706 3434 eidem
733 3384 937 3435 concederemus
965 3383 1008 3434 vel
1037 3381 1252 3433 confirmaremus
1280 3383 1450 3432 monasterio.
1500 3382 1555 3432 Nos
1583 3397 1646 3432 vero
1675 3383 1829 3447 petitionem
1858 3397 1950 3432 eorum
1978 3383 2090 3447 implere

433 3488 570 3551 cupientes
593 3489 767 3538 antecessoris
789 3489 873 3538 nostri
901 3493 1056 3552 preceptum
1079 3485 1230 3536 firmissima
1257 3478 1406 3551 largitatel'
1436 3487 1591 3536 roboramus
1614 3490 1695 3550 atque
1718 3480 1848 3535 omninoq
1872 3488 2088 3554 superiuscom-

432 3590 563 3655 prehensa
583 3606 632 3655 pro
655 3591 832 3642 emolumento
855 3593 943 3657 anime
965 3596 1055 3657 nostre
1077 3590 1112 3640 ad
1134 3590 1205 3640 idem
1227 3590 1418 3640 monasterium
1440 3589 1610 3638 contulimus.
1653 3573 1766 3637 Preier
1790 3574 1850 3638 hec
1877 3577 1978 3640 etlam
1999 3575 2088 3640 dedi·

431 3701 504 3743 mus
527 3678 571 3743 ad
589 3678 790 3744 antedictum
812 3682 1046 3745 monasterium
1068 3703 1127 3765 pro
1149 3678 1295 3743 remedio
1320 3681 1428 3762 anime
1451 3688 1560 3762 nostre
1584 3677 1635 3742 vel
1660 3679 1758 3742 etiam
1777 3676 1980 3742 dilectissimi
1999 3682 2089 3762 geni·
2105 3692 2138 3740 30

431 3784 511 3847 toris
540 3784 643 3847 nostri
671 3782 766 3866 beate
797 3785 951 3868 memorie
981 3784 1127 3849 Heinrici
1157 3785 1243 3868 regis
1266 3782 1422 3870 quicquid
1443 3785 1477 3847 in
1498 3782 1578 3846 villa
1601 3781 1838 3846 Lucilonstetir
1871 3780 1993 3848 habere
2025 3785 2086 3847 visi

431 3907 553 3967 sumus,
577 3908 650 3950 cum
674 3885 824 3951 omnibus
848 3888 1020 3971 mancipiis
1045 3885 1219 3972 apenditiis
1235 3888 1342 3951 censis
1357 3887 1460 3950 vineis
1476 3897 1509 3950 et
1524 3884 1739 3950 adiacentiis⁸
1762 3886 1829 3950 suis
1845 3884 1921 3950 illuc
1938 3884 2088 3970 legaliter

430 3988 682 4074 aspicientibus,
712 3997 748 4053 ut
776 3989 1008 4074 perpetualiter
1035 3999 1229 4076 permaneat
1251 3988 1295 4054 ad
1315 3988 1530 4054 restauranda
1552 3989 1726 4052 luminaria
1748 4011 1810 4075 que
1832 3986 1993 4053 Alauicus
2016 4011 2088 4074 pre·

428 4095 488 4158 fati
512 4095 699 4158 monasterii
723 4091 828 4158 abbas
851 4095 894 4158 ad
916 4094 1074 4159 honorem
1097 4105 1208 4179 sancte
1232 4096 1338 4159 crucis
1352 4094 1430 4176 ,fieri
1455 4093 1607 4158 decrevit.
1646 4109 1774 4159 laesimus
1796 4123 1903 4173 quoque
1924 4092 2014 4157 idem
2036 4108 2088 4159 hoc

428 4219 563 4283 presens
585 4217 739 4278 preceptum
754 4230 770 4260 ι
786 4215 918 4264 conscribi
941 4221 1040 4263 manu
1056 4209 1169 4263 nostra
1183 4198 1348 4264 firmatum
1365 4207 1398 4262 et
1421 4197 1511 4262 anuli
1533 4199 1635 4262 nostri
1658 4198 1860 4282 inpressione
1882 4196 2086 4280 roboratum,
2105 4215 2137 4264 35

428 4319 468 4367 ita
488 4311 525 4366 ut
547 4316 673 4381 deinceps
695 4318 793 4366 nostris
815 4317 966 4384 futurisque
989 4319 1153 4383 temporibus
1176 4317 1327 4368 firmissima
1348 4319 1451 4368 ratione
1474 4319 1628 4381 permaneat
1650 4299 1820 4384 nullusque
1843 4300 1878 4362 in
1901 4298 1993 4363 aliud
2015 4322 2088 4364 ver·

428 4413 495 4470 tere
518 4412 714 4489 potestatem
740 4403 871 4469 habeat.

529 4564 543 4646 ᾗ
566 4561 701 4645 Signum
724 4559 836 4626 domni
860 4559 992 4626 Ottonis
1016 4562 1221 4625 invictissimi
1243 4563 1329 4645 regis
1353 4561 1400 4645 i(
1433 4559 1474 4641 .)‘

529 4662 656 4749 {Brun
679 4664 894 4729 cancellarius
918 4663 1068 4729 advioem
1091 4663 1253 4728 Fridurici
1277 4663 1553 4749 archicappellani
1576 4663 1763 4746 recognovi.
1786 4661 1800 4744 i
1821 4663 1877 4743 (SI.
1904 4665 1947 4744 1.)
1978 4665 2089 4746 (81).)ιι

529 4852 570 4908 83.
600 4853 707 4922 [Siclrel]
789 4853 816 4916 ιι)
835 4850 894 4916 AB,
912 4855 942 4904 ie
958 4853 986 4904 Β
996 4853 1093 4920 jodoci
1112 4869 1177 4904 corr.
1197 4855 1226 4904 ta
1244 4857 1379 4906 enimvero
1461 4854 1489 4919 b)
1502 4854 1536 4916 Β,
1555 4857 1679 4905 ιιὸἰοηιιιι
1697 4854 1721 4903 A
1738 4853 1791 4916 eus
1803 4851 1892 4904 Bosur
1976 4854 2003 4920 c)
2022 4873 2085 4908 coe-
2105 4858 2138 4906 40

596 4924 674 4974 nobis
691 4923 738 4972 mit
755 4923 1019 4989 iiberpescitricbenem
1042 4925 1051 4972 i
1074 4922 1102 4973 B
1205 4923 1233 4985 (1)
1252 4925 1281 4973 ia
1299 4924 1325 4974 Β
1343 4924 1414 4974 letata
1432 4922 1596 4974 amicata
1614 4922 1666 4986 aas
1678 4922 1767 4974 Rosos·
1870 4924 1895 4983 e)
1914 4923 1996 4988 Auge
2014 4926 2044 4974 ia
2064 4925 2089 4976 B

596 4991 649 5055 aas
660 4991 750 5042 Rosea
860 4993 952 5059 Oquq
970 4992 997 5042 Β
1108 4993 1137 5060 g)
1156 4993 1189 5042 iis
1211 4999 1263 5043 terr
1285 4995 1314 5043 in
1336 4992 1361 5043 A
1383 4993 1436 5058 aas
1447 4993 1548 5054 Rosia,
1578 4991 1688 5043 edificiis
1706 4991 1733 5042 Β
1840 4990 1869 5049 b)
1888 4995 2022 5059 mancipis
2040 4999 2089 5046 nit

595 5059 857 5126 iiberpescbrietcnem
880 5064 891 5111 i
913 5063 943 5111 ia
960 5061 987 5111 Β
1089 5061 1109 5122 i)
1127 5061 1293 5112 Vualdbreht
1312 5062 1339 5112 Β
1447 5063 1476 5122 k)
1495 5064 1607 5127 constitq
1625 5061 1652 5111 B
1763 5060 1782 5121 1)
1800 5060 1828 5107 in
1850 5059 1874 5110 A
1898 5064 2089 5128 wrpninylicis

595 5130 770 5180 Lucilonsteti
788 5129 1008 5196 Thiagoltesdori
1030 5130 1192 5194 Vnalauuis,
1218 5132 1291 5181 donn
1312 5131 1360 5181 der
1382 5136 1447 5181 oeate
1466 5130 1548 5180 Nemo
1569 5130 1656 5181 rodit-t
1673 5129 1728 5181 mid
1744 5145 1793 5180 uon
1811 5127 1868 5180 BA.
1886 5137 1982 5194 &aetat
2004 5132 2090 5188 due-et

595 5199 755 5264 Eicoltinga,
773 5199 887 5262 dapepcn
904 5200 934 5248 ιἰι
951 5198 978 5248 Β
994 5215 1045 5249 aur
1062 5200 1238 5251 Lucilonsteti
1256 5201 1404 5252 Vnalauuis
1421 5202 1470 5251 soie
1487 5202 1516 5248 in
1533 5199 1586 5250 VU.
1673 5201 1710 5260 ιιι)
1729 5213 1794 5248 corr.
1806 5213 1854 5248 osea
1871 5198 1997 5252 tirmiatis
2016 5204 2047 5253 ia
2065 5203 2090 5256 A
2108 5206 2142 5254 Ab

594 5269 621 5330 ιι)
640 5267 703 5317 {tter
719 5267 767 5317 der
784 5267 854 5317 Zeila
870 5266 1059 5333 eoelyetropeu
1075 5269 1105 5318 ie
1117 5269 1143 5318 Β
1224 5269 1250 5333 ο)
1269 5271 1452 5335 postulaverat
1469 5271 1515 5320 ma
1531 5267 1794 5334 cooperuissem
1812 5283 1829 5316 ιι
1846 5269 1874 5317 ie
1887 5268 1915 5318 Β
2000 5273 2030 5337 p)
2049 5273 2092 5325 le.

594 5339 677 5403 gitate
694 5338 741 5387 mit
758 5336 1020 5400 inspectricem
1037 5353 1050 5386 r
1068 5339 1095 5386 in
1108 5338 1134 5387 Β
1213 5341 1239 5404 q)
1260 5341 1349 5389 omnia
1359 5338 1387 5389 B
1404 5341 1453 5388 wie
1470 5340 1499 5388 ia
1515 5337 1569 5388 VU.
1647 5339 1671 5398 r)
1689 5337 1866 5387 Lucilnnsteti
1880 5337 1905 5386 B
1989 5345 2015 5402 s)
2029 5359 2094 5395 cum

593 5407 733 5472 mancipiis
803 5407 941 5456 adiaomffl
963 5421 1020 5455 mm
1044 5405 1118 5456 ilarii
1140 5407 1193 5471 aas
1209 5407 1298 5459 Rarus·
1320 5409 1349 5457 ia
1372 5408 1398 5457 Β
1506 5406 1528 5472 t)
1546 5406 1632 5457 indam
1654 5406 1712 5457 BA.
1736 5405 1785 5456 doe
1806 5405 1844 5456 Μ.
1865 5420 2020 5474 uer-pessare,
2050 5430 2095 5464 aaa

595 5473 702 5526 Sollers
719 5474 766 5524 dar
784 5473 889 5524 Fomet
906 5474 997 5525 bacas
1014 5474 1058 5525 dte
1076 5474 1130 5524 itm
1145 5476 1269 5542 paldufipe
1287 5476 1484 5540 interpretation
1498 5476 1615 5540 pameas
1632 5475 1687 5526 aad
1703 5473 1867 5524 commoliar
1885 5474 1998 5542 domus
2017 5481 2096 5535 Brun

593 5543 662 5594 hatte
667 5543 760 5608 solym
772 5543 864 5606 ὶαιιοιι,
884 5542 978 5594 locem
990 5558 1018 5594 er
1029 5560 1080 5594 aar
1092 5547 1120 5593 io
1131 5544 1182 5596 den
1193 5545 1317 5610 loropper
1334 5545 1420 5596 ὀίιΙιεν
1431 5560 1480 5596 oon
1491 5545 1538 5595 der
1550 5545 1746 5608 Ieterpaaotioa
1757 5541 1929 5607 impetuose
1940 5544 2040 5600 Busan
2052 5555 2098 5604 ein
2116 5556 2149 5604 50

592 5611 717 5663 wimales
729 5611 866 5663 Hoodmol
877 5611 1050 5680 caedmon,-
1067 5616 1096 5664 in
1108 5613 1135 5663 Β
1152 5620 1227 5664 adata
1244 5631 1272 5666 er
1289 5615 1362 5666 dano
1379 5615 1426 5664 der·
1437 5613 1517 5678 Repel
1532 5617 1632 5677 ponder
1649 5613 1675 5664 S.
1689 5613 1715 5663 d.
1729 5613 1761 5664 0.
1773 5613 1830 5674 (Μ.)
1843 5614 1860 5661 i.
1873 5615 1947 5678 regis
2027 5623 2059 5682 u)
2074 5621 2098 5675 A

594 5682 640 5730 mit
652 5681 762 5732 lisinam
775 5680 987 5748 Sioqolsropmast
1005 5682 1112 5735 eecce
1129 5683 1196 5736 doolt
1212 5683 1279 5735 meli
1297 5685 1347 5735 ders
1370 5683 1496 5748 rioldipoa
1520 5682 1607 5748 lippus
1629 5681 1756 5734 arbem
1774 5681 1847 5743 lietu
1871 5680 1898 5730 Β
1915 5683 1965 5731 mit
1987 5685 2100 5742 ΚΜ.
