4538 6436
878 397 1004 454 ΟΤΤΟ
1026 399 1050 454 Ι.
1074 395 1146 454 970.
1775 393 1842 459 533

295 583 349 642 dos
372 600 427 641 soa
450 583 515 640 dem
538 583 611 640 Abte
633 583 819 640 verbercitetc
840 583 966 655 Prdcrpt
989 585 1031 640 im
1054 583 1086 642 J.
1110 587 1172 643 970
1200 584 1347 657 vollsoqen
1375 585 1492 642 worden
1520 587 1559 642 ist
1587 585 1658 642 odor
1686 585 1774 643 nicht.
1798 619 1840 626 -—

298 687 391 746 Ucber
413 687 460 744 dic
482 685 687 756 ousstbrliclrc
707 687 862 760 Dotiranp
884 704 907 746 s.
933 685 1027 746 Sickei
1049 687 1144 746 Bcitr.
1167 705 1225 746 ror
1246 687 1330 760 Dipl.
1356 691 1385 758 8,
1410 693 1483 748 178.

297 891 356 970 (0.)
385 892 399 974 Ξ
426 889 466 954 In
489 891 621 954 nomine
644 901 755 974 sancte
779 899 811 954 et
833 889 1022 960 individuae
1050 892 1214 956 trinitatis.
1261 889 1338 955 Otto
1369 891 1481 958 divina
1508 891 1640 956 favente
1669 892 1841 957 clementia

192 996 369 1079 imperator
384 1001 607 1075 augustustus.
621 1004 634 1031 ²
720 993 840 1058 Notum
857 994 1095 1059 essevolumus
1118 1003 1186 1059 tam
1210 995 1414 1080 presentibus
1438 1019 1536 1080 quam
1559 1007 1590 1060 et
1611 995 1738 1078 futuris,
1764 1019 1840 1083 qua-

158 1117 173 1162 5
192 1097 265 1162 liter
280 1095 476 1161 venerabilis
495 1095 599 1160 abbas
618 1095 817 1160 Thietfridus
837 1096 877 1160 de
899 1099 913 1182 ᾗ
935 1097 1094 1164 coenobio
1119 1100 1224 1163 sancti
1248 1099 1421 1164 Maximini
1445 1100 1533 1185 quod
1556 1111 1605 1164 est
1628 1102 1661 1164 iu
1685 1100 1839 1166 suburbio

191 1203 385 1267 Treuericae
414 1202 556 1264 civitatis
586 1209 810 1264 constructum
840 1202 873 1264 in
902 1201 1025 1266 honore
1057 1203 1161 1266 sancti
1191 1201 1346 1266 Iohannis
1370 1202 1583 1286 evangeliste,
1615 1215 1760 1270 nostram
1782 1207 1840 1269 im·

193 1304 347 1389 perialem
361 1303 517 1367 Rauenne
540 1301 621 1367 adiit
643 1302 871 1368 excellentiam
894 1325 1096 1389 conquerens
1121 1304 1162 1368 ob
1186 1304 1422 1371 advocatorum
1443 1308 1603 1371 incuriam
1627 1330 1661 1370 se
1685 1330 1840 1394 suamque

192 1398 349 1472 familiam
372 1405 533 1490 permulta
555 1407 623 1490 pati
647 1405 866 1471 incommoda.
911 1407 1016 1490 Igitur
1044 1410 1199 1491 quoniam
1227 1409 1313 1473 idem
1342 1407 1433 1473 locus
1465 1409 1525 1474 suh
1555 1410 1784 1475 mundiburdio
1809 1421 1842 1475 et

192 1511 368 1574 advocatia
391 1520 635 1573 antecessomm
657 1517 858 1591 nostrorum,
889 1511 1122 1594 imperatorum
1145 1509 1297 1576 videlicet
1320 1514 1389 1575 sive
1412 1532 1541 1595 regum,
1573 1535 1700 1597 semper
1723 1517 1841 1578 cousti-

143 1630 173 1676 ιο
192 1625 279 1680 tutus
310 1625 392 1692 erat,
427 1636 486 1697 por
514 1615 732 1678 interventum
763 1611 880 1677 dilecte
910 1615 1059 1698 coniugis
1088 1626 1219 1679 nostrae
1254 1617 1469 1700 imperatricis
1499 1614 1689 1680 Adheleidis
1719 1615 1851 1703 filiique.

191 1719 292 1783 nostri
317 1717 512 1780 serenissimi
536 1717 666 1798 augusti
690 1718 860 1802 aequivoci
878 1714 1008 1780 Ottonis
1032 1739 1092 1780 nec
1115 1727 1180 1780 nea
1202 1715 1352 1781 Annouis
1371 1717 1671 1782 Uuormatienssis⁸
1694 1719 1840 1804 episcopi

192 1833 224 1886 et
251 1820 383 1886 Pertolfi
412 1821 540 1884 comitis
569 1819 772 1884 decrevimus
802 1829 933 1884 nostrae
963 1820 1166 1885 auctoritatis
1196 1831 1368 1906 precept0,
1398 1831 1433 1885 ut
1460 1821 1547 1885 idem
1577 1819 1680 1886 abbas
1708 1823 1841 1906 eiusque

192 1947 398 1990 successores
428 1925 621 1990 advocatias
651 1923 794 1988 habeant
823 1922 940 2008 quibus
964 1921 1065 1986 velint
1088 1922 1188 1988 dandi
1212 1923 1393 2011 quibusque
1417 1925 1517 2010 velint
1540 1925 1674 1990 tollendi
1698 1935 1840 2011 potesta-

193 2039 267 2092 tem.
314 2026 531 2092 Concedimus
555 2049 682 2113 quoque
705 2029 808 2113 ipsius
831 2026 970 2111 predicti
994 2027 1190 2092 confessoris
1214 2025 1335 2092 Christi
1366 2027 1508 2092 familiae
1538 2030 1570 2092 in
1595 2029 1741 2113 predicta
1764 2030 1840 2092 Tre-

142 2146 174 2192 15
193 2133 335 2197 uirorum
361 2132 442 2196 urbe
471 2131 607 2216 aliisque
636 2131 763 2216 imperii
790 2133 893 2196 nostri
923 2131 1111 2195 civitatibus
1134 2131 1186 2194 vel
1215 2131 1406 2216 prefecturis
1432 2131 1609 2214 habitanti,
1644 2141 1680 2197 ut
1702 2153 1742 2196 ea
1765 2154 1840 2196 con-

193 2236 314 2300 ditione
338 2257 402 2321 qua
425 2245 456 2299 et
478 2246 591 2299 nostra
619 2234 797 2320 imperialis
824 2234 951 2299 familia
980 2234 1100 2299 habeat
1129 2235 1307 2316 licentiam,
1343 2257 1440 2320 quam
1470 2244 1503 2299 et
1531 2257 1658 2319 semper
1687 2233 1841 2317 habehat,

192 2337 334 2402 intrandi
363 2346 395 2400 et
422 2337 563 2402 exeundi
592 2336 755 2402 vendendi
786 2346 818 2400 et
846 2336 975 2401 emendi
1005 2335 1162 2423 pascendi
1197 2348 1228 2400 et
1261 2336 1467 2422 adaquandi,
1504 2336 1642 2423 prediab
1676 2336 1841 2419 regalibus

192 2441 323 2506 familiis
347 2451 458 2506 mutuo
483 2438 582 2504 dandi
606 2449 638 2502 et
660 2440 702 2504 ab
725 2441 806 2524 ipsis
831 2440 1014 2524 accipiendi
1039 2449 1150 2504 mutuo
1176 2451 1208 2504 et
1230 2461 1291 2505 nec
1315 2443 1544 2526 episcoporum
1567 2452 1624 2506 aut
1646 2439 1765 2506 ducum
1788 2463 1842 2506 co-

192 2547 347 2610 mitumve
376 2554 432 2609 aut
462 2542 599 2608 alicuius
628 2542 797 2626 indiciarie
826 2545 999 2628 potestatis
1028 2543 1186 2629 placitum
1216 2543 1411 2627 adtendant,
1447 2546 1509 2609 nisi
1534 2545 1634 2610 solius
1658 2543 1788 2609 abbatis
1811 2555 1843 2608 et

142 2651 175 2698 2⁰
193 2648 428 2713 advocatorum
451 2669 533 2733 quos
556 2648 626 2732 ipse
649 2646 781 2730 elegerit
804 2655 836 2710 et
858 2649 1073 2711 constituerit.
1117 2646 1314 2712 Addidimus
1338 2650 1437 2712 etiam
1460 2648 1639 2712 secundum
1670 2647 1841 2732 privilegia

194 2761 437 2816 antecessorum
466 2760 651 2816 nostrorum
679 2759 729 2832 ut,
760 2748 955 2835 ubicumque
983 2772 1084 2814 naves
1111 2748 1346 2815 monachorum
1372 2750 1432 2815 deo
1456 2753 1490 2814 in
1512 2751 1658 2836 predicto
1683 2750 1757 2814 loco
1781 2750 1840 2815 sub

192 2853 305 2939 regula
328 2856 434 2919 sancti
456 2853 626 2918 Benedicti
652 2853 860 2917 militantium
882 2852 934 2916 vel
957 2851 1105 2917 homines
1129 2875 1239 2917 eorum
1263 2855 1484 2938 pervenerint,
1508 2853 1615 2917 nullus
1639 2853 1680 2918 ab
1705 2855 1751 2916 eis
1774 2852 1841 2917 the-

192 2958 322 3023 loneum
344 2961 475 3042 exigere
498 2957 627 3024 audeat.
673 2958 716 3022 Et
739 2959 893 3042 quoniam
918 2967 1105 3022 sanctorum
1128 2957 1272 3022 familiae
1294 2959 1393 3040 regiis
1416 2956 1604 3022 civitatibus
1627 2957 1680 3022 vel
1709 2956 1841 3041 palatiis

193 3062 367 3128 adiunctae
389 3062 554 3147 regalibus
578 3063 780 3148 aliorumque
803 3070 971 3145 potentum
994 3062 1157 3127 interdum
1177 3062 1403 3146 opprimuntur
1419 3059 1583 3145 operibus,
1608 3059 1724 3124 eadem
1740 3081 1841 3144 opera

142 3177 174 3225 ‘25
194 3169 408 3252 suprascripti
431 3167 629 3232 confessoris
652 3164 773 3229 Christi
796 3163 939 3229 familiae
962 3187 1021 3251 pro
1046 3167 1173 3229 animae
1195 3174 1327 3229 nostrae
1350 3164 1493 3229 remedio
1517 3162 1749 3250 perpetualiter
1771 3185 1841 3248 per-

193 3271 397 3336 donavimus.
442 3271 486 3333 Et
519 3279 555 3333 ut
588 3270 695 3333 haec²
728 3277 859 3333 nostrae
893 3269 1122 3332 auctoritatis⁰
1155 3276 1345 3353 preceptum
1380 3266 1633 3332 inconvulsum¹l
1664 3277 1696 3331 et
1725 3266 1841 3331 stabile

193 3383 391 3458 permaneat,
415 3383 541 3436 cartam
563 3370 648 3436 hanc
672 3370 835 3436 conscribi
859 3381 891 3435 et
913 3370 1002 3436 anuli
1025 3373 1128 3437 nostri
1152 3374 1366 3457 impressione
1391 3372 1511 3455 signari
1534 3373 1697 3436 iussimus.

294 3533 308 3612 ᾗ
331 3529 465 3613 Signum
489 3528 600 3593 domni
623 3537 655 3592 et
677 3527 881 3591 invictissimi
905 3527 1110 3611 imperatoris
1133 3528 1262 3610 augusti
1286 3524 1417 3590 Ottonis
1440 3526 1454 3611 }{
1478 3527 1543 3606 (M.)

295 3652 308 3732 ξ
330 3649 525 3733 Lindigerus
542 3648 756 3713 cancellarius
773 3646 923 3713 advicern
936 3646 1116 3712 Ruodberti
1131 3646 1425 3733 archicappalani²
1443 3649 1566 3711 notavi.
1584 3649 1598 3730 ᾗ
1760 3649 1842 3727 (SR.)

142 3831 176 3879 30
295 3804 680 3890 Data1111.kal.april.⁰
703 3827 789 3870 anno
807 3804 968 3870 dominice
983 3806 1218 3869 incarnationis
1242 3820 1433 3885 DccccnxX,
1457 3804 1634 3868 indictione
1651 3821 1725 3885 x111,
1750 3825 1837 3867 anuo

193 3911 283 3992 regni
308 3909 418 3973 domni
436 3907 567 3973 Ottonis
585 3926 692 3992 xxxv,
716 3895 842 3994 imperii
866 3919 973 3973 autem
991 3926 1079 3991 v1111,
1103 3908 1224 3996 filiique
1247 3910 1316 3972 cius
1334 3897 1429 3992 regni
1442 3926 1475 3988 x,
1498 3909 1626 3992 imperii
1642 3917 1749 3972 autern
1765 3924 1838 3989 11113

194 4022 304 4076 actum
325 4013 499 4096 Rauennc3
521 4014 555 4076 in
579 4012 711 4077 domino
735 4011 873 4076 feliciter
895 4035 1001 4076 amen.

971 4249 1058 4326 392.

203 4404 283 4480 Otto
311 4405 520 4480 eutscbeidct
546 4406 584 4476 ie
612 4406 725 4476 ciuem
749 4403 875 4479 uS'trcilc
903 4405 967 4477 (lev
989 4406 1120 4480 Kirclic
1148 4407 1208 4478 (les
1233 4406 1265 4478 li.
1288 4405 1415 4477 Petrus
1438 4432 1482 4476 zu
1505 4405 1644 4476 Wornrs
1674 4405 1736 4476 mit
1762 4404 1841 4476 detti

143 4560 176 4607 35
195 4527 338 4599 Kloster
355 4528 489 4601 Lorscb
512 4528 598 4599 iiber
616 4525 919 4622 Milzrnzpsrccbte
944 4527 991 4597 ini
1014 4523 1216 4600 Odcmoold
1236 4553 1280 4598 zu
1303 4524 1464 4600 Gztnstee
1491 4524 1557 4598 dor
1584 4536 1737 4596 crsteren
1765 4525 1843 4596 virid

195 4648 355 4745 bestritipt
382 4648 437 4720 ilrr
463 4647 617 4745 zuplcicli
644 4646 702 4717 die
729 4645 979 4746 betreffcurleu,
1008 4673 1078 4719 cors
1106 4647 1185 4720 dem
1213 4645 1369 4743 Biscbof
1388 4647 1498 4717 Arum
1528 4645 1747 4742 oorpclcpten
1774 4644 1840 4716 Ur·-

194 4767 340 4840 lauden
365 4770 482 4841 scinci·
509 4767 726 4866 Vorpr'ieper·.
1380 4787 1522 4844 Rauenna
1546 4790 1609 4846 970
1633 4785 1723 4858 Apro
1746 4790 1796 4845 10.
1827 4777 1831 4784 '

300 4976 547 5049 Oripinoldiplom
572 4977 611 5033 im
631 4976 743 5049 prossh.
769 4974 970 5035 Stuotsorclrio
992 4994 1032 5033 su
1054 4975 1231 5034 Dormstorlt
1254 4974 1314 5052 (A).

298 5115 447 5174 Scirormot
470 5114 549 5172 Hist.
573 5114 682 5173 Worm.
706 5117 737 5184 2,
760 5117 805 5174 22
826 5119 859 5172 o⁰
873 5117 914 5172 25
939 5130 995 5171 oris
1018 5112 1055 5172 A.
1079 5147 1122 5156 -
1145 5113 1273 5172 Brilouer
1288 5113 1359 5186 ltro.
1376 5115 1448 5171 374.
1472 5145 1514 5155 —
1539 5111 1667 5186 Sturrrps
1677 5114 1749 5186 Req.
1767 5117 1840 5174 486.

144 5275 177 5320 40
297 5251 417 5310 Contert
440 5268 495 5309 ron
518 5250 583 5308 riom
606 5251 754 5310 Wormscr
777 5251 965 5324 Irzprossotor
987 5249 1089 5308 desseo
1112 5253 1168 5308 uir
1188 5250 1276 5308 sehon
1299 5255 1386 5308 anter
1408 5249 1475 5309 DO.
1499 5255 1539 5310 84
1567 5251 1736 5324 periochiae,
1767 5256 1841 5310 orstc

301 5356 381 5414 Zoilo
410 5355 473 5414 arnt
500 5355 687 5414 meliorescit
715 5355 843 5427 (iopepcn
870 5371 925 5412 ron
947 5353 1107 5412 ‹biresclben
1129 5353 1241 5412 Momm
1265 5353 1383 5412 rectrices·
1404 5353 1473 5412 ΒΗ.
1498 5355 1543 5412 bei
1565 5352 1768 5428 Ansertipaup
1791 5355 1841 5413 des

280 5539 338 5593 391.
365 5541 459 5609 [Foltz]
559 5540 628 5602 a)A
728 5543 756 5606 b)
769 5541 839 5606 solyt
857 5541 1017 5592 awodirter
1038 5558 1054 5592 a
1153 5543 1178 5600 c)
1196 5539 1249 5604 aas
1261 5540 1357 5602 Bostar,
1376 5541 1463 5592 iudom
1479 5541 1527 5592 der
1546 5541 1683 5593 Schrciber
1699 5547 1781 5592 meret
1800 5545 1842 5592 ein

364 5613 410 5660 mit
428 5629 445 5678 p
464 5610 633 5675 bepinaendcr
651 5609 720 5660 Wort
736 5617 827 5676 perstat
845 5609 915 5660 hatte
1018 5610 1045 5676 d)
1064 5611 1214 5660 iucuulsum
1232 5607 1264 5666 A,
1289 5625 1317 5660 eo
1335 5610 1397 5661 does
1415 5610 1482 5660 wohl
1500 5628 1514 5660 c
1532 5614 1578 5660 mit
1596 5610 1841 5674 Abbtrmnyrrtrirh

365 5681 485 5732 verrem
503 5679 605 5731 uuerden
622 5678 695 5730 sollte
800 5685 824 5740 e)
843 5681 872 5729 in
891 5678 1019 5746 najara
1034 5678 1196 5745 puchriebeu
1213 5679 1268 5730 uod
1284 5695 1353 5730 neor·
1364 5679 1510 5743 sabellinis
1528 5683 1549 5730 P
1564 5679 1648 5746 yleiclr
1666 5681 1690 5730 R
1705 5681 1824 5746 pcbitdct.
