4554 6414
906 403 1030 458 ΟΤΤΟ
1053 405 1076 457 I.
1101 399 1173 458 936.
1817 395 1859 458 93

312 587 491 658 spreeide'ciae
512 585 744 655 Beschoffeaheit
771 586 888 644 eutices.
927 586 989 644 Hert
1018 586 1103 644 dubet
1133 586 1186 644 der
1211 586 1348 645 Dictator
1375 589 1429 644 neit
1454 605 1584 659 prossem
1610 588 1749 646 Geschiclt
1776 589 1857 646 euid-

313 691 407 748 reicise
429 690 526 748 Worte
549 689 612 746 aad
633 689 719 747 selbst
742 689 871 747 eineeloe
894 688 982 747 Settee
1004 706 1060 746 ons
1084 689 1136 747 der
1155 689 1217 748 VU.
1244 693 1275 748 tn
1302 692 1381 748 seiae
1403 690 1543 762 Fossam
1571 692 1858 749 hertbereuoehmeu

313 792 503 861 serstanden,
537 809 570 849 so
598 791 666 850 sind
693 791 764 850 doctr
792 791 845 850 der
867 791 1092 864 Auslassunqen
1114 792 1177 850 end
1198 793 1416 865 Umsteltungen
1438 792 1490 850 der
1512 794 1610 852 Worte
1632 794 1696 851 aad
1718 794 1770 851 der
1789 794 1858 852 Ver·

313 898 506 967 tessereapen
528 895 580 952 der
601 895 752 953 Latinitat
775 913 806 953 so
828 895 914 966 tiele,
949 894 1018 952 dass
1040 913 1097 952 roa
1118 895 1183 953 dem
1209 896 1352 954 Versaehe
1374 895 1427 953 das
1454 895 1635 954 Verbdttatss
1664 896 1759 954 dieser
1780 896 1858 955 Fos-

312 1015 388 1071 sunq
409 1015 449 1055 ee
472 997 524 1055 der
546 997 687 1068 fritheren
710 1000 753 1055 im
773 997 879 1056 Druck
900 1017 941 1056 ea
962 999 1235 1058 reroreschouticben
1258 1000 1392 1058 Abstortd
1411 1017 1583 1074 persommen
1605 1001 1720 1059 werden
1738 1005 1856 1060 maeste.

313 1185 370 1263 (0.)
391 1186 406 1268 ᾗ
430 1182 479 1265 [Iu
501 1187 631 1249 nomine
654 1195 787 1249 sanctae
809 1195 841 1248 et
864 1183 1077 1268 in]divid[uae
1100 1187 1262 1250 trinitatis
1302 1185 1393 1270 O]tto
1423 1185 1473 1250 dei
1503 1189 1609 1271 gratia
1637 1209 1705 1252 rex.
1793 1187 1858 1250 No-

210 1287 314 1349 verint
343 1308 453 1350 omnes
482 1286 594 1350 fideles
623 1291 724 1352 nostri
754 1297 941 1372 praesentes
971 1287 1094 1351 scilicet
1122 1299 1153 1351 ot
1179 1289 1296 1371 futuri,
1331 1290 1469 1376 qualiter
1490 1313 1550 1354 nos
1574 1289 1615 1354 ob
1640 1312 1783 1354 amorem
1806 1289 1857 1352 dei

210 1398 405 1473 nostraeque
433 1387 447 1470 ᾖ
475 1391 602 1454 animae
631 1388 827 1471 remedium,
848 1391 1044 1473 'Haganone
1072 1391 1166 1455 nobis
1196 1404 1386 1476 suggerente
1414 1392 1598 1457 venerando
1628 1392 1858 1457 Heroluesvul·

212 1489 319 1553 densis
332 1501 345 1527 ²⁸
366 1489 515 1555 coenobii
539 1491 657 1555 abbate
681 1491 860 1575 eodemque
882 1493 978 1556 nobis
1001 1495 1245 1558 concessionem
1268 1498 1482 1560 antecessoris
1504 1499 1606 1560 nostri
1626 1497 1745 1580 scripto
1763 1494 1858 1560 robo-

161 1610 193 1656 10
210 1603 315 1656 ratam
337 1592 444 1656 bonae
466 1597 641 1659 memoriae
660 1593 770 1659 Caroli
794 1595 1010 1680 praeferente,
1033 1594 1096 1658 hoe
1119 1595 1205 1659 idem
1228 1608 1437 1681 praeceptum
1460 1607 1492 1660 ct
1512 1620 1670 1662 renovare
1693 1608 1725 1661 et
1746 1608 1867 1661 nostra*

211 1699 404 1760 auctoritate
427 1697 639 1761 corroborare
668 1697 885 1780 decrevimus,
919 1697 981 1761 hoe
1003 1711 1053 1762 est
1075 1710 1110 1763 ut
1132 1701 1166 1762 in
1187 1698 1284 1762 rebus
1307 1698 1350 1761 ad
1373 1698 1713 1763 Heroluesvuldense‘·
1741 1720 1858 1762 coeno-

210 1799 300 1864 bium
330 1799 563 1884 pertinentibus
591 1800 699 1866 nullus
727 1804 901 1887 episcopus
930 1804 1090 1866 missusve
1119 1824 1196 1866 suus
1219 1823 1323 1886 neque
1346 1801 1446 1866 iudex
1469 1802 1618 1887 publicus
1641 1823 1745 1886 neque
1767 1803 1857 1864 missi

210 1905 312 1966 nostri
336 1905 608 1968 mansionaticum
630 1906 764 1988 exigant
787 1916 843 1969 aut
865 1904 987 1989 aliquid
1013 1907 1046 1969 vi
1069 1905 1256 1968 abstrahere
1287 1915 1512 1988 praesumant,
1544 1925 1705 1988 nemoque
1734 1905 1858 1988 episco-

211 2028 326 2091 porum
355 2019 412 2071 aut
439 2006 741 2072 archidiaconorum
771 2007 949 2072 monachos
982 2006 1103 2071 ibidem
1132 2007 1192 2070 deo
1224 2009 1399 2071 servientes
1430 2007 1501 2090 lege
1533 2008 1693 2070 canonica
1726 2016 1859 2088 tangere

161 2121 193 2168 15
212 2121 414 2194 praesumat,
443 2121 475 2174 et
498 2110 768 2196 quandocumque
791 2108 895 2174 abbas
918 2133 1032 2174 eorum
1055 2109 1094 2173 do
1116 2109 1179 2172 hac
1202 2109 1274 2175 luce
1297 2113 1498 2194 migraverit,
1529 2110 1693 2174 licentiam
1715 2108 1859 2172 habeant

210 2214 294 2276 inter
321 2235 354 2276 se
383 2212 521 2296 eligendi
551 2213 719 2296 abbatem,
754 2213 842 2298 quod
865 2216 892 2277 si
914 2216 998 2277 inter
1019 2237 1075 2276 cos
1103 2212 1219 2297 dignus
1247 2236 1313 2277 non
1336 2224 1443 2298 potest
1475 2215 1628 2295 inveniri,
1663 2222 1857 2298 potestatem

209 2316 351 2380 habeant
373 2315 597 2402 undecumque
620 2318 720 2381 velint
743 2318 894 2382 abbatem
919 2317 979 2381 sibi
1002 2316 1200 2399 conducere,
1234 2328 1266 2380 et
1287 2328 1324 2381 ut
1346 2316 1453 2381 nullus
1479 2317 1563 2380 hanc
1593 2318 1856 2380 constitutionem

210 2421 382 2504 infringere
406 2432 607 2505 praesumat,
632 2421 852 2486 ordinationes
875 2423 921 2485 eis
944 2424 1116 2506 episcopus
1141 2420 1180 2484 de
1203 2421 1372 2505 Magontia
1395 2420 1520 2506 absque
1541 2419 1733 2485 munusculo
1757 2419 1857 2481 faciat

152 2513 159 2522 ⁸
210 2533 242 2586 et
263 2523 392 2588 tabulas
414 2522 604 2604 benedicat,
628 2535 659 2587 et
683 2526 708 2587 si
733 2525 860 2609 inipso
883 2527 1079 2589 monasterio
1103 2525 1214 2610 aliqua
1236 2522 1401 2588 discordia
1423 2525 1578 2604 evenerit,
1608 2533 1685 2586 tunc
1709 2524 1777 2604 ipse
1800 2520 1857 2584 ab·

158 2632 191 2679 '20
208 2624 269 2690 bas
292 2638 324 2690 et
345 2627 496 2690 monachi
519 2627 559 2691 de
582 2627 647 2690 alio
670 2629 866 2691 monasterio
891 2626 1043 2692 abbatem
1067 2637 1099 2690 ct
1121 2629 1311 2712 episcopum
1334 2626 1395 2691 sibi
1419 2629 1617 2709 coniungant
1646 2647 1744 2708 seque
1769 2626 1857 2708 paci-

209 2730 321 2812 ficent,
345 2729 433 2814 quod
456 2733 482 2794 si
505 2731 550 2794 ibi
573 2732 804 2814 nonpossint,
828 2741 905 2794 tune
929 2730 971 2794 ad
994 2730 1144 2795 sinodum
1166 2728 1337 2794 nostrumb
1359 2732 1501 2794 veniant.
1539 2729 1583 2793 Et
1597 2739 1633 2792 ut
1647 2728 1728 2791 haec
1745 2735 1858 2790 nostra

209 2836 378 2899 concessio
407 2835 531 2898 firmior
557 2844 760 2918 permaneat,
796 2856 895 2899 manu
924 2845 1035 2899 nostra
1063 2857 1136 2898 eam
1164 2835 1363 2898 firmavimus
1393 2844 1426 2898 ct
1454 2832 1551 2898 anulo
1580 2842 1692 2896 nostro
1722 2828 1856 2913 sigillari

209 2960 372 3002 russlmus.

311 3079 325 3160 ξ
347 3073 482 3158 Signum
506 3073 617 3140 domni
641 3073 770 3139 Ottonis
793 3076 857 3156 (M.)
879 3075 1080 3139 invictissimi
1103 3077 1235 3158 regis}

157 3195 191 3243 25
310 3176 459 3262 {Poppo
484 3175 700 3243 cancellarius
724 3176 872 3242 advieem
893 3176 1059 3241 Hiltiberti
1082 3180 1257 3261 recognovi
1280 3189 1312 3243 et
1332 3176 1346 3256 t
1370 3180 1439 3260 (SR.
1462 3179 1538 3258 NN.)
1571 3177 1729 3257 (81.1).)ο

310 3316 400 3380 Data
421 3332 458 3378 11.
477 3337 552 3379 non.
572 3337 646 3379 nov.
671 3339 756 3380 anno
780 3313 975 3396 d[ominicae
998 3318 1230 3382 incarnationis
1252 3317 1497 3399 ncccex]xxvl,
1520 3313 1696 3380 indictione
1712 3331 1746 3396 x,
1769 3334 1854 3376 anno

208 3421 299 3504 regni
323 3418 453 3484 Ottonis
469 3421 612 3504 'piissimi
635 3421 771 3503 regis13
794 3431 903 3484 actum
926 3421 960 3484 in
977 3418 1112 3503 Alsteti3
1134 3421 1169 3484 in
1191 3419 1241 3484 dei
1265 3421 1394 3484 nomine
1418 3442 1522 3484 amen.

1018 3608 1054 3683 5.

217 3760 297 3836 Otto
321 3762 481 3859 bastdtipt
502 3761 581 3834 dem
602 3761 747 3836 Kloster
769 3761 923 3838 Werdeo
946 3763 1004 3836 die
1026 3762 1240 3836 Immauitttt
1261 3763 1340 3836 aad
1361 3762 1496 3835 endere
1520 3761 1714 3836 Vorrecitte.

158 3914 192 3961 30
273 3929 276 3938 ·
1337 3904 1471 3963 Dableis
1494 3906 1557 3964 936
1582 3903 1740 3962 December
1761 3907 1811 3962 30.

311 4090 403 4149 [siber
419 4091 647 4164 privilegiorum
668 4094 766 4150 motor
786 4109 863 4150 moa.
888 4093 1089 4152 Werdiaensis
1117 4110 1174 4152 aas
1202 4093 1256 4150 der
1285 4093 1375 4152 Mitte
1402 4094 1453 4153 des
1480 4097 1531 4154 12.
1556 4092 1608 4152 Jt.
1640 4093 1664 4164 f.
1687 4095 1727 4152 21
1758 4091 1801 4148 ira
1826 4090 1854 4148 t.

312 4193 514 4252 Stoatsorehto
535 4213 577 4252 ee
597 4193 782 4264 Dr'tssetdorf
800 4193 811 4271 (
840 4192 860 4272 ).

310 4327 435 4389 Sekaisa
462 4331 542 4390 Arm.
571 4331 697 4389 Pederb.
727 4331 771 4388 ed.
795 4336 818 4398 1,
842 4336 871 4401 1,
894 4335 959 4392 278
988 4350 1044 4391 aas
1067 4333 1097 4392 B
1119 4357 1158 4385 =
1182 4333 1226 4391 ed.
1251 4337 1441 4404 11,1,189.
1474 4367 1510 4376 -
1542 4333 1709 4392 Decemblet
1730 4332 1855 4390 Meder-

308 4434 401 4492 rbeia.
424 4434 489 4494 ΠΒ.
506 4439 536 4505 1,
553 4435 591 4494 51
609 4439 643 4490 o⁰
658 4437 702 4494 92
722 4450 778 4492 aas
797 4432 912 4492 setae
929 4434 1043 4508 sarrae
1060 4436 1132 4508 dipl,
1150 4434 1218 4495 ΜΒ.
1236 4438 1278 4494 tm
1293 4436 1479 4496 Stadtorehio
1499 4455 1541 4494 ee
1555 4436 1643 4494 Kosa.
1666 4468 1703 4478 -
1728 4435 1857 4493 Bohmer

308 4537 380 4610 seq.
406 4540 455 4596 74.
480 4571 522 4579 —
545 4535 673 4608 &omps
690 4537 763 4610 ser.
788 4540 837 4596 60.

311 4675 387 4734 Fost
409 4675 555 4733 wortliche
577 4674 802 4748 Wiederholemy
824 4691 879 4732 oon
900 4675 971 4734 ΒΗ.
995 4678 1038 4735 26
1066 4675 1130 4733 aad
1157 4677 1259 4735 eberiso
1280 4679 1335 4735 rote
1358 4677 1451 4736 dieses
1472 4696 1514 4735 ee
1535 4677 1721 4736 bearther'len.
1766 4675 1857 4736 Ueber

311 4777 443 4836 Dablam
466 4779 513 4836 bei
534 4778 698 4836 Boeteaem
719 4795 742 4836 s.
767 4777 896 4836 latnteet
921 4777 1021 4837 Geseh.
1045 4795 1101 4836 oon
1122 4778 1303 4836 Hilrtasbeim
1326 4785 1355 4850 1,
1380 4786 1429 4839 71.

414 4964 453 5029 In
486 4965 616 5028 nomine
650 4974 761 5048 sancte
793 4973 827 5027 et
859 4961 1024 5048 individue
1057 4965 1220 5028 trinitatis.
1265 4963 1344 5030 Otto
1379 4964 1489 5029 divina
1521 4966 1651 5031 favente
1684 4966 1856 5032 clementia

209 5095 277 5136 rex.
359 5086 387 5136 si
403 5101 538 5137 servorum
554 5085 595 5134 dei
611 5085 784 5148 petitionibus
799 5099 815 5130 s
831 5082 973 5132 elementer
995 5083 1179 5144 annuerimus,
1202 5082 1231 5131 id
1253 5083 1330 5132 nobis
1353 5083 1388 5132 ad
1409 5089 1536 5150 perpetue
1556 5085 1731 5135 beatitudinis
1754 5087 1856 5150 premia

158 5193 192 5240 40
210 5189 383 5253 promerenda
407 5188 509 5254 liquido
537 5189 705 5252 profuturum
733 5202 790 5236 esse
819 5183 957 5234 eredimus.
996 5184 1074 5234 Unde
1102 5185 1225 5235 omuibus
1253 5193 1344 5252 sancte
1373 5187 1414 5237 dei
1444 5187 1554 5253 ecclesiq
1582 5188 1706 5239 fidelibus
1737 5177 1855 5238 nostris

209 5292 376 5355 presentibus
398 5277 495 5339 etiam
518 5297 545 5340 et
566 5291 662 5340 futuris
685 5297 777 5340 uotum
799 5306 856 5340 esso
880 5290 1016 5353 volumus,
1050 5289 1121 5354 quod
1148 5290 1235 5342 fidelis
1264 5298 1352 5342 noster
1374 5292 1483 5358 wigger
1505 5295 1575 5343 abba
1603 5295 1755 5344 monasterii
1784 5294 1856 5359 quod

209 5398 320 5442 vocatur
342 5392 482 5442 Worthina
505 5394 651 5443 insindavit
673 5393 823 5442 celsitudini
846 5399 949 5457 nostre,
982 5392 1097 5458 qualiter
1125 5394 1211 5457 ipsum
1241 5396 1429 5445 monachorum
1451 5397 1591 5445 cenobium
1614 5398 1665 5447 sibi
1688 5399 1856 5446 commissum

210 5510 226 5543 a
248 5495 325 5560 beate
348 5495 472 5560 memorie
495 5501 587 5545 sancto
610 5494 742 5561 Livdgcro
766 5498 891 5560 episcopo
914 5495 941 5543 in
963 5495 1071 5559 propria
1094 5497 1151 5546 eius
1177 5497 1322 5549 hereditate
1351 5497 1431 5548 tuerit
1459 5504 1639 5550 constructum
1667 5500 1856 5565 monachisque

313 5665 336 5719 4.
365 5663 462 5732 [rota]
565 5667 634 5730 Μ
738 5669 765 5730 b)
792 5671 849 5722 nrm
867 5668 889 5718 A
908 5687 942 5712 =
960 5668 1012 5720 Vn.
1119 5673 1143 5732 c)
1162 5668 1230 5720 auoit
1246 5669 1305 5720 dem
1323 5669 1444 5720 Atdruck
1461 5670 1514 5733 aas
1525 5670 1582 5720 dens
1601 5671 1753 5736 Pergameae
1771 5671 1811 5721 st
1832 5673 1855 5719 1.
