4576 6428
892 440 1016 498 ΟΤΤΟ
1039 441 1064 497 Ι.
1087 435 1159 496 965.
1534 439 1535 442 ’
1785 429 1850 494 419

202 639 311 691 donatio
334 639 404 688 omni
427 643 545 702 tempore
568 635 643 686 firma
664 635 820 700 stabilisque
842 641 1004 700 permaneat,
1026 636 1152 686 iussimus
1173 619 1249 684 inde
1267 618 1331 684 hoc
1349 641 1484 704 presens
1506 629 1696 706 preceptum
1718 636 1850 687 conscribi

202 727 355 813 anulique
377 727 479 791 nostri
503 726 705 810 inpressione
729 739 840 805 sigillari
862 733 1027 806 manuquem
1049 741 1158 805 propria
1180 739 1275 790 subtus
1296 735 1467 790 firmavimus.
1948 717 1953 724 ’

305 863 441 950 Signum
463 862 575 928 domni
599 861 730 928 Ottonis
755 861 820 945 (M.)
834 873 848 901 ¹¹
870 862 980 946 magni
1004 869 1036 925 et
1057 863 1262 927 invictissimi
1286 862 1491 947 imperatoris
1514 863 1657 947 augusti.

304 967 503 1032 Liudolfus⁰
526 966 742 1032 cancellarius
766 965 915 1031 advicem
938 964 1381 1050 Brunonis'arohioapellani
1405 966 1593 1050 recognovi.

168 1121 184 1170 5
303 1105 394 1170 Data
410 1123 439 1168 v.
460 1105 528 1170 kal.
552 1107 681 1188 augusti
705 1126 790 1169 anno
815 1103 976 1168 dominice
998 1103 1232 1186 incarnationis
1255 1117 1448 1185 Dccccnxv,
1471 1101 1650 1167 indictione
1665 1120 1739 1185 vul,
1763 1115 1850 1168 an'no

200 1212 292 1296 regni
316 1209 447 1276 Ottonis
469 1227 554 1292 xxx,
576 1211 704 1296 imperii
728 1218 836 1274 autem
859 1221 930 1289 11113
963 1217 1072 1272 actum
1094 1204 1351 1288 Uualahuson1’3
1373 1207 1407 1272 in
1430 1205 1562 1272 domino
1586 1205 1724 1272 feliciter
1744 1229 1850 1272 amen.

982 1464 1070 1542 30l.

211 1623 291 1702 Otto
309 1623 449 1699 sobcultt
466 1623 537 1697 deo
555 1621 730 1696 Bottdoro
749 1621 814 1695 dor
831 1619 1068 1695 Morizltirolte
1085 1645 1131 1694 zo
1149 1618 1376 1718 Magdoborp
1402 1618 1566 1694 Brictzloc
1591 1619 1672 1693 aad
1695 1619 1853 1694 metrae
1928 1709 1934 1726 Ι

202 1745 337 1819 andere
364 1743 591 1843 Ortscltfftors
616 1745 667 1817 im
693 1741 778 1819 Gau
804 1741 1014 1815 Moriziarti.
1596 1793 1640 1804 ..
1681 1793 1724 1806 ...
1767 1795 1809 1806 ..

151 1965 184 2014 10
303 1953 524 2028 Moydebarqer
539 1949 718 2026 Copiultucb
740 1951 789 2010 des
812 1953 863 2010 15.
881 1949 934 2011 Jt.
959 1948 983 2021 s.
1006 1952 1051 2010 22
1072 1951 1115 2008 tm
1137 1949 1164 2008 t.
1185 1947 1388 2010 Stuotscrotio
1408 1967 1449 2008 re
1471 1949 1659 2025 Mopdeturp
1683 1947 1748 2030 (D).

305 2089 488 2164 Sagittarius
504 2089 575 2149 Ant.
592 2088 785 2162 Mayueoorq.
812 2087 855 2146 ed.
876 2094 907 2158 1,
931 2089 994 2147 100
1016 2087 1090 2160 seo.
1114 2103 1170 2146 uus
1190 2085 1258 2146 MS.
1283 2087 1332 2146 des
1352 2083 1498 2148 Olourtus.
1522 2057 1571 2131 -.
1586 2057 1773 2148 Haemone
1789 2085 1852 2148 OD.

303 2193 423 2253 Anbolt.
449 2197 477 2264 1,
501 2197 544 2253 30
566 2199 600 2251 s⁰
621 2196 663 2253 39
686 2208 742 2250 aas
764 2191 796 2249 D
814 2208 855 2248 ννν
877 2191 952 2251 965.
974 2222 1017 2232 -
1040 2188 1169 2264 Stumpf
1187 2190 1260 2284 iter.
1285 2191 1348 2250 385
1372 2208 1412 2249 aa
1435 2192 1508 2251 965.

305 2330 355 2389 Aa
383 2331 478 2390 dieser
506 2329 593 2390 Stetle
620 2330 715 2389 tuboe
743 2329 799 2387 coir
826 2327 891 2386 drot
917 2326 987 2387 DD.
1012 2328 1184 2401 depossiti,
1219 2327 1308 2386 deren
1330 2327 1559 2402 chronologicis
1581 2328 1746 2388 Mertnrole
1768 2331 1853 2388 einen
1921 2303 1927 2316 ⁸

304 2435 435 2494 sioboreo
457 2435 573 2492 Aetate
593 2433 675 2492 eicit
696 2431 842 2490 ramasse.
888 2432 928 2490 Ινι
949 2431 1028 2490 uttan
1050 2431 1115 2490 drot
1136 2431 1245 2490 thloo
1266 2431 1336 2490 aiod
1358 2430 1490 2503 offoubur
1511 2432 1715 2506 Handtumpen
1741 2431 1807 2492 Otto
1827 2442 1850 2493 1.

152 2549 184 2598 15
306 2541 364 2596 orst
386 2539 419 2595 to
441 2540 572 2610 spctorer
597 2536 661 2595 Zoit
684 2535 864 2595 beartuadet
887 2535 1013 2595 worded.
1058 2536 1104 2594 Ist
1127 2536 1176 2594 ein
1197 2535 1307 2594 robur
1326 2536 1461 2610 Voryonp
1482 2536 1636 2596 irotertolb
1659 2537 1712 2595 der
1729 2537 1854 2612 troppo

302 2639 358 2700 'der
378 2641 598 2716 Maqdetoryer
617 2641 779 2702 Urkuodeo
802 2659 843 2700 un
865 2641 929 2700 anu
956 2640 1012 2712 sair
1040 2642 1102 2700 sich
1129 2641 1210 2699 nicht
1237 2640 1472 2714 mpewttmlicb,
1507 2658 1539 2700 so
1561 2646 1662 2700 atron
1689 2643 1765 2701 auch
1791 2644 1855 2702 bier

304 2744 464 2804 Bedeuton
483 2761 573 2818 pepon
595 2744 642 2802 dio
658 2745 793 2803 thtbet
816 2762 868 2802 eru
890 2761 922 2803 so
944 2746 1071 2818 semiper
1093 2744 1278 2817 assebruch,
1302 2743 1347 2802 uls
1369 2744 1432 2802 aiot
1454 2742 1510 2815 frtr
1524 2744 1610 2818 jedes
1628 2744 1680 2803 der
1697 2744 1762 2804 dret
1776 2747 1854 2804 Prd-

305 2851 383 2920 oopto
406 2847 559 2907 Sohretber
580 2848 644 2906 aad
666 2847 804 2906 Dictator
824 2847 987 2919 soststolleo
1009 2849 1116 2908 lassos.
1139 2880 1182 2891 -
1204 2847 1270 2907 Dos
1296 2847 1494 2921 raretum
1514 2864 1571 2907 oon
1599 2846 1667 2908 Do.
1691 2851 1770 2920 304,
1801 2849 1854 2909 dor

306 2949 466 3024 aileranus
488 2952 568 3010 stobi
590 2953 761 3024 oetioiptrto
784 2967 877 3011 annus
901 2969 923 3011 r.
948 2966 1031 3023 xxv,
1067 2951 1116 3010 die
1136 2950 1365 3024 ursprtnoliote
1386 2951 1537 3010 indiction
1558 2965 1614 3013 ΗΠ
1636 2951 1701 3010 rmd
1723 2951 1775 3011 der
1800 2950 1854 3014 Ort

310 3054 502 3114 Woltbuascn
523 3033 620 3114 lassos
641 3054 812 3126 sobtiessee,
847 3055 917 3114 dass
939 3055 988 3113 dte
1010 3054 1183 3126 botreffeodc
1204 3053 1370 3129 Hostiae
1392 3058 1425 3114 in
1452 3055 1508 3115 deu
1535 3055 1629 3114 durch
1656 3053 1754 3118 DDO.
1777 3059 1852 3118 222,

303 3159 368 3216 223
391 3157 546 3230 corruptore
568 3156 748 3228 Aufeathutt
769 3157 839 3229 suto
861 3157 925 3216 uod
948 3157 1063 3217 domolo
1085 3156 1229 3231 smidafip
1251 3156 1474 3231 oufyereioltnot
1496 3158 1614 3217 worden
1640 3160 1688 3217 ist.
1733 3158 1784 3216 Art
1805 3158 1854 3218 die

304 3277 336 3320 so
359 3261 548 3320 orststoedoae
568 3261 691 3334 Vorlopo
713 3261 783 3320 bielt
804 3262 867 3321 sict
887 3262 954 3332 Η,
987 3262 1032 3321 als
1055 3279 1084 3320 es
1108 3263 1182 3320 otoo¹
1194 3260 1348 3333 strmliote
1371 3261 1513 3322 Urtwndo
1534 3260 1761 3337 ausrafortiyoa
1780 3261 1853 3337 salt,

304 3381 365 3422 eur
386 3366 419 3422 ε’νν
442 3364 498 3422 dem
520 3365 585 3423 rota
605 3365 769 3424 soohltotee
791 3363 944 3438 Acoeten,
972 3363 1113 3423 austreno
1136 3380 1167 3422 er
1190 3363 1244 3423 dos
1267 3364 1417 3424 Protolrott
1438 3364 1491 3430 dor
1513 3365 1682 3423 Kaiserred
1704 3368 1852 3437 aopassto,

305 3469 371 3527 dem
399 3469 607 3544 ενεεερνεεὴενεά
631 3469 697 3530 Otto
715 3478 756 3530 11.
781 3470 826 3530 als
849 3471 949 3544 Ktoip
971 3470 1158 3540 boeoioboete,
1192 3469 1240 3528 dio
1262 3467 1416 3539 fettondon
1439 3466 1665 3527 Zottmerbrnele
1687 3467 1758 3526 uber
1779 3466 1853 3526 witl-

305 3572 422 3632 le'trlz'ob
443 3574 589 3633 assatae.

407 3773 446 3838 In
469 3774 600 3840 nomine
624 3784 737 3840 sancte
760 3784 793 3840 et
814 3773 981 3840 individue
1004 3775 1171 3840 trinitatis.
1209 3773 1289 3840 Otto
1312 3775 1424 3840 divina
1446 3776 1578 3841 favente
1596 3776 1775 3842 clemencia
1797 3779 1853 3843 im·

202 3888 334 3964 perator
350 3889 519 3962 augustus.
614 3879 648 3945 Si
666 3881 789 3945 sanctis
806 3880 858 3945 dei
881 3902 921 3945 ac
935 3878 1178 3945 venerabilibus
1201 3878 1296 3962 locis,
1319 3879 1467 3945 ecclesiis
1491 3902 1618 3967 quoque
1641 3883 1674 3946 in
1696 3881 1854 3947 honorem

203 3981 325 4046 domini
354 3985 549 4048 constructis
580 3993 612 4048 et
641 3986 842 4049 consecratis
871 3984 911 4049 de
940 3992 1053 4048 nostra
1081 3984 1172 4068 regia
1201 3983 1253 4048 vel
1283 3983 1442 4070 imperiali
1472 3986 1701 4050 munificencia
1730 3985 1855 4071 aliquid

202 4096 312 4153 nostre
341 4089 551 4174 proprietatis
581 4091 923 4171 commodaverimus,
958 4088 993 4153 id
1015 4087 1111 4153 nobis
1134 4087 1249 4174 procul
1273 4086 1371 4152 dubio
1396 4086 1439 4151 ad
1460 4089 1623 4173 presentis
1645 4091 1727 4172 vite,
1761 4091 1854 4172 regni

150 4203 332 4277 aequoque
359 4194 463 4256 nostri
486 4191 538 4255 vel
566 4193 692 4278 imperii
723 4202 844 4258 statum
873 4201 1048 4277 eternaque
1075 4191 1302 4256 retribucionis
1332 4190 1584 4257 emolumentum
1614 4192 1854 4278 capessendum

201 4294 358 4381 prodesse
389 4292 594 4364 confidimus.
640 4294 849 4381 Quapropter
878 4297 1021 4361 omnium
1049 4294 1194 4360 fidelium
1222 4304 1407 4359 nostrorum
1436 4302 1503 4360 tam
1527 4297 1732 4381 presencium
1755 4319 1853 4382 quam

202 4408 234 4463 et
255 4397 513 4484 postfuturorum
534 4399 663 4462 noverit
684 4399 890 4482 universitas,
915 4398 1055 4485 qualiter
1076 4421 1138 4463 nos
1163 4398 1204 4464 ob
1222 4420 1366 4463 amorem
1382 4397 1434 4462 dei
1455 4419 1495 4461 ao
1512 4420 1570 4483 pro
1587 4400 1729 4464 remedio
1747 4402 1854 4467 anime
1956 4467 1958 4470 .

200 4510 311 4567 nostre
340 4499 522 4585 dilectoque
551 4501 699 4584 coniugis
729 4508 839 4565 nostre
870 4500 1053 4567 Adalheide
1081 4523 1142 4566 neo
1171 4524 1238 4566 non
1265 4523 1323 4587 pro
1348 4524 1406 4588 spe
1429 4511 1461 4566 et
1483 4503 1708 4568 incolomitate
1731 4505 1798 4569 cari
1823 4515 1855 4570 et

201 4605 416 4671 amantissimi
441 4605 545 4668 nostri
567 4603 626 4667 filii
649 4613 681 4668 et
704 4605 854 4690 equivoci
879 4603 1009 4669 Ottonis
1033 4603 1260 4690 gloriosissimi
1282 4607 1386 4689 regis,
1418 4605 1552 4690 insuper
1575 4616 1607 4670 et
1630 4606 1672 4670 ob
1695 4607 1854 4673 interven-

151 4724 184 4772 st
202 4718 270 4774 tum
301 4709 427 4794 prefate
457 4729 533 4772 care
561 4709 711 4791 coniugis
740 4715 850 4772 nostre
873 4706 1055 4774 Adelheide
1084 4719 1182 4794 atque
1210 4708 1314 4773 nostri
1341 4706 1448 4771 tidelis
1470 4705 1527 4770 filii
1551 4706 1718 4772 Wilhelmi
1741 4718 1854 4774 sancte

201 4813 392 4896 Maguntine
417 4813 503 4878 sedis
526 4812 724 4878 venerabilis
748 4811 988 4896 archiepiscopi
1010 4833 1049 4875 ao
1074 4809 1215 4876 licronis
1239 4809 1436 4875 marchionis
1464 4810 1624 4894 quasdam
1646 4819 1757 4875 nostre
1780 4831 1853 4896 pro-

203 4917 350 5001 prietatis
368 4915 464 4980 villas
482 4915 636 4998 Preszici,
660 4915 816 4997 Moseriss,
840 4912 1027 4978 Nedialesci
1041 4912 1064 4996 b,
1087 4913 1223 4979 Puciani
1246 4914 1443 4996 nominatas,
1467 4913 1554 4977 ultra
1568 4911 1701 4977 Albiam
1718 4913 1853 4981 fluvium

203 5018 344 5104 inpage
369 5019 543 5083 Moriziani
572 5018 660 5083 dicto
690 5028 723 5083 et
752 5020 785 5082 in
815 5018 974 5082 comitatu
1004 5017 1142 5103 predicti
1173 5017 1313 5083 Geronis
1347 5017 1502 5084 videlicet
1528 5016 1726 5084 marchionis
1761 5020 1852 5104 sitas,

204 5143 278 5186 cum
302 5120 450 5185 omnibus
474 5143 585 5186 earum
608 5121 823 5207 appendiciis,
846 5120 909 5186 hoc
932 5130 981 5185 est
1004 5122 1088 5186 areis
1112 5120 1248 5186 edificiis
1271 5122 1443 5207 mancipiis
1462 5123 1632 5206 utriusque
1648 5143 1747 5186 sexus
1763 5124 1852 5207 agris

152 5244 186 5291 40
204 5226 300 5290 terris
322 5222 417 5287 cultis
442 5234 474 5288 et
495 5215 625 5289 incultis
649 5225 742 5312 aquis
766 5247 965 5311 aquarumve
989 5225 1181 5290 decursibus
1203 5226 1444 5310 piscationibus
1463 5223 1657 5291 molendinis
1676 5225 1852 5291 mobilibus

203 5337 236 5392 et
262 5323 473 5390 inmobilibus
503 5325 592 5391 silvis
614 5326 844 5394 venationibus
867 5329 929 5392 viis
952 5337 985 5393 et
1007 5329 1103 5393 inviis
1128 5328 1271 5394 exitibus
1294 5339 1326 5394 et
1348 5328 1506 5394 reditibus
1533 5329 1670 5415 quesitis
1693 5336 1726 5393 et
1748 5329 1852 5416 inqui·

201 5430 312 5496 randis
342 5433 533 5518 cunctisque
562 5429 635 5496 aliis
663 5429 761 5498 rebus
791 5455 853 5519 que
883 5433 927 5498 ad
954 5432 1016 5498 heo
1046 5433 1244 5520 aliquatinus
1274 5433 1339 5499 dici
1369 5435 1530 5500 nominari
1559 5433 1612 5498 vel
1642 5434 1852 5501 accomodari

287 5618 345 5675 tta.
373 5621 410 5684 m)
429 5636 509 5672 manu
528 5619 579 5672 DL
656 5623 684 5684 n)
702 5620 734 5686 L,
747 5621 817 5686 feltlt
834 5623 863 5673 in
880 5623 910 5675 D
987 5624 1014 5686 ο)
1032 5623 1200 5690 Lindolphus
1219 5621 1255 5687 D,
1272 5623 1414 5675 Lindullus
1432 5623 1457 5675 L
1530 5625 1557 5691 p)
1576 5623 1607 5688 L,
1626 5623 1792 5676 Walahnsen
1811 5623 1848 5676 D.

288 5723 346 5779 ott.
376 5724 471 5794 [Feltr]
559 5723 586 5791 a)
605 5742 670 5776 συνν.
690 5742 738 5776 cos
756 5729 858 5778 Monesi
944 5729 972 5793 b)
988 5728 1135 5779 Nedialesti
1153 5727 1188 5777 D.

1585 5831 1645 5900 53*
