4508 6428
288 425 353 490 420
885 423 1337 484 KAISERURKUNDEN.

290 626 438 702 possunt,
462 613 523 679 deo
548 611 760 697 omnipotenti
784 617 964 693 sanctoque
986 607 1109 672 martiri
1126 604 1297 686 Mauricio,
1320 611 1434 667 nostro
1458 599 1583 665 scilicet
1601 609 1746 686 patrono
1766 597 1974 683 inMagde·

290 718 384 801 burg,
407 717 495 782 hac⁰
516 725 630 780 nostra
651 715 743 796 regia
758 712 811 777 vel
834 710 995 797 imperiali
1017 711 1227 796 preceptione
1250 704 1485 792 perpetualiter
1505 703 1551 769 ibi
1566 703 1774 770 manendum
1791 701 1974 767 tradimus

291 831 388 907 atque
410 818 668 885 transfundimus
692 827 723 882 et
745 816 789 881 ad
812 837 893 900 opus
909 814 962 878 vel
980 836 1075 878 usum
1096 813 1234 877 fratrum
1256 809 1378 876 ibidem
1394 809 1455 874 deo
1472 808 1624 895 almoque
1639 809 1774 874 martiri
1792 807 1974 872 Mauricio

292 925 506 990 serviencium
522 922 727 1007 deputamus,
751 942 791 984 ea
805 918 959 984 videlicet
976 919 1109 982 racione
1131 926 1167 981 ut
1191 916 1218 979 si
1241 914 1360 1000 aliquis
1382 915 1486 978 nostri
1510 934 1692 995 successor,
1715 935 1784 976 rex
1801 911 1977 976 videlicet

290 1029 343 1095 vel
364 1029 541 1113 imperator
552 1025 575 1109 ἃ,
600 1027 669 1088 sive
691 1023 757 1088 alia
780 1021 924 1108 quelibet
945 1031 1093 1108 potestas
1115 1020 1291 1084 temeraria
1312 1039 1412 1083 manu
1434 1016 1497 1082 hoc
1520 1017 1696 1101 infringere
1710 1015 1772 1081 vel
1792 1025 2009 1104 temptaret

291 1139 467 1217 presumat,
491 1127 723 1213 omnipotentis
746 1125 799 1190 dei
822 1148 861 1190 ac
883 1123 1103 1210 prenominati
1126 1121 1323 1187 sanctissimi
1346 1120 1488 1184 martiris
1510 1121 1546 1184 in
1561 1118 1613 1184 die
1634 1119 1753 1185 iudicii
1770 1119 1977 1184 vindictam

290 1238 446 1301 incurrat.
490 1234 535 1298 Et
563 1244 600 1297 ut
627 1230 688 1296 bec
718 1240 829 1294 nostre
857 1227 1049 1294 donacionis
1081 1225 1219 1291 tradicio
1250 1247 1272 1288 a
1301 1224 1428 1288 cunctis
1458 1222 1609 1288 fidelibus
1639 1223 1769 1288 nostris
1805 1221 1977 1288 omnibus

290 1337 493 1423 temporibus
515 1336 610 1400 firma
633 1343 666 1398 et
687 1331 882 1398 inconvulsa
904 1338 1106 1416 permaneat,
1134 1327 1219 1392 hanc
1242 1335 1369 1392 cartam
1393 1326 1557 1391 conscribi
1579 1336 1612 1390 et
1633 1324 1753 1390 annuli
1779 1327 1901 1390 nostri
1926 1326 1979 1388 in·

292 1441 461 1527 pressione
485 1439 608 1521 signari
630 1437 785 1501 iussimus
808 1455 972 1518 manuque
996 1433 1131 1518 propria
1153 1441 1189 1496 ut
1211 1430 1297 1495 infra
1319 1429 1449 1494 videtur
1472 1429 1776 1495 corroboravimus.

393 1575 531 1659 Signum
553 1574 664 1639 domni
689 1570 820 1636 Ottonis
842 1572 952 1655 magni
977 1578 1010 1635 et
1030 1569 1237 1634 invictissimi
1259 1569 1466 1652 imperatoris
1488 1570 1630 1652 augusti.
1999 1581 2031 1626 so

394 1676 588 1762 Ludolphus
612 1674 828 1740 cancellarius
850 1676 923 1738 vice
945 1673 1110 1738 Brunonis
1133 1670 1387 1757 archicapellani
1410 1671 1533 1756 notavi.

394 1814 484 1880 Data
500 1831 558 1878 xv,
573 1813 641 1878 kal.
663 1813 741 1877 maii
764 1832 850 1876 anno
875 1810 1037 1875 dominice
1059 1809 1295 1874 incarnationis
1318 1823 1528 1890 Dccccnxm,
1552 1807 1731 1873 indictione
1753 1817 1853 1898 11130,
1882 1830 1979 1872 anno

292 1940 371 1984 vero
394 1919 487 2002 regni
510 1916 621 1982 domni
646 1915 779 1981 Ottonis
802 1931 885 1997 xxv,
908 1914 1038 1998 imperii
1060 1923 1170 1979 autem
1192 1931 1261 1998 >1113
1296 1921 1406 1978 actum
1428 1909 1647 1993 Walabusen3
1681 1913 1716 1978 in
1742 1910 1803 1977 dei
1829 1914 1980 1978 nomine

293 2020 433 2088 feliciter
453 2042 559 2085 amen.

1078 2221 1166 2297 305.

307 2381 390 2458 Otto
417 2379 558 2456 sebeeltt
583 2379 649 2453 der·
674 2381 806 2455 Kirclze
832 2379 891 2454 des
917 2381 950 2454 b.
980 2381 1099 2453 Moriz
1125 2406 1171 2452 za
1196 2379 1423 2479 Mapdeb'urp
1449 2377 1520 2452 dea
1546 2377 1615 2454 Ort
1638 2379 1833 2452 Mersisclzi.

306 2739 310 2747 .
401 2693 494 2752 Isibcr
509 2696 589 2767 prio.
613 2711 637 2752 s.
654 2693 803 2752 Mauricii
825 2711 882 2752 aus
905 2693 971 2752 dem
985 2693 1073 2752 Dede
1095 2692 1146 2751 des
1168 2697 1219 2753 11.
1237 2692 1289 2752 Jb.
1314 2691 1338 2763 f.
1357 2689 1409 2752 17¹
1432 2693 1474 2749 im
1496 2691 1524 2750 lr.
1542 2689 1745 2751 Staatsercbiv
1767 2710 1812 2750 au
1839 2693 1979 2767 Μαράθ-

401 2799 476 2870 bary
498 2795 558 2876 (0).
580 2830 626 2840 -
644 2797 863 2870 Maqoeourqer
886 2794 1065 2870 Gop¹iatbuols
1087 2796 1137 2854 des
1160 2797 1211 2856 15.
1229 2795 1281 2855 Jlr.
1305 2795 1329 2868 f.
1351 2793 1401 2855 16¹
1425 2795 1535 2854 ebesda
1558 2794 1569 2873 (
1600 2792 1622 2874 ).

402 2934 583 3008 Saps'ttarius
599 2936 668 2993 Ant.
686 2935 882 3010 Mopdcbury.
899 2934 942 2992 ert.
963 2940 987 3004 1,
1008 2937 1068 2992 100
1086 2934 1160 3006 Rq.
1178 2952 1235 2994 eus
1251 2933 1318 2994 MS.
1335 2933 1385 2993 des
1404 2933 1550 2993 olearias.
1574 2965 1618 2976 —-
1638 2933 1773 2992 metae
1789 2935 1883 2994 Hist.
1901 2953 1976 3008 qen.
1995 2950 2028 2998 ro

403 3038 512 3099 Saron.
538 3043 600 3099 139
622 3045 657 3097 πθ
680 3043 722 3099 13
744 3057 801 3099 aus
826 3037 997 3098 Obertaler.
1027 3070 1070 3080 -
1096 3037 1274 3112 Dreylsuupt
1297 3039 1416 3097 Besclrr.
1440 3037 1491 3096 des
1514 3033 1733 3111 east-erese
1757 3043 1789 3108 1,
1819 3042 1868 3097 12
1891 3045 1928 3096 πθ
1954 3045 1973 3098 1

402 3160 458 3201 aas
481 3143 546 3200 den
567 3141 702 3215 Oripieel
722 3144 805 3202 nebst
827 3141 953 3227 kleircm
975 3142 1062 3200 Feres.
1086 3160 1129 3200 sa
1149 3143 1212 3202 956
1237 3139 1300 3219 (A).
1324 3173 1366 3184 -
1390 3139 1519 3213 Stampf
1536 3141 1610 3214 Rey.
1632 3143 1698 3201 242
1718 3158 1761 3198 aa
1785 3143 1869 3201 956.

403 3281 510 3340 Fallere
532 3281 596 3339 bier
617 3282 672 3339 wie
694 3281 738 3338 bei
761 3280 831 3340 DO.
855 3285 918 3340 304
942 3279 1107 3352 Handluay
1129 3280 1193 3338 aad
1222 3280 1450 3354 Bearkundmrp
1482 3278 1691 3348 ausdaoader,
1725 3295 1759 3338 so
1789 3278 1874 3338 lctsst
1904 3281 1974 3340 siclt

405 3384 453 3442 die
475 3389 582 3443 erstere
603 3385 683 3443 nieht
705 3384 816 3442 cineret
837 3384 1013 3442 anselmi
1034 3382 1201 3455 festsetrerq
1236 3385 1376 3442 rotbremt
1398 3385 1446 3443 die
1467 3383 1695 3456 Beartuaemq
1717 3384 1752 3440 in
1774 3383 1882 3443 dieser
1907 3384 1970 3444 Ge·

404 3487 488 3559 stult,
523 3487 563 3546 da
586 3487 639 3546 dus
660 3488 755 3546 sicher
777 3505 833 3547 oon
854 3487 909 3546 LI.
935 3486 1078 3558 sersasste
1101 3487 1166 3545 mad
1184 3488 1386 3561 yesrbriebeae
1412 3486 1548 3561 aaran
1574 3487 1662 3546 sclua
1689 3488 1744 3544 mit
1776 3487 1970 3549 Titelmono·
1988 3507 2019 3555 as

400 3608 518 3663 promas
540 3591 676 3650 verseten
698 3609 770 3662 war,
793 3595 851 3651 ersi
873 3593 950 3652 rsecb
972 3595 1035 3654 975
1057 3592 1281 3667 stattyesursden
1303 3594 1396 3653 baben
1417 3593 1506 3652 taem

407 3795 466 3875 (O.)
496 3794 535 3860 In
565 3795 695 3860 nomine
724 3804 838 3860 sancte
867 3807 899 3860 et
927 3796 1095 3862 individue
1121 3799 1286 3861 trinitatis.
1332 3797 1410 3862 Otto
1434 3796 1546 3862 divina
1568 3805 1730 3863 annuente
1753 3798 1968 3864 clementia·

301 3902 481 3985 imperator
510 3909 679 3983 augustus.
781 3898 817 3964 Si
850 3911 985 3967 sanctae
1017 3901 1069 3966 dei
1098 3901 1280 3966 aecclesiae
1308 3899 1614 3988 venerabilibusque
1644 3901 1726 3967 locis
1757 3901 1889 3988 aliquid
1922 3904 1966 3970 de

302 4011 415 4068 nostra
438 4005 528 4088 regia
550 4003 602 4068 vel
631 4001 818 4088 imperialib
847 4004 1018 4069 maiestate
1041 4005 1189 4069 conferre
1212 4005 1408 4087 satagimus,
1442 4003 1477 4068 id
1499 4003 1593 4069 nobis
1616 4004 1660 4070 ad
1681 4006 1846 4090 presentis
1868 4008 1965 4072 vitae

302 4115 424 4172 statum
447 4115 479 4172 et
501 4116 655 4172 aeternae
672 4107 896 4175 retributionis
913 4108 1034 4173 donum
1050 4108 1207 4193 prodesse
1222 4107 1426 4173 confidimus.
1462 4107 1670 4194 Quapropter
1685 4107 1838 4174 omnibus
1854 4109 1964 4176 fideli·
1982 4135 2015 4184 30

302 4209 364 4274 bus
386 4212 508 4276 nostris
531 4211 737 4297 presentibus
761 4211 887 4277 scilicet
910 4221 972 4276 ac⁰
993 4213 1111 4278 futuris
1134 4221 1248 4277 notum
1270 4210 1522 4292 essevolumus,
1547 4211 1710 4298 quomodo
1726 4234 1787 4277 nos
1805 4212 1849 4277 ob
1867 4235 1963 4280 amo·

301 4336 369 4379 rem
393 4313 445 4380 dei
474 4317 630 4402 regnique
658 4318 782 4381 aeterni
811 4317 1029 4401 mansionem,
1064 4319 1199 4402 insuper
1221 4317 1319 4382 etiam
1342 4337 1401 4399 pro
1426 4315 1605 4381 stabilitate
1632 4316 1724 4401 regni
1745 4315 1798 4380 vel
1828 4317 1963 4403 imperii

302 4419 406 4483 nostri
434 4440 496 4483 nec
524 4440 591 4484 non
620 4441 679 4504 pro
709 4419 814 4485 salute
843 4418 1053 4508 remedioque
1086 4422 1215 4485 animae
1244 4429 1377 4485 nostrae
1409 4419 1613 4506 dilectaeque
1642 4421 1790 4504 coniugis
1820 4431 1963 4486 nostrae

302 4520 532 4588 Athelbeidisd
560 4532 659 4609 atque
683 4525 934 4594 ‚amantissimae
964 4523 1065 4609 prolis
1094 4535 1126 4588 et
1152 4525 1324 4610 aequivoci
1351 4526 1454 4588 nostri
1478 4521 1609 4588 Ottonis
1632 4523 1797 4609 quandam
1822 4534 1963 4590 nostrae

304 4627 513 4711 proprietatis
535 4625 648 4691 villam
671 4627 828 4692 Musiscbi
851 4630 1063 4710 nominatam,
1086 4629 1228 4713 inpage
1252 4626 1435 4711 Derlingon
1457 4635 1490 4692 et
1511 4628 1544 4691 in
1568 4628 1726 4692 comitatu
1748 4625 1962 4693 Thiatmari⁰
1980 4651 2013 4700 ³5

304 4731 431 4795 comitis
455 4732 562 4813 sitam,
586 4753 661 4796 cum
684 4731 834 4798 omnibus
857 4731 1052 4796 utilitatibus
1075 4730 1120 4795 ad
1141 4731 1227 4795 banc
1249 4733 1310 4795 rite
1334 4731 1578 4817 aspicientibus,
1601 4730 1664 4796 hoc
1687 4739 1736 4796 est
1757 4732 1844 4795 areis
1867 4731 1963 4797 aedi·

306 4833 389 4898 liciis
418 4834 590 4919 mancipiis
620 4835 788 4921 utriusque
818 4857 916 4900 sexus
946 4835 1041 4898 terris
1071 4833 1167 4898 cultis
1196 4844 1230 4902 et
1256 4833 1388 4898 incultis
1416 4836 1504 4919 agris
1534 4835 1660 4920 campis
1687 4835 1791 4920 pratis
1822 4837 1962 4920 pascuis

305 4937 394 5002 silvis
416 4938 647 5003 venationibus
670 4942 764 5026 aquis
788 4960 988 5025 aquarumve
1018 4937 1211 5004 decursibus
1238 4937 1476 5024 piscationibus
1506 4936 1701 5003 molendinis
1722 4936 1904 5002 mobilibus
1929 4948 1964 5004 et

304 5040 514 5106 inmobilibus
537 5043 600 5106 viis
623 5052 656 5106 et
678 5043 774 5107 inviis
798 5043 941 5109 exitibus
965 5055 997 5110 et
1019 5044 1177 5110 reditibus
1207 5044 1341 5130 quesitis
1371 5053 1404 5108 et
1432 5043 1633 5130 inquirendis
1662 5045 1854 5128 cunctisque
1884 5044 1963 5109 aliis

305 5144 455 5210 omnibus
478 5144 576 5209 rebus
600 5167 684 5230 quae
707 5145 751 5210 ad
772 5145 854 5210 haec
874 5146 1080 5233 aliquatenus
1097 5147 1161 5213 dici
1178 5146 1230 5213 vel
1246 5149 1406 5212 nominari
1427 5157 1576 5234 possunt,
1599 5171 1643 5213 ex
1663 5151 1788 5232 integro
1806 5169 1826 5210 a
1842 5159 1961 5214 nostro
1980 5169 2015 5216 so

303 5250 372 5314 iure
394 5250 429 5314 in
451 5250 501 5313 ius
525 5250 724 5313 sanctissimi
746 5252 889 5315 martiris
911 5251 1072 5333 Mauricii,
1096 5251 1200 5316 nostri
1217 5249 1370 5316 videlicet
1391 5253 1522 5337 patroni
1545 5253 1578 5317 in
1599 5249 1860 5336 Magadaburg‘,
1885 5273 1962 5337 per·

303 5353 478 5438 petualiter
505 5352 552 5416 ibi
580 5352 778 5417 manendum
807 5353 931 5440 absque
959 5354 1026 5420 ulla
1054 5354 1210 5422 heredum
1232 5353 1285 5419 vel
1313 5376 1540 5420 successorum
1562 5364 1748 5420 nostrorum
1770 5355 1962 5420 contradic·

390 5538 594 5604 ³0⁴.c)acD
673 5541 901 5607 d)imperatorD
983 5543 1582 5607 emonenderfflaawandmtnvm.

391 5641 450 5698 ³⁰⁵.
479 5641 574 5711 [Foltz]
663 5646 688 5712 a)
706 5645 796 5696 divina
809 5664 831 5697 c.
849 5647 880 5712 A,
900 5648 943 5698 dei
962 5657 1130 5700 annuentes.
1151 5649 1201 5701 UD
1286 5651 1314 5716 b)
1331 5652 1501 5716 imperatoria
1517 5649 1547 5700 D
1632 5649 1657 5714 c)
1675 5655 1701 5701 et
1717 5649 1747 5699 D
1826 5649 1962 5713 ,(1)Δάιί-

476 5713 562 5766 heidis
575 5713 604 5764 D
701 5715 725 5782 e)
744 5715 931 5780 ThietmariO,
950 5717 1081 5768 Ditbmari
1093 5718 1123 5769 D
1218 5719 1239 5784 l)
1258 5718 1485 5786 MagdaburchO,
1503 5719 1669 5786 Magdeburg
1680 5718 1716 5770 D.
1979 5720 2015 5768 4⁶
