4576 6428
867 427 992 483 ΟΤΤΟ
1014 428 1039 484 I.
1063 423 1135 482 965.
1762 414 1824 478 391

178 628 205 674 et
226 623 394 674 medietatem
422 625 543 688 partibus
571 623 688 672 eiusdem
718 623 878 672 monasterii.
916 623 952 672 Et
974 627 1005 672 nt
1027 624 1115 672 verius
1144 621 1267 673 credatur
1293 637 1325 672 ac
1351 621 1508 687 diligencius
1530 621 1564 671 ab
1587 622 1710 672 omnibus
1738 623 1825 672 obser-

177 732 263 789 vetur,
287 741 366 776 manu
389 727 498 791 propria
518 719 687 775 roboranteg
708 706 906 796 nostrequei
928 709 1035 793 sigillo
1060 726 1151 776 subter
1172 697 1298 775 iussimus
1320 711 1473 793 uulgum.

279 846 294 927 i
318 847 453 933 Signum
476 847 587 913 domni
611 846 742 912 Ottonis
767 849 856 930 (lis.)
882 850 1076 912 serenissimi
1100 851 1389 934 imperatoriisssss

280 949 482 1029 iLintulfus
512 950 726 1016 cancellarius
754 949 904 1015 advioem
927 951 1088 1016 Uuidonis
1117 953 1264 1036 episcopi
1287 961 1319 1016 et
1341 950 1621 1016 archicancellarii
1650 954 1825 1036 recognovi

146 1065 213 1120 tet
236 1054 426 1140 subscripsi.
448 1051 463 1131 i
1701 1056 1758 1137 (SI.
1775 1051 1826 1145 11.)

279 1193 368 1257 Data
391 1210 442 1258 111.
465 1202 596 1258 nonosss
625 1194 790 1258 ianuarias
813 1215 899 1258 anno
924 1192 1085 1278 dominice
1108 1191 1355 1258 incarnacioniss
1378 1199 1600 1273 Dccccmmss,
1629 1194 1720 1277 regni
1741 1182 1824 1257 'vero

180 1295 289 1361 domni
326 1295 444 1361 Otonis
479 1298 675 1361 serenissimi
708 1298 913 1381 imperatoris
943 1283 1001 1380 11⁰1,
1035 1294 1211 1360 indictione
1243 1281 1321 1377 vlli3
1355 1305 1464 1359 actum
1496 1293 1538 1358 ad
1569 1305 1717 1359 sanctum
1750 1294 1827 1359 Am·

179 1398 326 1463 brosium
349 1402 382 1464 in
404 1402 518 1464 itinere
540 1401 643 1485 ipsius
666 1401 889 1486 imperatoris;
912 1401 945 1463 in
968 1398 1020 1462 dei
1043 1401 1174 1463 nomine
1196 1397 1334 1462 feliciter
1355 1419 1461 1462 amen.

960 1639 1046 1713 275.

130 1813 161 1859 ιο
189 1790 269 1867 Otto
297 1794 457 1891 beatutipt
482 1794 562 1868 dem
578 1793 723 1868 Klostcr
740 1793 953 1867 Eiresicdcln
981 1793 1047 1866 dos
1073 1793 1272 1867 Wuhlrccht
1296 1793 1376 1867 aad
1402 1793 1461 1868 die
1478 1794 1701 1866 insinuatam.

1304 1936 1475 2011 Reicitcaou
1498 1937 1560 1994 965
1584 1932 1710 1993 Januar
1729 1937 1781 1994 23.
1814 1961 1815 1974 ¹

286 2121 536 2196 erasmianam
558 2125 600 2181 im
624 2122 817 2195 Stiftsorchio
838 2142 878 2182 aa
901 2123 1075 2183 Eiaeiedeia
1099 2121 1162 2202 (A).

286 2227 475 2286 Gaiiliatarm
490 2228 537 2286 Dc
552 2245 595 2300 cp.
610 2229 764 2302 Amantia.
782 2230 842 2288 151
861 2229 981 2300 Frapm.
1000 2245 1057 2286 aas
1072 2228 1108 2286 Α.
1126 2263 1169 2270 -
1183 2227 1355 2285 Heumann
1370 2223 1451 2286 Aras.
1468 2226 1591 2284 Haeret
1606 2229 1647 2287 73
1663 2245 1720 2286 aas
1732 2227 1768 2287 A.
1785 2261 1827 2270 -

281 2331 419 2391 hiberiae
435 2331 581 2404 Eiectat,
605 2332 665 2391 (loc.
690 2337 710 2391 7
730 2338 765 2390 a⁰
785 2335 809 2392 2
830 2349 886 2389 aas
908 2331 934 2387 Α
956 2354 995 2383 =
1012 2331 1137 2390 Rossler
1157 2331 1339 2400 Vindicate,
1363 2348 1432 2402 app.
1457 2334 1508 2390 38.
1532 2364 1575 2372 -
1594 2330 1737 2390 Placidus
1755 2333 1827 2390 Rei-

282 2453 374 2493 monn
388 2435 461 2494 Doc.
485 2436 563 2495 arch.
580 2435 709 2496 Eiasidl.
732 2440 763 2506 2,
786 2439 831 2496 27
852 2441 886 2511 a?
907 2438 951 2494 27
972 2451 1029 2492 aas
1045 2433 1083 2494 A.
1100 2469 1143 2478 -
1158 2435 1285 2493 Buhmcr
1300 2431 1377 2491 Acte
1399 2433 1502 2492 staua
1525 2439 1545 2493 7
1566 2440 1600 2491 a⁰
1616 2438 1635 2494 9
1658 2452 1715 2492 aas
1730 2432 1768 2493 A.
1785 2467 1828 2478 -

284 2538 413 2595 Bibmcr
434 2539 508 2610 aar.
531 2540 604 2597 285.
629 2571 671 2580 -
693 2537 823 2612 Siumpf
840 2538 911 2611 Req.
936 2541 1009 2598 349.
1033 2571 1075 2581 —
1099 2538 1214 2597 Hidber
1235 2538 1307 2610 Ra.
1332 2539 1426 2596 1080.

285 2675 347 2734 Voa
368 2673 430 2735 Le.
455 2674 518 2746 fast
545 2676 677 2734 wuriiicb
703 2678 779 2735 accit
800 2677 868 2736 110.
894 2680 935 2738 94
963 2678 1156 2750 pescarium.
1201 2677 1294 2736 Ueber
1315 2675 1364 2734 dic
1385 2674 1539 2748 Datiruny
1567 2692 1590 2734 s.
1615 2675 1711 2735 Siekel
1732 2677 1827 2736 Bcitr.

281 2797 339 2837 aar
360 2779 547 2852 Diplomutilr
568 2783 598 2850 8,
621 2782 696 2840 162.

283 2985 340 3067 (0.)
362 2988 376 3070 3
398 2984 437 3049 In
459 2985 591 3048 nomine
622 2992 755 3048 sanctae
777 2993 810 3048 et
831 2981 1019 3048 individuae
1048 2983 1212 3046 trinitatis.
1251 2980 1329 3046 Otto
1359 2979 1471 3045 divina
1500 2980 1629 3047 favente
1655 2980 1829 3048 clementia

130 3106 164 3153 20
182 3090 359 3174 imperator
388 3097 555 3172 augustus,
658 3103 770 3152 Noverit
798 3104 915 3152 omnium
943 3100 1061 3152 fidelium
1090 3105 1240 3150 nostrorum
1268 3100 1430 3164 presentium
1452 3099 1554 3151 scilicet
1582 3105 1609 3152 et
1634 3084 1648 3167 ξ
1679 3101 1829 3152 futurorum

182 3208 315 3270 sollertia,
343 3206 457 3272 qualiter
477 3190 684 3256 purchardus
708 3206 761 3256 dux
783 3212 900 3256 nostram
923 3205 1079 3271 deprecatus
1102 3209 1143 3254 est
1164 3204 1354 3267 clementiam,‘
1368 3211 1499 3269 quatenns
1521 3222 1569 3270 pro
1593 3205 1635 3256 dei
1658 3222 1746 3258 amore
1769 3207 1828 3258 loco

181 3315 228 3378 qui
250 3318 361 3362 vocatur
382 3311 627 3378 Meginratescella‚
656 3329 672 3360 ιι
694 3313 741 3362 ubi
765 3312 877 3362 domnus
899 3309 1070 3362 Eberhardus
1093 3311 1222 3360 herenrita
1244 3308 1400 3360 aecclesiam
1423 3310 1451 3358 in
1474 3310 1574 3360 honore
1598 3316 1705 3363 sanctae
1727 3312 1829 3362 Mariae

182 3418 319 3482 sanctique
341 3417 461 3465 Maur-itii
484 3421 683 3480 ceterorumque
705 3420 856 3466 sanctorum
881 3415 923 3465 dei
945 3399 1203 3485 Herlmauuique
1227 3396 1320 3461 ducis
1343 3412 1476 3464 adiutorio
1500 3429 1516 3462 a
1538 3413 1717 3464 fundamentis
1740 3414 1829 3465 aedifi-

183 3522 253 3570 cavit
276 3525 303 3570 et
324 3525 413 3570 cetera
435 3518 557 3570 aedificia
579 3519 716 3570 monachis
738 3495 773 3568 ad
794 3517 969 3568 habitandum
999 3518 1161 3580 construxit,
1191 3502 1244 3565 cul
1272 3502 1362 3586 prius
1392 3511 1521 3586 preerat
1548 3500 1644 3586 beate
1673 3504 1828 3586 memorie

131 3626 165 3673 at
183 3611 233 3676 vir
261 3608 396 3673 illustris
420 3606 648 3690 Eberhardns,
678 3639 755 3688 quem
779 3622 906 3673 simodo
930 3608 1155 3672 sanctissimus
1176 3607 1227 3671 vir
1248 3608 1376 3670 cunctis
1399 3605 1573 3670 virtutibus
1599 3604 1725 3690 pollens
1749 3603 1829 3670 Gre-

181 3714 291 3798 gorius
320 3697 446 3776 nobiliter
472 3728 541 3792 regit
562 3733 589 3776 et
610 3727 747 3776 monachis
776 3725 825 3776 deo
848 3727 886 3776 ibi
909 3727 959 3776 sub
989 3723 1104 3792 regulari
1134 3725 1276 3790 disciplina
1304 3724 1482 3774 militantibus
1510 3729 1629 3790 praeest,
1659 3724 1829 3790 privilegium

182 3835 271 3895 nostro
299 3831 465 3880 auctoritatis
493 3835 573 3894 atque
601 3831 756 3879 munitatem
784 3845 863 3894 quam
892 3831 987 3880 ceteris
1015 3830 1182 3880 monasteriis
1209 3843 1362 3879 concessam
1385 3828 1514 3878 habemus
1537 3827 1746 3892 electionemque
1769 3844 1829 3878 con·

183 3933 342 3984 cederemus.
380 3933 464 3982 Cuius
494 3933 648 3997 petitionem
677 3934 791 3998 benigne
822 3934 997 3998 suscipientes
1025 3933 1060 3983 ob
1089 3948 1206 3982 amorem
1234 3933 1334 3983 domini
1363 3934 1447 3982 nostri
1475 3932 1536 3982 Iesu
1561 3931 1659 3980 Christi
1689 3936 1830 3997 nostreque

183 4035 310 4086 mercedis
332 4040 502 4102 angmentum
524 4035 650 4084 iussimus
672 4035 723 4084 hoc
746 4036 912 4086 auctoritatis
935 4041 1014 4100 atque
1037 4036 1175 4085 munitatis
1197 4035 1365 4100 privilegium
1389 4035 1521 4085 conscribi
1544 4051 1592 4098 per
1612 4034 1685 4098 quod
1706 4034 1830 4084 volumus

133 4142 167 4190 30
185 4139 345 4204 firmiterque
372 4140 508 4200 iubemus,
543 4143 573 4188 ut
594 4144 655 4202 post
677 4139 779 4188 obitum
808 4137 968 4212 venerabilis
996 4138 1093 4204 prefati
1122 4138 1227 4188 abbatis
1251 4122 1401 4207 Gregorii
1431 4139 1553 4188 monachi
1581 4139 1639 4187 eius
1667 4139 1712 4203 qui
1741 4153 1830 4202 snper-

184 4244 297 4294 vixerint
319 4243 552 4306 monachicumque
575 4243 658 4292 vitam
680 4242 729 4292 deo
751 4247 861 4292 auctore
875 4244 904 4291 in
921 4241 1025 4306 prefata
1047 4240 1115 4290 cella
1137 4242 1345 4304 observaverint,
1368 4257 1400 4291 ac
1416 4241 1521 4291 illorum
1544 4257 1711 4292 successoros
1734 4242 1829 4292 amodo

183 4352 211 4397 et
232 4345 357 4411 deinceps
378 4345 555 4396 firmissimam
577 4328 721 4395 habeant
742 4349 900 4410 potestatem
923 4344 1038 4411 eligendi
1061 4360 1254 4410 quemcumque
1277 4346 1345 4395 inter
1368 4361 1413 4396 eos
1436 4346 1559 4395 abbatem
1581 4345 1729 4407 voluerint,
1752 4351 1778 4395 et
1800 4351 1831 4395 nt

149 4465 152 4470 ·
183 4449 273 4500 nullus
288 4466 320 4500 ex
336 4450 477 4500 iudiciaria
498 4454 629 4514 potestate
652 4451 812 4500 constitutus
835 4449 953 4514 aliquam
975 4465 1055 4514 super
1070 4465 1115 4500 eos
1131 4453 1253 4500 exerceat
1274 4452 1432 4513 potestatem
1453 4448 1497 4498 vel
1519 4463 1597 4512 snper
1620 4463 1711 4498 eorum
1735 4463 1830 4499 causas

184 4569 231 4603 seu
253 4569 333 4618 snper
354 4552 470 4603 familias
490 4555 563 4603 intus
584 4553 628 4604 vel
650 4553 714 4604 ioris
738 4569 890 4617 concessas,
916 4553 963 4603 sed
986 4553 1104 4604 eiusdem
1127 4553 1223 4620 cellule
1246 4554 1329 4605 abbas
1352 4555 1511 4618 potestative
1534 4569 1595 4602 cum
1617 4554 1672 4602 suis
1694 4555 1830 4604 monachis

131 4663 165 4710 ³5
184 4656 218 4706 ad
240 4656 346 4706 illorum
372 4657 536 4707 necessarios
558 4671 623 4706 usus
644 4656 754 4707 firmiter
776 4658 876 4722 absque
899 4655 982 4706 ullius
1004 4657 1214 4708 contradictione
1236 4657 1372 4722 possideat
1393 4663 1420 4708 et
1442 4659 1491 4708 sub
1514 4661 1606 4708 nostra
1629 4657 1782 4709 defensione
1805 4663 1831 4709 et

184 4761 330 4818 muniatis,
343 4761 457 4810 tuusne
479 4743 594 4830 predia
611 4768 631 4809 a
644 4745 741 4811 nobis
765 4769 823 4812 seu
840 4744 883 4811 ab
903 4745 975 4810 aliis
1000 4745 1043 4810 ad
1063 4747 1227 4832 prefatum
1249 4745 1359 4812 locum
1380 4745 1501 4828 tradita
1525 4767 1701 4832 omnesque
1723 4761 1830 4811 illorum

184 4879 226 4914 res
254 4863 443 4928 perpetualiter
470 4862 504 4912 ad
531 4863 637 4913 illorum
665 4870 697 4914 nt
718 4881 799 4930 supra
829 4865 944 4916 diximus
973 4867 1136 4916 necessarios
1167 4882 1232 4916 usus
1262 4871 1441 4932 permaneant.
1478 4865 1515 4914 Et
1535 4871 1567 4914 nt
1586 4848 1650 4914 hoc
1681 4867 1831 4916 autoritatis

184 4961 294 5035 nostre
323 4960 514 5036 preceptum
542 4951 768 5039 privileglique
791 4963 823 5018 et
845 4970 983 5020 munitatis
1011 4968 1112 5020 firmius
1140 4970 1270 5021 habeatur
1293 4976 1319 5020 et
1341 4986 1388 5035 per
1410 4970 1500 5020 futura
1528 4975 1648 5034 tempora
1670 4985 1687 5020 a
1708 4968 1831 5020 fidelibus

142 5057 145 5063 ¹
184 5070 282 5120 nostris
309 5071 398 5119 verius
420 5069 544 5120 credatur
565 5075 592 5120 ct
614 5069 768 5136 diligentius
791 5074 961 5135 observetur,
991 5087 1071 5122 manu
1094 5073 1202 5138 propria
1224 5057 1338 5124 subtus
1361 5057 1442 5124 illud
1464 5072 1678 5124 confirmavimus
1700 5080 1728 5124 et
1749 5074 1830 5124 annio

132 5176 167 5225 40
185 5179 276 5225 nostro
299 5174 411 5240 sigillari
433 5176 567 5226 iussimus.

288 5433 488 5521 {Liuiorum
521 5438 738 5504 cancellarius
769 5440 919 5506 adviccm
945 5441 1112 5506 Brunonis
1145 5437 1400 5524 archicapellani
1431 5435 1669 5520 recognovit}
1705 5439 1761 5518 (sl.
1781 5439 1832 5518 D.)

1750 5543 1832 5624 (se)

284 5692 343 5748 27⁵.
363 5693 480 5765 [Siclrell
