4554 6414
422 429 483 494 110
1013 438 1472 496 KAISERURKUNDEN.

418 656 510 706 parere
533 641 682 704 praeceptis
705 646 730 689 et
753 640 812 689 loca
840 641 890 690 sibi
920 640 1007 690 dicata
1035 656 1083 704 per
1112 641 1254 704 petitiones
1281 637 1399 688 fidelium
1428 645 1578 688 nostrorum
1608 646 1697 689 nostro
1726 635 1870 690 revelare*
1899 631 1916 710 ξ
1947 637 2101 686 iuvamina

418 753 498 812 atque
520 745 602 811 regali
626 747 694 794 tueri
717 746 871 806 munimine,
893 747 1019 810 qnoniam
1042 744 1069 792 id
1092 744 1170 793 nobis
1193 749 1219 792 et
1241 743 1275 792 ad
1298 742 1470 808 temporalem
1492 745 1573 792 vitam
1592 761 1716 810 prospere
1732 745 1940 810 transigendam
1958 755 1987 793 et
2006 751 2101 791 aeter-

418 865 478 900 nam
501 850 614 900 feliciter
637 848 808 898 obtinendam
828 843 1046 912 profuturarum²
1069 847 1170 912 liquido
1187 846 1327 897 credimus.
1361 848 1531 912 Quapropter
1545 849 1688 911 comperiat
1704 849 1822 897 omnium
1839 847 1967 896 fidelium
1986 855 2103 895 nostre

419 971 477 1004 rum
498 955 678 1019 praesentium
701 953 802 1002 scilicet
825 959 851 1001 et
873 951 1023 1001 futurorum
1047 952 1181 1014 sollertia,
1210 952 1325 1017 qualiter
1353 951 1467 1026 dilectus
1495 967 1526 1001 ac
1552 929 1640 1001 lidelis
1662 951 1715 1001 dux
1739 959 1829 1001 noster
1853 937 2102 1000 Herlmannlls

419 1059 483 1107 adiit
506 1057 691 1107 celsitudinem
714 1063 845 1114 nostram,
875 1057 1042 1104 innotescens
1065 1057 1142 1105 nobis
1165 1056 1236 1121 quod
1259 1063 1439 1105 antecessores
1462 1057 1560 1116 nostri,
1590 1038 1818 1103 Hludouulcus
1842 1037 2012 1103 videlicet
2039 1041 2140 1102 ἰπὶ-5

419 1157 550 1233 perator
577 1145 663 1210 filius
692 1145 808 1222 Karoli
838 1147 947 1228 magni
977 1147 1182 1230 imperatoris
1205 1167 1266 1208 nec
1289 1167 1356 1208 non
1378 1155 1410 1208 et
1433 1143 1660 1208 Hludouuicus
1683 1167 1758 1224 rex,
1794 1143 1912 1207 sedet
1939 1141 2103 1206 Karolus

418 1254 612 1337 imperator,
647 1249 804 1314 Amolfus
833 1252 931 1313 etiam
959 1272 1018 1312 rex
1041 1259 1073 1312 et
1094 1248 1211 1312 beatae
1234 1253 1409 1314 memoriae
1438 1252 1565 1333 genitor
1586 1265 1698 1313 noster
1719 1249 1896 1314 Heinricus
1924 1272 2009 1328 rex,
2046 1264 2104 1312 fra-

418 1372 503 1420 tribus
525 1373 553 1419 in
577 1371 737 1418 monasterio
760 1369 832 1433 quod
861 1369 958 1417 dicitur
986 1369 1151 1432 Canrpidona
1173 1352 1235 1417 (leo
1259 1370 1451 1418 famulantibus
1473 1370 1608 1420 licentiam
1631 1371 1785 1419 tribuissent
1807 1386 1841 1419 ex
1865 1370 1924 1418 illis
1951 1372 2026 1433 ipsis
2053 1369 2104 1417 eli-

418 1475 497 1541 gendi
525 1476 665 1536 abbatem,
698 1473 825 1538 quamdiu
856 1475 894 1522 ibi
925 1472 1003 1522 talem
1033 1475 1152 1522 invenire
1181 1475 1330 1538 potuissent
1352 1476 1398 1538 qui
1422 1475 1507 1538 ipsam
1530 1481 1648 1523 sanctam
1672 1478 1909 1540 congregationem
1936 1474 2103 1523 secundnm

418 1579 536 1644 regulam
565 1579 650 1626 sancti
679 1577 816 1626 Benedicti
845 1577 923 1640 digne
958 1593 1047 1641 regere
1082 1578 1180 1627 valeat.
1225 1579 1319 1642 ltaque
1352 1595 1401 1628 nos
1435 1595 1533 1629 morem
1568 1567 1842 1650 praescriptorum
1878 1591 2104 1629 antecessorum
2127 1579 2160 1625 1¹]

418 1691 568 1734 nostrorum
591 1691 732 1748 sequentes
755 1684 934 1731 concessimus
957 1684 984 1731 in
1006 1684 1126 1746 predicto
1149 1684 1207 1733 loco
1231 1691 1322 1734 sancto
1346 1687 1380 1734 ob
1403 1701 1519 1758 amorem
1542 1685 1642 1733 domini
1660 1685 1742 1733 nostri
1757 1685 1824 1733 Jesn
1841 1685 1949 1734 Christi
1966 1697 2102 1733 nostrae

418 1805 469 1854 qus
491 1788 619 1838 mercedis
642 1795 814 1853 augmentum
837 1803 868 1837 ac
890 1804 939 1852 pro
962 1790 1083 1852 coniugis
1111 1790 1316 1854 carissimaeque
1344 1790 1427 1854 prolis
1457 1797 1563 1839 nostrae
1582 1789 1679 1838 ‘salute
1706 1789 1805 1839 habere
1833 1797 2009 1853 potestatem
2044 1789 2104 1838 illis

418 1893 530 1958 eligendi
562 1893 700 1954 abbatem,
733 1894 755 1940 si
779 1893 888 1957 dignum
912 1892 1019 1942 domino
1042 1893 1188 1943 auxiliante
1211 1895 1281 1943 inter
1303 1893 1364 1944 illos
1386 1895 1506 1944 invenire
1528 1895 1676 1957 potuerint,
1711 1899 1737 1943 et
1765 1893 1840 1941 illam
1867 1905 1957 1958 atque
1983 1911 2102 1942 omnem

418 1999 615 2048 concessionem
644 2011 838 2061 quamcumque
868 2003 1048 2046 antecessores
1075 1999 1159 2046 nostri
1191 1998 1276 2047 eidem
1305 1999 1465 2047 monasterio
1495 1997 1666 2047 contulerunt
1688 1999 1715 2046 in
1738 1999 1909 2046 immunitate
1935 1997 2101 2048 donatione

418 2120 465 2153 seu
487 2096 720 2167 cuiuscumquae²
743 2102 893 2150 securitatis
917 2100 1112 2162 additamento,
1142 2102 1210 2150 sicut
1235 2102 1330 2151 melius
1352 2111 1378 2151 et
1404 2102 1508 2166 plenius
1531 2103 1638 2152 illorum
1660 2103 1824 2166 temporibus
1847 2103 2032 2160 habuerunt,
2069 2113 2101 2152 ut
2124 2107 2156 2154 15

418 2211 455 2258 ita
478 2215 504 2258 et
526 2209 652 2272 deinceps
674 2207 791 2256 habeant
814 2223 861 2270 per
883 2207 933 2255 hoc
957 2209 1123 2256 auctoritatis
1152 2213 1258 2257 nostrae
1285 2215 1456 2272 praeceptum
1485 2208 1591 2271 plenius
1619 2209 1647 2255 in
1676 2207 1718 2255 dei
1745 2207 1853 2255 nomine
1882 2205 2102 2256 confirmatum.

418 2314 495 2362 Hanc
518 2315 608 2378 itaque
631 2317 748 2360 nostram
770 2313 970 2372 auctoritatem,
1005 2317 1033 2358 ut
1056 2313 1242 2359 inconcussam
1264 2317 1290 2359 et
1314 2310 1495 2360 inviolabilem
1518 2313 1637 2374 optineat
1659 2308 1823 2370 firmitatem,
1859 2323 1948 2358 manu
1979 2313 2101 2375 propria

418 2425 509 2467 nostra
531 2419 622 2466 subter
644 2415 859 2466 confirmavimus
882 2422 907 2464 et
930 2415 1003 2463 anuli
1027 2417 1110 2464 nostri
1134 2416 1306 2478 impressione
1330 2398 1464 2483 sigillari
1489 2416 1622 2464 iussimus.

518 2533 533 2615 ’ξ
557 2531 695 2616 Signum
717 2530 827 2595 domui
852 2529 983 2594 Ottonis
1009 2531 1073 2610 (M.)
1097 2532 1301 2594 invictissimi
1325 2530 1458 2616 regis}

520 2636 672 2721 {Poppo
703 2634 918 2699 cancellarius
947 2635 1096 2699 advicem
1124 2633 1285 2698 Fridurici
1315 2633 1567 2720 archicapellani
1598 2632 1770 2696 subnotavi
1799 2641 1830 2695 ct
1859 2630 1875 2710 ξ
1904 2635 1984 2712 [SR.
2012 2636 2097 2712 xx.)
2119 2647 2154 2692 sa

1948 2741 2011 2817 (st.
2040 2743 2096 2818 D.)

520 2870 610 2933 Data
632 2887 683 2932 111.
707 2868 750 2932 id.
775 2892 843 2954 sep.
866 2892 953 2932 anno
976 2871 1210 2933 incarnationis
1234 2869 1356 2933 domini
1380 2884 1659 2950 Dccccxxxmm,
1683 2866 1886 2948 indicem,
1910 2891 2006 2932 anno
2034 2894 2096 2934 au-

419 2989 483 3040 tem
505 2978 596 3060 regni
621 2974 753 3039 Ottonis
775 2977 911 3060 piissimi
934 2977 1019 3058 regis
1043 2991 1115 3055 11113
1147 2983 1256 3038 actum
1279 2976 1312 3038 in
1335 2974 1467 3038 civitate
1490 2989 1572 3058 quae
1595 2983 1732 3036 vocatm
1754 2969 1943 3052 Vuerlaha3
1974 2975 2011 3036 in
2038 2973 2095 3038 dei

420 3083 550 3168 nomine
574 3102 680 3152 amen,

1217 3217 1267 3288 23

428 3358 508 3434 an
531 3356 672 3431 scbcnlt
693 3356 759 3429 der
781 3353 1025 3452 biscbbfliclzcn
1048 3355 1180 3428 Kircbe
1203 3381 1248 3427 zu
1270 3351 1400 3452 Spcier
1421 3353 1490 3427 den
1516 3355 1584 3430 Ort
1605 3356 1757 3429 Messall.

1604 3497 1711 3555 Knsscl
1733 3500 1796 3557 940
1819 3497 1965 3554 Febr-uer
1987 3502 2045 3558 12.

525 3671 774 3743 Originaldiplom
797 3673 839 3727 ira
859 3671 972 3744 grossis.
993 3669 1370 3729 Gener·al·Imudesarchio
1391 3687 1432 3726 aa
1453 3669 1620 3727 Karlsmlee
1644 3666 1708 3745 (A).

522 3809 641 3882 Duum&
662 3809 732 3882 Ray.
756 3810 834 3868 Bad.
859 3814 899 3869 85
923 3815 958 3865 a⁰
979 3813 1022 3869 23
1044 3825 1101 3866 utos
1124 3807 1162 3865 A.
1186 3841 1229 3851 -
1251 3809 1342 3880 Kricy
1368 3807 1469 3866 Gescb.
1493 3807 1546 3864 der
1571 3805 1688 3876 Grnsen
1709 3824 1763 3864 con
1781 3806 1942 3864 Ebersteia
1963 3805 2091 3883 (Karis-

522 3913 875 3992 nue1836)360n⁰2
894 3912 1004 3971 ansel.
1028 3946 1071 3955 —
1093 3912 1230 3984 amatae
1250 3912 1314 3971 UB.
1340 3929 1392 3970 con
1409 3911 1566 3984 Speyer1‚
1583 3915 1622 3969 11
1642 3915 1735 4004 '1⁰12
1751 3927 1808 3968 arcs
1824 3908 1862 3967 A.
1887 3942 1931 3952 -
1956 3910 2095 3984 Stermps
2109 3931 2144 3977 30

521 4018 592 4091 Rey.
618 4021 669 4077 80.

524 4155 648 4228 concept
670 4157 720 4214 des
743 4156 807 4214 PA.
831 4175 886 4214 con
908 4159 1017 4214 scissem
1044 4156 1192 4215 Genessen
1214 4156 1279 4214 PB.
1303 4160 1433 4228 erpeium.
1479 4155 1571 4213 Jmcr
1592 4155 1736 4211 eeiclmete
1758 4153 1813 4210 clos
1837 4151 1997 4210 Chrismon
2025 4173 2088 4218 ror,

521 4261 645 4333 aceruus
662 4261 725 4319 PB.
751 4261 799 4318 die
825 4261 966 4321 l'rlauulc
990 4263 1043 4317 mit
1065 4259 1238 4317 Artsrralune
1259 4259 1311 4315 cler
1334 4259 1610 4332 Recoyuitiousscilc
1632 4259 1760 4328 schrieb;
1793 4257 1870 4314 ‹liesc
1899 4257 1987 4330 ftiyle
2017 4259 2088 4317 PB.

524 4369 581 4423 eret
604 4366 712 4434 binas,
737 4365 878 4422 nacbdcm
900 4363 964 4422 PA.
988 4364 1043 4422 dus
1067 4364 1128 4423 SR.
1149 4363 1273 4436 qebildet
1297 4364 1382 4420 batte.

526 4555 585 4636 (G.)
608 4555 623 4639 ξ
644 4554 682 4618 ln
705 4556 836 4618 nomine
860 4562 993 4616 sanctae
1016 4563 1047 4615 et
1075 4550 1261 4615 individuae
1289 4553 1452 4614 trinitatis.
1498 4549 1576 4614 Otto
1606 4549 1717 4613 (lisina
1744 4549 1874 4613 favente
1905 4546 2090 4614 clementia
2110 4571 2145 4620 35

420 4686 488 4726 rex.
576 4660 736 4723 Noverint
759 4681 871 4722 omnes
893 4656 1006 4720 fideles
1028 4657 1130 4720 nostri
1153 4653 1376 4741 {praesentes
1401 4655 1523 4718 scilicet
1547 4665 1578 4718 et
1599 4655 1708 4736 futuri,
1732 4652 1871 4738 qualiter
1885 4675 1948 4715 nos
1964 4665 2092 4737 rogatu

421 4765 578 4829 Amalrici
610 4761 772 4847 Spirensis
801 4763 946 4848 episcopi
978 4771 1009 4823 et
1040 4758 1228 4824 Chnonradi
1258 4759 1365 4823 dilecti
1397 4760 1526 4822 comitis
1555 4760 1656 4821 nostri
1688 4757 1782 4822 nobis
1812 4769 2010 4840 suggerente
2046 4758 2093 4822 ob

421 4892 566 4932 aurorem
589 4867 640 4930 dei
665 4869 857 4951 animaeque
880 4875 1011 4929 nostrae
1032 4864 1209 4928 remedium
1232 4863 1275 4926 ad
1298 4873 1446 4928 sanctam
1462 4863 1600 4926 Mariam
1620 4865 1653 4925 in
1670 4864 1761 4925 cuius
1777 4860 1902 4924 honone
1918 4861 2092 4926 aecclesia

421 4991 469 5035 est
494 4975 525 5034 in
549 4970 623 5034 loco
645 4969 740 5055 Spira
763 4983 880 5034 vocato
905 4979 1104 5050 constructa,
1127 4971 1180 5031 cui
1203 4991 1289 5032 nunc
1314 4969 1468 5052 temporis
1492 4967 1577 5030 idem
1593 4957 1777 5030 Amalric'us
1793 4986 1947 5051 praeesse
1973 4964 2091 5030 ‹linos-

422 5080 520 5142 citur.
556 5076 598 5139 ad
632 5085 840 5158 augmentum
870 5073 1012 5138 ciusdem
1040 5071 1220 5136 aecclesiae
1243 5075 1276 5136 in
1299 5074 1465 5156 proprium
1488 5070 1603 5134 dantus
1625 5068 1734 5134 locum
1757 5068 1902 5131 llcriske
1926 5081 2146 5138 vocaturum

423 5193 454 5252 iu
477 5211 559 5271 pergo
577 5162 728 5270 l'fgowc
756 5191 790 5251 in
817 5191 974 5251 consitam
999 5185 1183 5250 Gcbelrardi
1220 5208 1294 5248 cum
1332 5183 1482 5247 omnibus
1512 5183 1554 5246 acl
1582 5185 1688 5268 ipsum
1716 5180 1973 5266 pcrtinentibus,
2012 5207 2092 5248 clun

422 5292 591 5355 curtilibus
620 5289 777 5353 aedificiis
807 5293 978 5376 mancipiis
1009 5293 1110 5376 pratis
1139 5293 1269 5375 pascuis
1298 5287 1388 5351 silvis
1415 5290 1508 5372 aquis
1532 5309 1753 5372 aquarumque
1777 5285 1974 5351 decrusibus
2000 5293 2094 5373 agris

423 5395 638 5479 oruuibusque
661 5393 805 5456 adhaec
829 5397 898 5458 iure
921 5395 1126 5477 legitimeque
1149 5393 1394 5478 pertinentibus.
1431 5390 1528 5471 Quod
1551 5393 1672 5474 scripto
1696 5390 1904 5453 corroborari
1929 5393 2094 5458 iussimus

423 5524 481 5585 per
503 5498 591 5584 quod
614 5499 846 5583 praecipimus,
882 5503 1033 5584 quatinus
1064 5501 1309 5583 prenominatus
1332 5497 1424 5560 locus
1448 5495 1491 5558 ad
1514 5495 1674 5578 prqsatam
1697 5495 1858 5578 pertineat
1885 5495 2095 5564 aecclesiam

527 5673 569 5727 22.
599 5671 707 5739 [Sickel]
812 5691 837 5722 a·
858 5673 888 5723 A.
2116 5675 2151 5722 45

526 5761 568 5815 2³.
597 5758 718 5829 [sichem
