4576 6428
886 395 1011 453 ΟΤΤΟ
1034 397 1058 452 1.
1083 393 1155 452 963.

977 575 1064 656 254.

206 731 287 808 Otto
315 732 476 830 bostonqt
501 730 581 805 dem
602 731 767 804 Bistbum
789 731 890 842 Luni
917 731 1039 804 (166666
1061 730 1299 827 Besitzunpen
1325 730 1405 802 urid
1430 730 1489 802 die
1515 730 1738 803 Immnnitttt.

1436 871 1466 932 S.
1490 872 1551 930 166
1573 875 1636 932 963
1659 874 1728 931 Mai
1749 877 1800 933 19.

300 1056 478 1134 Oopiulbuch
493 1058 543 1118 des
559 1058 715 1118 Bistbums
732 1057 1133 1118 6661-8666666666666
1149 1059 1234 1117 Ende
1250 1059 1300 1118 dos
1316 1063 1367 1119 13.
1385 1059 1439 1118 Jlr.
1464 1058 1487 1131 s.
1506 1061 1548 1120 57
1570 1061 1611 1118 im
1629 1058 1845 1133 0666666616

300 1180 340 1220 eu
363 1162 500 1223 8666666
522 1159 583 1240 (Α).

303 1299 415 1373 11616116·
436 1299 532 1357 Italia
553 1315 641 1358 66666
663 1299 752 1368 661,
776 1303 806 1369 1,
830 1300 894 1356 897
915 1315 972 1356 666
994 1295 1066 1376 A(o)
1093 1323 1130 1350 :-
1155 1298 1199 1358 ed.
1216 1309 1253 1369 11,
1277 1304 1307 1369 1,
1331 1302 1403 1359 836.
1427 1333 1469 1343 -
1493 1299 1626 1360 86666616
1648 1300 1743 1360 866611
1765 1303 1843 1360 crist.

300 1401 377 1460 dello
391 1401 522 1474 166666
540 1400 763 1481 (Turiu1843)
779 1405 810 1472 2,
827 1404 869 1459 30
891 1400 1111 1474 uuooltstctndiy
1125 1419 1181 1460 uus
1198 1401 1254 1461 Aa.
1274 1435 1315 1445 -
1334 1402 1464 1464 Botioser
1477 1404 1638 1477 166668.
1661 1436 1699 1446 -
1721 1403 1850 1476 Stumpf

300 1504 374 1577 neq.
398 1506 480 1564 325„
519 1577 521 1580 ,
1429 1490 1434 1508 ’
1607 1541 1609 1546 .

300 1641 382 1700 Doss
405 1641 458 1699 der
480 1641 632 1702 Schreiber
653 1659 709 1700 666
731 1639 761 1699 Α
782 1642 1013 1718 6666761666,
1043 1643 1282 1700 wabrscheinlich
1304 1642 1359 1701 dus
1382 1642 1447 1700 dem
1469 1643 1633 1702 Protoltollc
1653 1644 1729 1702 nocis
1751 1643 1790 1703 It.
1813 1640 1843 1702 Ο.

301 1743 504 1817 6666166666
522 1743 667 1818 06666661,
690 1745 771 1803 61616
785 1747 828 1804 tm
844 1745 956 1806 Stonde
978 1764 1041 1803 war
1061 1764 1103 1804 66
1124 1745 1287 1817 66161666,
1312 1747 1452 1804 6666666
1475 1745 1522 1803 die
1543 1747 1726 1805 aublreichen
1740 1747 1847 1805 Febler

301 1847 366 1905 und
386 1849 460 1906 noct
480 1849 562 1907 mehr
583 1849 631 1908 die
652 1849 744 1908 oielen
766 1849 926 1922 itemquae
948 1849 1224 1907 uaocrstttndlicten
1247 1849 1310 1907 und
1333 1847 1451 1908 destruit
1473 1850 1612 1908 6661666
1639 1850 1761 1909 66616616
1784 1851 1847 1908 666
1946 1879 1947 1884 1

299 1952 672 2024 6666166666666666666
700 1953 807 2012 Worte.
846 1951 980 2025 06616166
1000 1969 1066 2010 666
1089 1952 1143 2011 dus
1166 1969 1197 2011 so
1219 1951 1403 2024 maosqclhuft
1425 1952 1615 2024 ebertieferte
1636 1952 1676 2011 D.
1700 1955 1754 2011 mit
1777 1952 1847 2024 [66-

301 2057 390 2114 herm
410 2055 475 2113 666
495 2059 632 2128 66616666
652 2055 815 2116 1761666666
836 2053 892 2125 [66
914 2056 998 2116 Luni
1026 2055 1180 2114 1666111166
1207 2056 1273 2114 sehr
1295 2058 1388 2129 66616
1410 2055 1475 2113 666
1496 2056 1648 2115 stilistiscls
1671 2057 1845 2129 porciolas

298 2161 413 2232 666616
434 2160 494 2230 hut,
519 2159 587 2218 tices
610 2176 639 2218 es
661 2159 723 2218 sich
745 2159 810 2216 dem
831 2157 923 2218 Sinna
944 2159 1021 2216 6666
1043 2157 1128 2216 166616
1151 2159 1328 2218 66666666.
1361 2159 1433 2218 Nur
1454 2159 1510 2230 [66
1531 2159 1579 2218 dic
1594 2160 1774 2234 Rictuiyleeit
1796 2159 1848 2217 der

301 2262 503 2320 sdmmtliclseu
519 2261 696 2321 06666666
717 2263 833 2321 1666666
856 2265 911 2321 wir
931 2264 1012 2322 nicht
1035 2264 1192 2334 66616666,
1216 2263 1255 2321 do
1270 2266 1326 2323 seir
1346 2265 1427 2322 uiolet
1443 2265 1514 2338 jede
1529 2265 1581 2323 der
1593 2269 1763 2338 66666666
1781 2264 1848 2323 06-

301 2365 437 2436 sebasten
458 2367 681 2425 nucbeuweiseu
702 2366 890 2425 ocrmoclten.
928 2366 970 2425 Ob
994 2367 1033 2424 do
1055 2370 1128 2424 6166
1150 2366 1199 2424 die
1213 2383 1269 2424 666
1284 2367 1341 2424 666
1356 2368 1520 2440 6166661666
1535 2368 1678 2426 Editorcn
1690 2369 1849 2441 pebotcneu

300 2467 551 2541 Numerusormcu
574 2470 630 2528 den
650 2470 766 2544 Voreuq
787 2469 951 2542 6666116666,
975 2487 1057 2530 muse
1080 2469 1132 2528 der
1146 2469 1401 2546 Loculforsclumo
1415 2489 1456 2534 66
1472 2471 1656 2530 6616666666
1677 2471 1848 2530 ooalassen

303 2573 422 2634 bleibcn.

404 2757 443 2822 In
464 2759 596 2822 nomine
619 2766 731 2822 sancte
754 2767 786 2822 et
807 2757 975 2822 individue
998 2759 1162 2823 trinitatis.
1208 2756 1287 2823 Otto
1318 2758 1430 2823 divina
1458 2759 1651 2844 providente
1675 2759 1848 2824 clementia

149 2875 183 2922 20
200 2864 377 2946 imperator
399 2870 568 2946 augustus.
656 2859 715 2945 [si]
739 2863 860 2926 sanctis
884 2859 947 2946 [ae]
969 2859 1211 2926 venerabilibus
1233 2861 1315 2926 locis
1338 2861 1461 2928 collata
1484 2860 1527 2947 [6]
1550 2861 1701 2928 fidelibus
1724 2863 1846 2927 nostris

201 2965 450 3048 confirmamus,
485 2962 598 3050 procul
622 2962 721 3028 dubio
745 2965 906 3049 presentis
930 2973 963 3028 et
985 2973 1095 3028 eterne
1113 2964 1178 3027 vite
1200 2964 1454 3029 emolumentum
1476 2965 1616 3050 adipisci
1637 2988 1705 3031 non
1728 2965 1846 3030 tituba-

201 3079 308 3133 mus·
345 3066 554 3153 Quapropter
577 3069 721 3132 omnium
744 3077 857 3132 sancte
881 3063 933 3131 dei
957 3066 1094 3132 ecclesie
1116 3065 1287 3133 fideliumb
1313 3079 1564 3156 nostrorumque
1587 3070 1787 3155 presentium
1810 3092 1849 3134 ac
1963 3075 1968 3080 '

200 3172 381 3237 futurorum
411 3170 550 3237 solercia
578 3172 722 3253 noverit,
758 3167 897 3256 qualiter
925 3167 1121 3233 Adelbertus
1157 3179 1269 3234 sancte
1304 3172 1468 3237 Lunensis
1502 3171 1640 3237 ecclesie
1673 3174 1849 3257 episcopus

201 3283 347 3339 nostram
370 3273 475 3339 adiit⁰
497 3273 732 3356 celsitudinem,
754 3284 790 3337 ut
812 3295 872 3358 pro
897 3271 949 3336 dei
973 3294 1083 3336 amore
1102 3274 1274 3358 animeque
1288 3284 1400 3339 nostre
1414 3274 1558 3340 remedio
1576 3284 1688 3340 sancte
1704 3276 1849 3340 Lunensi

151 3377 339 3442 6666616616
369 3380 420 3442 cui
449 3386 575 3462 preest,
606 3399 718 3442 omnes
749 3385 855 3441 cortes
885 3375 997 3462 plebes
1023 3398 1076 3440 rea
1098 3385 1132 3440 et
1152 3375 1294 3441 familias
1318 3380 1484 3465 utriusque
1508 3401 1607 3443 sexus
1633 3377 1718 3464 [que]
1741 3389 1808 3443 tam
1830 3401 1850 3440 a

202 3483 321 3546 nostris
345 3480 606 3546 antecessoribus
630 3502 727 3567 quam
751 3503 771 3544 6
793 3482 909 3544 ceteris
931 3479 1084 3546 fidelibus
1107 3479 1204 3546 deum
1227 3482 1415 3547 timentibus
1439 3504 1497 3569 per
1515 3485 1670 3568 paginam
1685 3492 1849 3547 cartarum

201 3585 323 3650 collata
346 3593 430 3668 sunt,
453 3605 512 3669 per
534 3585 636 3649 nostri
660 3585 806 3670 precepti
829 3583 984 3667 paginam
1006 3583 1200 3648 confirmare
1217 3593 1249 3648 et
1264 3584 1478 3650 corroborare
1500 3583 1717 3669 dignaremur.
1750 3583 1850 3650 Cuius

201 3688 353 3774 precibus
377 3709 547 3752 assensum
569 3687 741 3774 prebentes
763 3687 827 3752 hoc
850 3696 998 3752 nostrum
1021 3697 1210 3773 preceptum
1232 3687 1302 3752 fieri
1325 3688 1478 3752 iussimus
1501 3710 1561 3773 per
1588 3687 1677 3774 quod
1702 3686 1850 3773 'predicte

202 3790 348 3855 Lunensi
377 3789 513 3854 ecclesie
543 3812 655 3855 omnes
684 3799 791 3856 cortes
819 3789 932 3876 plebes
960 3813 1013 3858 res
1037 3800 1069 3856 et
1091 3791 1233 3856 familias
1257 3794 1423 3878 utriusque
1453 3814 1568 3874 sexus,
1598 3792 1631 3857 id
1655 3800 1706 3857 est
1728 3800 1851 3856 cortem

152 3911 186 3957 30
204 3893 243 3958 de
266 3894 360 3960 Lune
382 3916 457 3958 cum
480 3895 632 3958 mercatis
655 3903 688 3958 et
716 3896 921 3979 pertinentiis
952 3895 1035 3978 suis,
1069 3904 1193 3960 cortem
1218 3893 1258 3958 de
1282 3893 1413 3977 Carris,
1448 3903 1573 3958 cortem
1596 3894 1636 3959 de
1660 3892 1755 3959 Cliua
1777 3915 1852 3957 cum

205 4021 264 4062 sua
286 3997 495 4082 pertinentia,
520 4007 642 4062 cortem
666 3996 707 4062 de
730 3997 929 4082 Seruiliano,
953 4007 1076 4064 cortem
1100 3997 1140 4062 de
1163 3997 1330 4080 Lauaclo,
1361 4007 1485 4063 cortem
1509 3996 1548 4061 de
1571 3997 1699 4079 Massa,
1729 4006 1850 4062 cortem

203 4101 385 4184 Brunengi,
415 4110 557 4166 castrum
581 4100 621 4165 de
644 4099 788 4184 Amelia,
812 4101 917 4166 Ilaulo
941 4111 974 4166 et
996 4111 1140 4166 castrum
1163 4101 1203 4165 de
1226 4100 1391 4183 Sereano,
1423 4111 1546 4166 cortem
1570 4100 1609 4165 de
1632 4100 1851 4184 Pedegaisno,

204 4213 328 4268 cortem
350 4202 390 4267 de
413 4201 558 4286 Cereris,
588 4212 712 4268 cortem
735 4202 775 4267 de
797 4203 949 4286 Niblone,
981 4212 1106 4268 cortem
1130 4201 1170 4266 de
1192 4199 1395 4286 Ouruasano,
1420 4212 1527 4268 cortes
1553 4201 1607 4286 [et]
1629 4203 1795 4268 districtus
1812 4202 1852 4267 de

204 4306 407 4390 Bardarano,
431 4315 537 4371 cortes
561 4305 601 4370 de
623 4306 781 4372 Uechano
805 4328 879 4371 cum
903 4316 1010 4371 castro
1035 4315 1067 4370 et
1083 4304 1249 4389 Onitiano,
1273 4316 1397 4371 cortem
1421 4305 1460 4370 de
1479 4303 1651 4392 Ceperana
1674 4329 1748 4372 cum
1771 4328 1851 4370 mer-

153 4425 187 4472 36
206 4421 280 4475 cato
310 4420 342 4474 et
371 4419 496 4493 castro,
532 4417 656 4474 cortem
679 4408 720 4473 de
743 4407 979 4494 Cusoagnano,
1014 4418 1138 4474 cortem
1161 4407 1201 4473 de
1224 4409 1401 4492 Bagnano‚
1437 4408 1476 4473 ds
1499 4409 1626 4474 Baiano
1651 4418 1683 4473 et
1705 4409 1852 4490 Tiuenia,

205 4522 327 4578 cortem
351 4513 391 4578 de
414 4513 585 4596 Bracerio,
617 4521 760 4577 castrum
784 4514 889 4576 sancti
912 4511 1061 4594 Andree,
1093 4520 1235 4576 castrum
1259 4511 1299 4576 de
1322 4509 1497 4595 Tribiuno,
1528 4520 1651 4575 cortem
1675 4511 1715 4574 de
1738 4509 1852 4574 Oeluto

205 4625 237 4680 et
259 4625 381 4681 cortem
406 4615 445 4680 de
468 4615 566 4680 Porto
597 4636 671 4680 666
698 4614 839 4680 ecclesia
868 4623 981 4680 sancte
1008 4613 1151 4692 Iuliane,
1181 4623 1305 4678 cortem
1328 4615 1362 4677 in
1387 4613 1573 4698 Placentia,
1604 4635 1679 4678 cum
1702 4612 1853 4678 omnibus

204 4719 334 4785 illerum
355 4720 569 4806 pertinentiis,
593 4741 667 4784 cum
691 4718 842 4784 omnibus
865 4718 1011 4784 cortibus
1034 4717 1132 4783 rebus
1155 4740 1194 4783 ac
1218 4716 1350 4782 familiis
1374 4717 1418 4782 ad
1436 4739 1509 4782 eam
1524 4715 1760 4801 pertinentibus
1777 4739 1854 4781 con-

204 4826 371 4892 firmamus
394 4836 427 4891 et
449 4824 716 4907 corroboramus,
745 4846 811 4888 una
839 4845 914 4890 oum
945 4825 1031 4888 casis
1061 4821 1273 4887 sediminibus
1302 4823 1428 4908 campis
1456 4823 1561 4886 vineis
1590 4821 1693 4907 pratis
1723 4823 1854 4906 pascuis

153 4942 187 4988 40
206 4929 296 4994 silvis
324 4931 418 5015 aquis
447 4951 670 5015 aquarumque
700 4927 892 4992 decursibus
920 4925 1115 4991 molendinis
1139 4924 1377 5012 piscationibus
1400 4924 1565 4990 montibus
1588 4923 1728 4989 vallibus
1751 4923 1855 5010 plani-

206 5032 318 5097 ciebus
340 5032 469 5118 alpibus
493 5034 594 5096 servis
617 5042 650 5096 et
671 5030 800 5096 ancillis
823 5029 1010 5095 aldionibus
1033 5038 1066 5094 et
1088 5029 1228 5095 aldianis
1252 5027 1469 5116 cunctisqued
1490 5028 1587 5094 rebus
1604 5049 1643 5092 ac
1661 5027 1794 5092 familiis
1811 5028 1854 5093 ad

205 5135 387 5222 predictam
409 5135 582 5200 ecclesiam
597 5135 784 5199 Lunensem
806 5132 1055 5220 pertinentibus,
1077 5141 1113 5196 ut
1135 5134 1321 5217 6661666Θ
1344 5131 1541 5199 Adelbertus
1564 5134 1740 5219 episcopus
1756 5153 1854 5217 quam

188 5259 412 5304 ‘successores
446 5239 515 5301 eius
549 5236 593 5301 ad
621 5239 671 5302 ius
700 5246 733 5301 et
763 5233 967 5302 dominiumf
992 5237 1117 5322 prefate
1147 5236 1286 5301 ecclesie
1315 5237 1459 5303 habeant
1488 5247 1521 5302 et
1549 5247 1684 5304 teneant
1709 5237 1856 5302 firmiter·

206 5364 268 5428 que
296 5340 499 5426 possideant.
536 5341 758 5426 Precipientes
785 5343 895 5428 itaque
917 5339 1067 5406 iubemus
1091 5351 1127 5408 ut
1148 5341 1256 5406 nullus
1280 5338 1348 5406 dux
1371 5340 1515 5407 marchio
1539 5363 1651 5409 comes
1672 5341 1856 5408 vicecomes

154 5514 188 5562 16
291 5510 350 5565 251.
378 5509 533 5579 [Ottenthal]
644 5513 670 5580 a)
689 5517 788 5565 sanctis
812 5531 837 5564 r.
855 5515 873 5564 l.
893 5529 916 5565 e.
943 5512 1066 5564 fidelibus
1094 5512 1292 5573 confirmamus,
1322 5513 1415 5578 procul
1433 5541 1466 5549 -
1485 5514 1597 5580 adipisci
1624 5529 1677 5564 666
1704 5510 1856 5563 abemusA

378 5581 406 5648 b)
425 5587 516 5632 sancte
534 5581 559 5631 d.
580 5584 738 5633 somnium
762 5582 880 5635 fidelium
903 5581 927 5634 A
983 5653 1017 5661 —
1030 5581 1057 5647 c)
1075 5581 1171 5632 audii
1274 5581 1301 5648 d)
1321 5582 1426 5632 aucillis
1450 5582 1624 5634 adosionibus
1648 5588 1674 5632 et
1697 5581 1857 5638 aditionibus

379 5665 571 5733 eonttisqued
675 5669 700 5732 6)
718 5685 782 5734 epse
799 5667 824 5719 A
926 5667 1116 5731 6661661.

1590 5770 1651 5834 46*
