4554 6414
832 361 837 366 ’
890 395 1160 462 erroneas.
1789 395 1852 462 105

304 587 394 651 Data
417 605 449 652 v.
472 585 516 650 id.
541 595 603 650 oct.
627 608 712 650 anno
736 585 898 651 dominice
925 588 1165 650 incarnacionis
1188 601 1440 668 Decumum,
1471 585 1653 651 indictione
1677 604 1730 669 xl,
1764 609 1850 652 anno

202 689 333 755 Ottonis
356 691 520 776 piissimi⁸
540 692 626 773 regis
649 689 815 772 secundm*
833 699 943 754 actum
965 692 998 754 in
1021 689 1262 772 Taremburch3
1286 711 1391 754 amen.

995 933 1055 1008 17.

212 1085 292 1163 Otto
318 1087 436 1162 inacta
461 1086 526 1160 der
552 1086 627 1160 Bia
654 1088 732 1160 eine
758 1083 971 1184 Scdeakaop
997 1087 1038 1158 ia
1068 1085 1282 1162 Gierslobca.
1375 1125 1809 1189 Altaedt93701oober21.

171 1327 187 1373 o
314 1314 562 1388 Oripiaaldiplom
584 1315 626 1370 im
648 1312 835 1372 Stodtorohiv
855 1331 896 1370 aa
914 1311 1023 1370 Goslor
1046 1310 1107 1390 (A).

306 1453 470 1524 Leucirfcld
492 1451 563 1511 Ant.
588 1451 686 1510 Poeld.
709 1455 774 1512 274
797 1469 853 1510 aas
875 1450 905 1509 A
929 1475 969 1503 =
992 1449 1157 1522 Leaokselct
1172 1451 1251 1510 Hist.
1268 1453 1387 1512 Beschr.
1405 1455 1458 1513 der
1469 1455 1618 1528 quidenna
1632 1455 1700 1515 Aac
1713 1460 1787 1517 234.
1812 1490 1855 1500 -

307 1559 482 1616 Heiarcoias
504 1557 550 1616 De
571 1557 679 1630 sipillis
702 1559 743 1616 90
766 1572 822 1613 uas
844 1553 882 1614 A.
913 1589 955 1598 -
983 1555 1122 1612 Leibaitz
1143 1555 1222 1612 Ana.
1245 1559 1283 1626 2,
1307 1561 1367 1617 461
1393 1560 1480 1617 Extr.
1509 1593 1551 1603 -
1579 1559 1767 1620 annonam
1791 1560 1853 1620 OD.

306 1661 427 1720 Auliou.
452 1666 482 1730 1,
507 1664 526 1720 6
547 1666 582 1718 πθ
606 1662 625 1718 6
647 1677 704 1718 aas
726 1659 763 1717 A.
790 1692 827 1701 —
852 1658 982 1716 Boimoer
1003 1659 1074 1730 Rey.
1099 1661 1149 1717 84.
1173 1692 1215 1702 -
1239 1659 1367 1734 Stampf
1384 1663 1456 1736 Req.
1481 1667 1531 1723 73.

310 1767 373 1860 Voa
394 1799 458 1859 PA.
482 1798 610 1869 vcrfosst
632 1797 696 1856 amd
714 1799 907 1872 yesolrriobea.

156 2015 188 2063 10
310 2005 368 2085 (Ο.)
392 2005 406 2088 ξ
427 2004 467 2068 In
488 2005 620 2068 nomine
643 2013 776 2067 sanctae
800 2013 832 2066 et
857 2001 1044 2080 individuae
1071 2006 1235 2068 trinitatis.
1281 2003 1359 2070 Otto
1389 2004 1499 2070 divina
1526 2007 1656 2072 favente
1685 2006 1858 2073 clementia
1921 2015 1923 2024 '

204 2133 273 2173 rex.
361 2109 519 2172 Noverint
542 2129 654 2171 omnes
677 2106 789 2171 fideles
807 2108 909 2171 nostri
926 2115 1113 2192 praesentes
1135 2106 1150 2188 ᾖ
1171 2107 1296 2172 scilicet
1310 2118 1343 2172 et
1358 2109 1467 2191 filturi,
1483 2110 1647 2195 quomodo
1663 2133 1725 2175 nos
1740 2121 1858 2195 rogatu

205 2211 361 2276 Friderici
384 2210 490 2275 fidelis
512 2213 615 2275 nostri
639 2210 769 2274 cuidam
792 2210 893 2275 nobili
916 2220 1085 2275 matronae
1107 2213 1237 2275 nomine
1260 2213 1356 2295 Biae‚
1386 2215 1489 2298 ipsius
1511 2213 1664 2278 videlicet
1685 2216 1795 2298 matri,
1824 2216 1858 2279 in

64 2369 78 2386 .
205 2317 372 2402 proprium
395 2315 510 2379 damus
535 2317 644 2379 omnia
667 2316 805 2400 quaein
830 2312 1007 2378 Gereslevo
1030 2314 1188 2380 hodierno
1212 2314 1264 2380 die
1292 2314 1336 2379 ad
1362 2327 1508 2381 nostrum
1536 2319 1587 2382 ius
1614 2319 1791 2402 pertinent,
1824 2320 1858 2381 in

205 2441 291 2505 pago
316 2418 434 2504 Svevia
455 2421 489 2483 in
513 2421 670 2484 comitatu
686 2417 886 2501 Orhistanr,
909 2417 971 2481 hoc
1002 2428 1052 2482 est
1078 2418 1192 2482 cmtile
1214 2442 1314 2485 unum
1337 2423 1371 2485 in
1394 2420 1507 2485 eadem
1530 2420 1609 2486 villa
1631 2423 1720 2486 etin
1742 2421 1858 2486 eodem

48 2533 57 2546 ‘
157 2531 189 2578 15
208 2546 325 2608 campo
348 2540 395 2586 xo
418 2525 531 2607 iugera
553 2521 607 2587 etb
631 2522 673 2587 ad
695 2522 776 2586 haec
800 2521 993 2607 inquirenda
1015 2544 1075 2585 nec
1098 2544 1165 2587 non
1187 2533 1219 2586 et
1242 2540 1306 2586 vlu
1328 2526 1509 2610 mancipia:
1532 2523 1700 2588 Adalvver
1715 2535 1747 2589 et
1761 2524 1857 2588 Hilti-

205 2626 289 2711 bvrg
311 2649 385 2718 cum
407 2625 482 2690 filiis
505 2637 537 2720 et
558 2625 688 2690 filiabus
711 2628 866 2712 ipsarum.
901 2624 998 2705 Quod
1022 2628 1143 2711 scripto
1166 2625 1351 2690 confirmari
1374 2629 1527 2692 iussimus
1551 2637 1582 2690 et
1604 2649 1703 2692 manu
1725 2629 1859 2713 propria

205 2730 287 2795 illud
309 2729 592 2795 corroboravimus
615 2741 648 2794 et
669 2730 767 2794 anulo
791 2741 903 2794 nostro
928 2729 1061 2813 sigillari
1084 2732 1320 2815 praecepimus.

309 2889 323 2972 Ξ
345 2887 480 2972 Signum
503 2887 614 2953 domni
639 2885 769 2962 Ottonis
795 2886 859 2967 (Μ.)
883 2887 1087 2950 invictissimi
1110 2883 1243 2970 regist

309 2986 459 3077 {Poppo
483 2991 632 3055 advicem
654 2990 812 3056 Friderici
836 2991 1011 3073 recognovi
1034 2998 1067 3052 et
1088 2987 1102 3068 ξ
1126 2991 1199 3070 (sni
1218 2989 1295 3070 NN.)
1731 2991 1788 3071 (SI.
1816 2991 1858 3071 1.)

155 3167 190 3214 20
310 3147 400 3210 Data
430 3164 492 3212 ΧΗ.
515 3121 581 3212 kal.
612 3170 688 3212 nov.
722 3169 808 3212 anno
839 3145 1021 3210 dominicae
1050 3147 1285 3210 incarnationis
1314 3159 1568 3228 nccccxxxvn,
1601 3143 1779 3209 indictione
1810 3163 1858 3230 xl,

207 3273 292 3316 anno
316 3250 447 3317 Ottonia
469 3252 514 3337 pii
537 3253 623 3335 regis
646 3269 689 3333 113
713 3261 823 3316 actum
846 3252 879 3315 in
902 3248 1053 3332 Altsteti3
1077 3271 1181 3314 amen.

1005 3491 1064 3566 18.

216 3649 297 3727 Otto
325 3648 467 3724 setena
494 3649 574 3722 dem
603 3646 893 3721 Noaaonddostor
920 3673 966 3720 za
997 3645 1246 3745 Quodliaburp
1274 3645 1345 3718 dea
1373 3645 1671 3720 Kleidorzehntca
1697 3647 1863 3746 qowisscr

217 3769 444 3870 Ortsohoftca
465 3771 545 3844 aad
564 3771 722 3844 maduere
744 3771 933 3869 lcibeipoac
956 3769 1148 3843 Familiae.
1272 3806 1477 3882 walp-„pm
1499 3810 1565 3868 937
1585 3806 1745 3866 December
1765 3809 1818 3867 20⁸

157 4011 189 4060 25
315 3996 562 4072 Oriciaoldiplom
584 3998 627 4055 im
648 3997 675 4054 k.
701 3996 903 4056 Stootsorchio
923 4014 965 4054 zu
986 3996 1094 4056 Berlin
1118 3995 1180 4075 (A).

312 4137 437 4194 Kettocr
450 4135 533 4194 Diss.
551 4135 586 4193 dc
596 4135 701 4208 paea
715 4135 812 4193 obbm.
830 4137 848 4192 4
866 4157 905 4185 =
922 4133 1026 4206 Isitaiq
1040 4134 1106 4192 ΗΑ.
1124 4129 1189 4204 10⁶,
1206 4135 1269 4194 855
1284 4141 1319 4192 πθ
1332 4137 1385 4194 26.
1409 4168 1452 4178 -
1473 4135 1600 4194 Kottaer
1613 4133 1685 4194 Aa.
1706 4135 1862 4211 Quodlinb.

312 4244 356 4300 12
370 4245 404 4298 a⁰
420 4241 438 4300 5
460 4237 526 4317 (ml.
545 4255 579 4311 p.
597 4235 671 4315 692)
696 4255 753 4296 aas
768 4236 797 4293 A
821 4260 859 4288 =
883 4235 1038 4295 Aveoaoan
1054 4238 1173 4297 Besohr.
1191 4238 1245 4296 der
1259 4238 1455 4312 Baryyrosea
1475 4257 1532 4298 oon
1546 4240 1709 4312 Kirohberq
1733 4238 1864 4317 (Frank-

312 4341 491 4421 furt1747)
516 4341 594 4400 Aah.
612 4346 630 4402 9
649 4348 683 4399 πθ
697 4346 737 4400 11
763 4363 803 4393 ·-·
828 4339 964 4399 Schwabe
985 4340 1094 4400 Noohr.
1119 4360 1174 4400 oon
1196 4342 1359 4415 Doraburq
1384 4339 1645 4421 (Weimor1825)
1662 4345 1701 4401 81
1718 4347 1753 4399 a⁰
1769 4346 1798 4400 1.
1822 4375 1865 4385 -

311 4448 428 4521 Buriay
452 4445 553 4507 Cluvio
575 4446 648 4518 dipl.
672 4445 716 4503 ed.
737 4452 761 4514 I,
783 4449 826 4504 18
847 4450 882 4501 πθ
904 4449 920 4503 1
946 4461 1003 4503 oua
1024 4444 1055 4503 A
1077 4469 1117 4498 =
1141 4447 1193 4505 cd„
1209 4455 1250 4516 II,
1273 4451 1315 4506 14
1337 4452 1372 4505 a⁰
1390 4451 1419 4506 1.
1443 4479 1486 4491 —
1508 4447 1607 4506 Erotis
1622 4443 1684 4505 01).
1706 4445 1863 4521 Quodliab.

160 4563 194 4612 30
314 4556 333 4610 4
355 4559 390 4610 n⁰
412 4555 432 4612 6
454 4569 511 4612 aas
534 4551 570 4609 Α.
594 4584 637 4594 -
659 4551 790 4610 Bohmer
811 4549 882 4623 Ray.
907 4551 957 4609 85.
982 4583 1024 4592 -
1047 4548 1176 4622 Stampf
1193 4550 1264 4624 Ray.
1289 4554 1339 4610 74.

318 4690 381 4749 Voa
402 4690 467 4751 ΡΑ.
491 4688 620 4761 versosst
641 4688 706 4748 aad
724 4689 919 4761 yesohricben.

316 4895 374 4976 (C.)
398 4891 412 4972 ξ
433 4893 473 4959 In
495 4896 626 4959 nomine
650 4903 783 4958 sanctae
805 4902 838 4957 et
858 4890 1045 4957 individuae
1066 4894 1229 4958 triuitatis.
1267 4892 1345 4958 Otto
1363 4893 1414 4958 dei
1431 4895 1537 4979 gratia
1553 4917 1622 4959 rex.
1709 4892 1868 4958 Noverint

213 5022 323 5064 omnes
346 4998 459 5063 fideles
482 5001 584 5063 nostri
613 4995 627 5076 ἢ
654 5006 842 5083 praesentes
866 4996 991 5061 scilicet
1012 5007 1044 5062 et
1066 4997 1180 5080 futuri,
1216 4997 1354 5083 qualiter
1375 5020 1436 5063 nos
1459 5008 1577 5083 rogatu
1598 4996 1805 5062 venerandae
1827 5019 1866 5061 ac

212 5102 351 5167 dilectae
379 5102 520 5168 domnae
549 5103 725 5187 matrisque
754 5110 884 5166 nostrae
908 5100 1109 5165 Mahthildae
1136 5103 1170 5165 in
1188 5100 1459 5187 Qvitilingobvrg
1486 5102 1529 5166 ad
1556 5111 1704 5167 sanctam
1727 5101 1867 5166 Mariam

162 5218 195 5266 35
212 5217 244 5270 et
266 5205 308 5270 ad
332 5217 481 5270 sanctum
505 5205 742 5284 Servativmsst
764 5204 808 5269 ad
835 5207 997 5269 nutrimen
1027 5206 1323 5271 sanctimonialium
1351 5205 1429 5271 inibi
1459 5205 1520 5271 deo
1550 5206 1779 5272 famulantium
1807 5227 1867 5292 pro

210 5310 353 5375 remedio
383 5311 512 5374 animae
540 5321 670 5375 nostrae
700 5308 947 5396 debitorumque
975 5320 1161 5375 nostrorum
1189 5311 1222 5373 in
1252 5312 1420 5397 proprium
1450 5309 1566 5375 damus
1589 5309 1750 5376 decimum
1773 5311 1868 5374 vesti·

212 5425 356 5478 mentum
379 5413 469 5499 quod
490 5413 567 5479 lodo
592 5413 725 5498 dicitur,
750 5436 845 5479 omne
868 5415 956 5500 quod
979 5415 1019 5480 de
1042 5411 1235 5499 Chirihberg
1256 5424 1288 5479 et
1310 5413 1488 5498 Dombvrg
1510 5413 1647 5480 solvitur
1668 5425 1701 5479 et
1723 5413 1764 5478 de
1786 5413 1868 5479 locis

320 5585 359 5640 1⁸.
386 5591 415 5655 g)
434 5589 536 5654 pissimi
553 5587 590 5641 D.

318 5687 359 5742 17.
387 5687 483 5758 [nole]
588 5688 656 5752 a)A
760 5687 790 5754 b)
811 5698 837 5744 et
853 5691 1047 5759 mtqamqm.

265 5796 452 5843 Kaisemkunden
466 5800 484 5846 1.
