4530 6434
879 429 1005 486 ΟΤΤΟ
1027 431 1051 487 Ι.
1076 428 1148 486 970.
1774 421 1837 486 535

188 635 266 685 quarn
290 626 316 670 st
339 624 483 673 servientes
506 622 687 686 distringendo
712 630 768 671 seu
792 607 943 672 thelonea
965 608 1017 674 vel
1041 625 1115 674 freda
1138 625 1267 690 exigendo
1298 621 1356 675 aut
1384 641 1477 676 cansas
1505 613 1539 674 in
1567 611 1648 675 locis
1678 611 1836 696 aecclesie

187 711 354 772 concessis
384 725 516 776 audiendo
546 711 598 774 vel
627 711 835 776 fideiussores
865 711 1009 776 tollendo
1040 721 1097 776 aut
1126 713 1312 776 mansiones
1344 733 1400 774 seu
1430 722 1562 795 paratas
1590 695 1742 775 faciendo
1767 713 1836 774 sive

188 811 272 876 ullas
300 812 510 879 redibitiones
539 812 681 879 inlicitas
704 815 898 900 requirendo
923 819 980 881 aut
1003 817 1152 880 silvatico
1178 818 1325 901 superius
1348 819 1515 880 nominato
1540 837 1598 900 pro
1624 837 1687 900 quo
1712 818 1835 901 specia-

185 914 259 979 liter
280 926 425 980 nostram
448 919 652 982 maiestatem
675 920 825 1003 quesivit,
848 917 949 982 ullam
972 919 1089 1004 aliquis
1113 921 1266 983 iniuriam
1288 935 1375 983 faeere
1398 941 1547 999 presumas,
1571 936 1623 983 nisi
1645 935 1715 984 sieut
1737 919 1835 984 tradi-

152 1030 168 1077 5
188 1027 257 1082 tum
279 1027 376 1105 atque
400 1035 582 1086 confirmatum
606 1041 645 1086 est
667 1052 684 1086 a
706 1023 937 1101 predecessoribus
961 1039 1072 1100 nostris,
1095 1039 1202 1103 regibus
1225 1037 1350 1087 videlieet
1372 1037 1536 1086 Francorum
1559 1037 1602 1087 vel
1624 1037 1835 1102 imperatoribus,

186 1136 224 1184 itn
253 1137 377 1202 deinceps
405 1126 651 1208 prenominatus
681 1123 777 1191 Anno
808 1141 949 1205 episcopus
979 1124 1085 1190 fidelis
1115 1135 1225 1190 noster
1255 1142 1349 1205 suique
1379 1156 1546 1192 successores
1574 1157 1621 1204 per
1652 1134 1836 1210 presentem

187 1235 297 1308 nostro
320 1226 475 1292 iussionis
498 1245 683 1294 auctoritatem
707 1228 767 1292 snb
790 1231 918 1312 integra
941 1232 1118 1294 emunitate
1149 1245 1201 1293 sibi
1223 1260 1378 1294 concessum
1401 1251 1481 1308 atque
1503 1243 1635 1293 indultum
1658 1244 1774 1294 habeant
1796 1251 1836 1292 ao

186 1345 276 1408 quieto
305 1345 397 1395 ordine
427 1332 628 1416 possideant.
674 1349 710 1397 nt
732 1353 761 1397 nt
784 1324 832 1413 lise
855 1347 999 1397 auctoritas
1021 1352 1110 1396 nostre
1134 1347 1340 1397 confirmationis
1368 1331 1492 1396 firmior
1519 1347 1547 1394 in
1569 1347 1661 1396 futura
1682 1351 1800 1410 tempora
1821 1364 1837 1395 r

185 1455 353 1512 permaneat,
383 1434 472 1499 anuli
495 1437 599 1500 nostri
628 1453 791 1516 inpressione
815 1434 902 1519 e[am
931 1437 1071 1520 insiglnire
1099 1452 1225 1501 iussimus
1253 1457 1415 1520 manuque
1442 1436 1575 1520 propria
1599 1434 1712 1500 subtus
1736 1457 1836 1500 anno·

136 1542 168 1590 10
186 1537 337 1602 tavimus.

287 1673 301 1754 ᾖ
323 1671 460 1756 Signum
485 1675 596 1739 domni
622 1675 752 1741 Ottonis
775 1677 885 1760 magni
910 1677 974 1757 (M.)
1000 1684 1031 1740 et
1054 1676 1261 1740 invictissimi
1282 1677 1489 1760 imperatoris
1513 1676 1653 1758 augusti.
1677 1673 1691 1754 i

285 1773 509 1859 {Lintigerus
532 1779 747 1844 cancellarius
771 1779 920 1851 advicem
942 1779 1122 1864 Ruodperti
1146 1777 1401 1863 archicapellani
1424 1778 1611 1862 recognovi.
1633 1775 1648 1855 i
1714 1779 1769 1856 (sl.
1791 1778 1832 1849 5.)

286 1913 375 1977 Data
399 1932 463 1979 1111.
486 1915 559 1980 idus
582 1915 676 2003 april.
700 1939 785 1982 anno
810 1919 1043 1982 incarnationis
1067 1917 1189 1981 domini
1210 1918 1313 1980 nostri
1333 1917 1408 1980 Iesu
1427 1914 1547 1980 Christi
1571 1931 1764 1997 nccccnxx,
1787 1915 1834 1978 in.

184 2014 325 2080 dictione
349 2035 424 2098 x111,
448 2021 540 2102 regni
564 2029 672 2084 autem
695 2023 798 2106 ipsius
823 2020 933 2085 domni
959 2019 1090 2086 Ottonis
1107 2037 1215 2102 xxxv,
1239 2020 1364 2105 imperii
1388 2042 1465 2084 vero
1483 2038 1577 2101 vnn3
1600 2027 1710 2083 actum
1734 2017 1834 2083 felici-

133 2125 164 2174 15
184 2125 233 2182 ter
254 2118 447 2204 Rauenlne].

964 2329 1053 2405 393.

192 2475 272 2553 Otto
300 2479 440 2554 schenkl
466 2482 546 2556 dem
572 2485 863 2560 Nonnenlslostcr
888 2513 933 2559 ze
959 2485 1207 2559 Nordlsoesen
1233 2486 1355 2557 seinse
1382 2485 1500 2558 Besitz
1527 2485 1567 2557 in
1594 2483 1832 2581 Bliedonpen.

1475 2641 1518 2650 -
1541 2611 1603 2667 970
1626 2605 1717 2680 April
1738 2611 1789 2665 10.

287 2791 441 2865 Abschnft
463 2793 513 2852 des
538 2795 626 2853 Zoch.
651 2795 813 2854 Hciscnias
835 2813 900 2853 vom
923 2795 956 2855 J.
973 2797 1057 2855 1665
1081 2797 1123 2854 ins
1146 2795 1173 2855 lc.
1192 2796 1394 2856 Staatsureln'o
1415 2813 1456 2853 sa
1478 2795 1664 2866 Monaesum
1686 2791 1746 2872 (A).

132 2937 165 2984 20
286 2930 481 2990 Moloerstedt
504 2936 538 2990 in
562 2931 701 2990 Zeitschr.
726 2933 776 2992 des
799 2933 1029 2992 Hora-Vereins
1055 2937 1083 3002 6,
1108 2936 1171 2993 528
1194 2951 1250 2992 aras
1273 2934 1311 2992 Λ.
1340 2965 1383 2976 -
1412 2931 1538 3005 Stnrnpf
1563 2930 1640 2990 Aeto
1667 2932 1745 3002 ised.
1771 2934 1832 2990 614

283 3039 317 3090 πθ
341 3039 404 3095 437
425 3053 482 3095 ons
505 3035 543 3096 A.
567 3070 609 3080 —
633 3035 763 3109 Stumpf
780 3038 853 3109 Res.
879 3040 966 3096 487⁰.

282 3171 384 3231 nactos
407 3172 457 3231 des
480 3173 547 3232 LK.

387 3375 426 3439 In
449 3377 579 3440 nomine
603 3386 714 3441 sancte
738 3387 770 3441 et
793 3376 959 3442 individue
982 3377 1145 3440 trinitatis.
1192 3375 1270 3441 Otto
1301 3377 1352 3440 dei
1384 3385 1546 3440 annuente
1574 3375 1748 3440 clementia
1774 3375 1831 3437 im-

182 3488 313 3563 perator
335 3489 502 3562 augustus.
590 3479 711 3544 Notum
735 3481 777 3543 sit
801 3483 944 3544 omnium
962 3477 1081 3543 Christi
1104 3488 1354 3563 nostrorumque
1377 3477 1520 3542 fidelium
1543 3488 1609 3541 tem
1633 3478 1831 3562 presentium

130 3597 163 3645 rs
182 3581 307 3646 scilicet
335 3604 431 3667 quam
461 3582 642 3646 futurorum
671 3581 867 3665 industriae,
901 3583 1040 3668 qualiter
1062 3605 1123 3646 nos
1147 3605 1205 3668 pro
1229 3582 1370 3646 remedio
1396 3583 1523 3646 animae
1551 3581 1673 3645 domini
1698 3580 1831 3643 Henrici

181 3684 396 3770 dominasque
419 3683 605 3750 Mechtildis
629 3695 790 3750 nostrae²
818 3688 983 3768 genitricis
1012 3709 1051 3750 ac
1083 3685 1306 3750 incolumitate
1335 3686 1426 3769 regni
1449 3685 1500 3748 vel
1524 3686 1649 3769 imperii
1673 3685 1775 3747 nostri
1799 3693 1831 3762 et

181 3789 223 3852 ad
246 3811 358 3874 preces
382 3788 520 3853 dilectae
544 3791 693 3873 coniugis
716 3799 848 3854 nostrae
867 3789 1058 3853 Adclheidis
1081 3788 1202 3873 filiique
1226 3791 1339 3870 nostri,
1363 3789 1522 3852 carissimi
1545 3787 1671 3852 scilicet
1693 3788 1831 3870 impers-

179 3894 259 3956 toris
278 3893 407 3974 augusti
424 3889 564 3974 Ottonis,
587 3895 785 3958 monasterio
809 3893 842 3956 in
866 3891 1020 3957 suburbio
1037 3891 1223 3956 Northusen
1247 3891 1335 3976 quod
1358 3914 1378 3954 a
1400 3891 1548 3976 predicta
1572 3891 1705 3954 domina
1720 3889 1830 3952 Mech-

179 3992 258 4056 tilde
273 3995 386 4076 regins
402 3991 586 4058 edificatum
604 3995 636 4057 in
652 3995 809 4059 honorem
827 4005 939 4059 sancte
956 4017 1148 4080 semperque
1164 3996 1300 4079 virginis
1316 3994 1367 4058 dei
1384 3996 1550 4079 genitricis
1566 3994 1671 4057 Maris
1687 4002 1830 4057 erectum

130 4111 162 4156 so
181 4106 212 4158 ct
234 4096 442 4160 manifestum
465 4119 536 4161 esse
560 4107 704 4179 constat,
733 4099 930 4163 monialibus
954 4099 1074 4163 ibidem
1098 4099 1159 4164 deo
1184 4097 1419 4162 famulantibus
1442 4095 1597 4182 quicquid
1619 4095 1830 4181 proprietatis

181 4207 213 4261 et
242 4197 431 4261 hereditatis
460 4201 493 4262 in
516 4198 594 4263 villa
616 4199 801 4283 Blidungen
830 4204 864 4265 in
891 4224 978 4287 pago
1002 4203 1240 4286 Helmengouw
1263 4203 1296 4265 in
1319 4203 1477 4266 comitatu
1501 4199 1677 4265 Christiani
1701 4200 1829 4262 comitis

181 4298 302 4364 habere
325 4301 385 4363 visi
411 4321 537 4381 sumus,
553 4299 795 4386 ¹perpetualiter
818 4304 1028 4388 donavimus,
1051 4304 1205 4370 videlicet
1227 4307 1399 4390 mancipiis
1422 4303 1591 4368 curtilibus
1614 4305 1775 4389 possessis
1799 4311 1830 4364 et

179 4403 386 4487 impossessis
410 4402 548 4467 edificiis
571 4405 664 4468 terris
688 4404 783 4469 cultis
804 4413 835 4468 et
853 4406 984 4470 incultis
1007 4408 1069 4470 viis
1092 4417 1125 4471 et
1148 4406 1244 4470 inviis
1268 4405 1410 4471 exitibus
1435 4416 1467 4469 et
1489 4405 1646 4469 reditibus
1671 4402 1829 4491 quesitisb

180 4517 211 4572 et
229 4506 439 4592 inquerendis
455 4508 557 4590 pratis
577 4508 708 4591 pascuis
726 4509 816 4571 silvis
832 4511 926 4594 aquis
943 4531 1142 4595 aquarumve
1159 4510 1350 4600 decursibus
1373 4509 1568 4574 molendinis
1592 4506 1830 4593 piscationibus

129 4625 161 4672 36
179 4609 355 4675 mobilibus
378 4619 411 4674 et
433 4609 654 4675 immobilibus
678 4634 735 4675 seu
758 4615 979 4698 cuiuscunque
1003 4611 1090 4676 modi
1115 4612 1262 4678 utilitatis
1286 4595 1499 4677 ad‘nostrum
1530 4613 1580 4676 ius
1603 4611 1717 4675 haberi
1741 4609 1829 4673 vide-

179 4713 285 4796 batur,
310 4737 348 4778 eo
374 4713 513 4799 denique
535 4724 648 4778 tenore
670 4722 706 4779 ut
727 4723 860 4779 teneant
882 4725 914 4780 et
937 4715 1126 4800 possideant
1149 4727 1181 4780 et
1204 4718 1269 4780 suis
1292 4726 1329 4779 ut
1349 4715 1480 4780 libuerit
1501 4714 1614 4780 usibus
1638 4713 1828 4796 adiungant.

178 4819 222 4881 Et
236 4828 272 4883 ut
287 4819 348 4883 hoc
365 4839 499 4904 presens
518 4829 707 4904 preceptum
731 4821 849 4883 nostris
874 4819 1137 4903 successurisque
1161 4819 1362 4904 temporibus
1384 4819 1509 4882 firmius
1531 4816 1691 4882 habeatur
1706 4817 1827 4880 verius-

178 4943 240 5007 que
263 4922 428 5005 credatur,
459 4931 584 4986 cartam
615 4920 698 4985 hanc
729 4921 892 4986 conscribi
921 4931 953 4984 et
983 4920 1094 4985 annuli
1123 4923 1225 4988 nostri
1259 4924 1473 5007 impressione
1507 4921 1628 5005 signari
1663 4920 1828 5000 iussimus,

179 5045 277 5110 quam
300 5035 331 5088 et
353 5046 451 5089 manu
474 5027 608 5110 propria
632 5024 745 5089 subtus
769 5025 979 5089 firmavimus.

127 5179 160 5226 40
282 5161 418 5247 Signum
443 5161 564 5228 domini
587 5163 652 5244 (Μ.)
675 5160 804 5227 Ottonis
827 5162 938 5245 magni
963 5171 995 5225 et
1016 5164 1222 5228 invictissimi
1247 5161 1452 5246 imperatoris
1475 5161 1616 5242 augusti.

281 5266 503 5350 Liudigerus⁰
525 5265 741 5334 cancellarius
764 5265 913 5329 advicem
937 5264 1094 5330 Rodberti
1117 5263 1395 5349 archicappellani
1418 5263 1605 5347 recognovi.

279 5402 369 5467 Data
390 5419 459 5466 1111.
483 5402 555 5469 idus
584 5403 695 5488 aprilis
724 5426 810 5469 anno
842 5401 1026 5467 dominicae
1054 5404 1288 5468 incarnationis
1317 5417 1517 5483 nccccnxx,
1551 5398 1729 5464 indictione
1753 5415 1830 5481 xnr,

176 5508 267 5590 regni
291 5529 368 5572 vero
393 5505 515 5572 domini
539 5504 671 5573 Ottonis
694 5525 801 5590 xxxv,
825 5508 953 5592 imperii
976 5517 1085 5573 autem
1108 5523 1195 5570 vnn.

264 5695 324 5749 303.
352 5693 446 5764 [Foltz]
550 5695 576 5762 a)
596 5695 796 5761 nostrasques
899 5697 928 5758 b)
947 5695 1090 5762 questisA
1194 5695 1219 5762 c)
1240 5693 1382 5762 Wolgerue
1401 5695 1431 5746 A.
