4530 6434
916 467 917 470 ,
1014 412 1470 473 KAISERURKUNDEN.

1197 593 1283 668 384.

424 748 505 826 Otto
521 747 682 847 pewtthrt
699 746 769 819 dee
787 748 828 822 ic
844 749 946 848 Zopo
966 749 1195 850 wohnbosteu
1212 751 1417 824 Ziesleuteo
1431 751 1490 824 des
1509 751 1701 826 Verooeser
1714 751 1888 825 Klosters
1904 747 1950 826 S.
1962 751 2105 822 Murio

415 873 456 982 ia
478 867 627 968 Oryouo
650 867 969 966 Abqobenfret'heit
992 870 1071 944 aad
1094 871 1231 945 ertheilt
1254 871 1363 945 theon
1387 871 1586 972 Holzoeps-
1612 873 1691 946 aad
1714 873 1859 946 andere
1885 872 2034 946 Recta
2061 871 2105 944 iu

418 990 489 1064 dea
516 987 776 1062 henochbortea
798 989 985 1064 Wc'tlderrt.
1617 1014 1711 1072 Pam
1733 1017 1798 1074 970
1826 1013 1974 1072 ΜΨ
1997 1015 2056 1071 22.

523 1213 689 1288 Uopiscus
711 1215 775 1272 ἀωη
797 1215 922 1290 Ausara
945 1217 994 1276 des
1017 1221 1067 1276 11.
1085 1216 1139 1277 Jlt.
1163 1219 1197 1276 in
1219 1217 1420 1290 Diplomform
1443 1221 1484 1276 im
1506 1219 1693 1278 Stodtorehr'o
1713 1239 1754 1279 eo
1774 1221 1901 1279 Verona
1931 1217 2009 1296 (B).
2123 1229 2139 1277 5

522 1372 676 1430 Murotori
698 1371 768 1431 Aut.
793 1372 863 1462 Ital.
888 1377 917 1442 3,
943 1376 984 1432 73
1007 1389 1063 1431 uus
1082 1373 1119 1430 B.
1145 1406 1186 1414 -
1209 1373 1380 1431 Bioncoltni
1401 1374 1519 1432 Notiaie
1542 1373 1615 1432 delle
1637 1375 1729 1433 chiese
1751 1376 1785 1432 in
1806 1375 1939 1433 Verona
1958 1372 1972 1451 (
1979 1375 2103 1432 Verona

457 1517 459 1520 -
523 1475 617 1554 1761)
633 1479 668 1536 5⁰
684 1479 726 1536 52
739 1481 773 1534 κθ
788 1479 830 1536 18
852 1475 1002 1550 oaqetliet
1024 1495 1080 1536 aas
1100 1477 1165 1534 dem
1180 1480 1221 1535 im
1238 1477 1459 1537 Klosterorebio
1482 1477 1669 1548 tetralicen
1687 1478 1853 1551 Oricinole.
1882 1511 1932 1520 -
1961 1478 2105 1536 Bohmer

520 1581 591 1654 Rea.
615 1583 689 1640 365.
713 1615 756 1622 -
778 1579 907 1654 Stampf
924 1581 996 1654 Rea.
1021 1585 1094 1641 478.

524 1733 657 1806 Versesst
679 1753 735 1794 eoo
757 1736 796 1794 It.
816 1734 855 1793 D.
880 1767 922 1778 -
944 1734 1055 1810 Actaeo
1077 1738 1116 1794 ist
1138 1738 1213 1795 noch
1236 1735 1350 1810 inollo
1371 1737 1417 1795 Le
1433 1738 1624 1810 popohrrr'ooi
1647 1737 1694 1797 det
1714 1745 1790 1797 xlll
1810 1739 1983 1796 commum
2006 1735 2100 1794 Vero-

520 1841 587 1899 aese'
608 1837 750 1917 (Venatio
772 1838 869 1917 1882)
891 1845 933 1900 13
956 1841 1010 1900 dos
1032 1841 1146 1914 leutius
1171 1841 1251 1914 Zoqo
1273 1841 1407 1900 nordlich
1427 1858 1483 1900 oon
1504 1841 1625 1901 Verona.
2119 1853 2150 1900 ιο
2255 1823 2256 1834 ¹

521 2043 580 2123 (c.)
600 2046 614 2128 ξ
636 2042 674 2106 ln
697 2045 828 2107 nomine
852 2054 965 2128 sancte
988 2051 1020 2106 et
1047 2042 1214 2108 individue
1243 2044 1408 2108 trinitatis.
1454 2041 1532 2107 Otto
1564 2042 1675 2107 divina
1701 2052 1871 2109 annuente
1903 2042 2098 2108 clementia

406 2146 620 2230 'imperatortt
649 2155 817 2230 augustus.
915 2147 1038 2212 Notum
1062 2151 1103 2211 sit
1127 2146 1279 2212 omnibus
1301 2145 1452 2211 fidelibus
1476 2155 1610 2211 sanctae
1633 2147 1685 2212 dei
1714 2145 1856 2231 ecclesie
1888 2148 2097 2231 nostrisque

419 2249 624 2333 presentibus
647 2258 745 2336 atque
768 2250 894 2332 futuris,
917 2249 932 2331 ξ
954 2251 1108 2336 quoniam
1131 2253 1317 2314 interventu
1339 2259 1371 2313 et
1394 2247 1620 2314 obsecratione
1642 2247 1808 2314 Radaldib
1834 2257 1962 2331 sancte
1987 2247 2093 2333 Aqui·

419 2350 560 2435 legensis
585 2352 722 2438 ecclesie
745 2355 1000 2420 reverentissimi
1022 2352 1207 2439 patriarche
1231 2352 1427 2438 quibusdam
1449 2353 1616 2417 incensih's
1639 2351 1831 2416 monasterii
1855 2351 1965 2416 beate
1982 2351 2093 2432 lilarie-

420 2478 548 2541 semper
576 2458 711 2542 virginis
746 2460 878 2545 suisque
907 2457 1081 2522 heredibus
1111 2479 1150 2521 ae
1184 2454 1418 2549 proheredibus
1454 2477 1556 2541 usque
1588 2457 1844 2540 imperpetuum,
1885 2453 2092 2519 habitantes
2115 2473 2141 2518 15

419 2556 571 2622 videlicet
592 2561 626 2623 in
648 2559 727 2625 villa
749 2559 892 2645 Aciagc,
929 2583 986 2645 per
1013 2560 1076 2624 hoc
1105 2569 1236 2624 nostrae
1266 2557 1452 2623 donationis
1483 2568 1673 2644 preceptum
1696 2557 1916 2623 concedimus
1944 2579 2009 2643 pro
2036 2556 2090 2622 dei

420 2682 530 2726 amore
554 2683 665 2728 omnes
687 2664 879 2749 pinsiones⁰
900 2663 1104 2748 herbaticum
1126 2672 1224 2748 atque
1248 2663 1426 2728 escaticum
1447 2664 1515 2726 iure
1530 2663 1758 2748 proprietario,
1783 2684 1848 2748 que
1865 2660 1914 2726 ad
1930 2671 2089 2726 nostram

419 2766 542 2850 regiam
571 2766 729 2832 hactenus
758 2779 884 2852 partem
913 2769 1152 2853 pertinuerunt,
1181 2777 1218 2831 ut
1246 2765 1354 2832 nehus
1384 2766 1538 2852 deinceps
1567 2763 1677 2832 haecd
1700 2789 1755 2831 eos
1779 2764 1861 2830 dare
1885 2763 2087 2850 compellat,

420 2872 597 2936 candentes
620 2873 753 2958 insuper
769 2882 804 2937 ut
819 2872 951 2938 nullus⁰
974 2874 1145 2958 potcstatis
1168 2893 1309 2956 persona
1332 2871 1464 2936 eosdem
1486 2873 1662 2936 incensitos
1687 2873 1721 2935 iu
1743 2869 1987 2955 prenominata
2004 2867 2087 2932 villa

419 2973 575 3058 degentes
598 2973 790 3059 distringere
812 2967 987 3062 pignorare
1008 2975 1175 3060 flagellare
1194 2977 1300 3040 autin
1315 2974 1425 3060 aliquo
1442 2974 1615 3039 molestare
1632 2976 1749 3040 iniuste
1767 2982 1946 3059 presumat
1965 2971 2083 3037 nichil·
2103 2989 2134 3035 ao

420 3100 482 3163 que
504 3078 595 3145 aliud
617 3082 664 3144 eis
686 3081 719 3144 in
743 3080 887 3166 quolibet
910 3082 1210 3165 superimponatur,
1240 3076 1290 3142 his
1320 3079 1466 3163 exceptis
1495 3101 1557 3164 quq
1581 3078 1624 3142 ad
1647 3077 1808 3162 prefatum
1833 3077 2085 3140 monasterium

418 3179 554 3245 reddere
583 3185 796 3249 continuatim
826 3183 912 3249 soliti
940 3183 1084 3264 fuerunt,
1119 3191 1152 3245 et
1181 3191 1216 3245 ut
1246 3182 1441 3265 potestative
1472 3203 1511 3245 ac
1543 3190 1656 3245 nostra
1685 3179 1889 3244 donatione⁰
1926 3181 1964 3243 in
1997 3178 2084 3242 silva
2128 3207 2129 3210 ¹

420 3283 544 3349 Alferia
567 3286 796 3371 capellaticum
820 3288 1068 3352 seminationem
1092 3286 1274 3350 arationem
1297 3293 1328 3349 et
1352 3306 1475 3369 pascua
1498 3293 1530 3348 et
1556 3285 1590 3348 in
1612 3283 1695 3348 silva
1723 3283 2000 3348 herimannorum
2025 3281 2083 3346 ha-

418 3386 519 3452 beant
543 3392 628 3454 sicut
650 3389 706 3454 alii
730 3389 870 3476 Azagini
893 3399 1008 3454 nostra
1030 3388 1219 3473 plenissima
1243 3385 1412 3471 largitate,
1442 3389 1587 3452 omnium
1616 3387 1782 3452 hominum
1806 3384 2082 3451 contradictione

418 3500 554 3556 remota.
599 3491 634 3557 Si
664 3495 735 3580 quis
764 3494 862 3578 igitur
889 3492 952 3558 hoc
982 3502 1114 3556 nostrae
1141 3491 1328 3555 donationis
1352 3501 1541 3576 preceptum
1564 3491 1738 3574 infringere
1761 3499 1819 3556 aut
1842 3489 2130 3555 contradicemus

419 3594 595 3681 aliquando
628 3599 796 3683 quesierit,
830 3597 913 3661 sciat
942 3593 1000 3660 sef
1021 3596 1277 3680 compositurum
1307 3594 1377 3660 auri
1408 3596 1520 3680 optimi
1548 3593 1649 3659 libras
1680 3603 1828 3676 centum,
1861 3592 2082 3659 medietatem

418 3698 551 3763 kamere
578 3709 709 3765 nostrae
739 3711 770 3764 et
799 3699 1007 3764 medietatem
1036 3700 1117 3784 ipsis
1146 3700 1314 3764 incensitis
1347 3721 1522 3785 eorumque
1551 3697 1724 3764 heredibus
1754 3719 1793 3763 ae
1817 3697 2081 3783 proheredibus.

419 3801 518 3882 Quod
542 3813 577 3868 ut
599 3806 707 3868 verius
730 3804 882 3868 credatur
904 3803 1182 3888 diligentiusquess
1209 3803 1447 3888 imperpetuum
1476 3802 1518 3868 ab
1550 3802 1701 3867 omnihus
1731 3801 1944 3886 observetur,
1976 3824 2081 3867 manu

419 3908 552 3992 propria
574 3906 767 3972 roborantes
790 3907 878 3972 auidi
902 3909 1004 3972 nostri
1027 3908 1230 3991 inpressione
1251 3908 1399 3991 insigniri
1422 3908 1584 3971 iussimus.

2100 4077 2131 4123 30

439 4217 442 4222 ι
520 4184 534 4266 3
556 4181 749 4248 Ambrosius
778 4181 993 4248 cancellarius
1021 4181 1172 4247 advicem
1195 4181 1334 4247 Huberti
1360 4182 1505 4267 episcopi
1528 4189 1560 4245 ct
1583 4176 1865 4245 archicancellarii
1889 4181 2082 4265 recognovi

419 4293 451 4349 et
474 4284 662 4370 subscripsi.
685 4284 699 4364 li

520 4441 644 4506 Datum
673 4459 720 4506 xl.
750 4441 817 4507 kal.
846 4440 928 4507 febr.
957 4463 1043 4506 auno
1075 4441 1239 4506 dominice
1272 4441 1506 4506 incamaticnis
1540 4454 1791 4521 Docccnxvlffl,
1827 4437 1964 4522 imperii
1998 4462 2081 4506 vero

418 4543 529 4609 domni
552 4544 683 4610 Ottonis
707 4564 779 4628 vul,
802 4546 979 4610 indictione
1003 4563 1083 4627 x1113
1107 4555 1216 4610 actum
1238 4545 1356 4630 Papia,
1380 4544 1526 4608 feliciter.

1196 4783 1283 4857 385.
2101 4817 2133 4864 35

425 4941 505 5016 Otto
532 4941 673 5016 sebeubt
698 4941 763 5014 cler
789 4940 1091 5038 erzbischefliebee
1118 4939 1252 5012 Kirehe
1278 4965 1323 5012 aa
1351 4939 1576 5038 Magdola-ary
1602 4940 1723 5012 seioee
1750 4935 1869 5008 Bes-ita
1898 4937 1942 5008 iu
1972 4937 2082 5014 Gred-

418 5063 546 5136 destett.
1615 5079 1710 5138 Poeta
1732 5079 1795 5137 970
1819 5074 1953 5136 Jonuor
1976 5083 2034 5140 23.

519 5272 610 5330 Isiber
626 5273 706 5346 priv.
730 5289 753 5331 s.
773 5271 919 5330 Maur-trit
942 5289 997 5330 aas
1021 5272 1085 5329 dem
1108 5272 1193 5330 Eride
1216 5271 1265 5329 des
1288 5275 1339 5330 11.
1356 5270 1408 5328 Jh.
1434 5266 1526 5342 s.18'
1552 5271 1592 5326 tra
1614 5269 1641 5327 h.
1660 5266 1863 5330 Stoetsorelsio
1885 5285 1929 5326 aa
1946 5269 2083 5344 Maurie-

519 5376 593 5448 boro
617 5373 680 5453 (O).
704 5407 746 5418 -
768 5375 989 5448 Mofftieborffer
1005 5371 1182 5447 uastauere
1205 5374 1253 5432 des
1276 5375 1326 5432 15.
1345 5373 1397 5432 Jt.
1423 5371 1505 5443 fiae
1529 5371 1638 5431 ebrado
1663 5370 1674 5449 (
1705 5368 1726 5447 ).

502 5541 560 5596 381.
588 5541 695 5610 [Sichel]
800 5545 827 5606 a)
846 5547 958 5610 impetor
976 5543 1002 5594 Β
1106 5542 1214 5604 b)1'tter
1235 5546 1245 5592 i
1268 5542 1334 5592 noch
1352 5544 1393 5592 eiu
1417 5559 1431 5592 e
1454 5538 1684 5605 ttaqmtrs'eteu,
1706 5537 1761 5588 obe
1779 5537 1921 5602 etqualtch
1940 5541 2082 5594 Radaldei
2102 5549 2135 5596 40

587 5617 611 5670 e)
632 5613 657 5662 Β
761 5613 788 5674 d)
806 5630 834 5661 ro
852 5611 985 5664 voearet
1003 5615 1031 5661 tu
1052 5611 1076 5662 Β
1093 5611 1155 5662 dosa
1173 5619 1237 5663 etwo
1254 5609 1321 5662 each
1346 5611 1396 5661 hoc
1417 5608 1636 5675 palaestrarum
1654 5608 1723 5658 hana
1830 5607 1855 5674 e)
1876 5609 1906 5658 tu
1924 5607 2013 5676 Folqe
2031 5629 2084 5664 eon

584 5681 718 5732 Cor-rectru-
736 5682 855 5732 stertebat·
959 5683 980 5744 l)
992 5680 1062 5744 fehlt
1081 5683 1109 5730 in
1127 5680 1154 5731 B
1258 5681 1284 5747 g)
1305 5686 1330 5731 et
1349 5680 1554 5746 diligentiusque
1573 5679 1605 5728 Β.
