4508 6428
1026 393 1475 453 KAISERURKUNDEN.

1208 575 1296 652 318.

438 730 519 808 Ouo
547 731 706 828 bestdtiqt
731 729 801 802 deu
828 729 990 801 Nouucu
1017 727 1078 800 des
1103 727 1263 802 Klosters
1290 729 1449 804 Nivelles
1482 729 1540 803 die
1564 729 1640 828 fiir
1671 729 1773 803 deren
1808 725 2023 802 erertatr
2052 724 2114 796 be-

428 853 602 924 stimmten
628 851 867 948 Besittunqeu
893 850 934 920 in
960 847 1146 921 Ruuebeelt
1171 848 1252 921 aad
1277 848 1438 923 anderen
1464 848 1701 950 Ortscleafteu.

1546 992 1725 1052 Maustriclrt
1747 993 1811 1052 966
1835 990 1982 1050 Jaauar
2005 989 2065 1047 24.

532 1197 694 1259 casaur
715 1217 770 1258 voa
791 1197 920 1259 Muelles
943 1215 1000 1257 aus
1022 1198 1089 1256 dem
1110 1199 1196 1258 Euda
1222 1199 1272 1257 des
1300 1199 1351 1258 15.
1376 1196 1428 1256 Jlr.
1459 1196 1482 1268 f.
1507 1201 1570 1258 394
1598 1200 1641 1256 im
1663 1197 1872 1257 Staatsurclriv
1895 1213 1941 1254 aa
1969 1191 2145 1253 Brr'tssels

527 1300 587 1382 (Α).
611 1337 654 1347 -
675 1301 849 1362 Drasderte
870 1302 1011 1375 Fassunq
1033 1303 1067 1359 ta
1088 1301 1252 1360 emaum
1268 1299 1433 1360 Chartaler
1454 1299 1479 1372 f.
1496 1303 1515 1360 9
1538 1297 1549 1379 (
1578 1298 1598 1378 ).
1622 1331 1664 1342 -
1685 1301 1842 1360 Vidimirte
1859 1295 2038 1367 Absehrist
2055 1294 2113 1352 der

528 1407 675 1466 terreres
696 1407 837 1479 Fassurrp
859 1423 924 1464 com
947 1405 980 1465 J.
997 1407 1081 1466 1519
1104 1408 1147 1464 im
1169 1406 1198 1465 t.
1214 1406 1243 1465 t.
1266 1405 1306 1463 H.
1322 1404 1362 1462 H.
1387 1403 1452 1464 ared
1473 1403 1676 1464 &adsumtio
1696 1422 1737 1462 ea
1759 1404 1846 1464 Wteu
1873 1399 1948 1481 (Ο).

528 1547 666 1605 Miratus
693 1545 762 1605 Not.
792 1545 857 1605 eccl.
889 1545 971 1618 Belo.
1002 1548 1067 1605 112
1094 1561 1151 1603 aas
1181 1543 1334 1616 Absctrift
1363 1541 1534 1621 (erweiterte
1563 1541 1716 1621 Passieno)
1742 1563 1782 1594 =
1805 1541 1927 1615 uertet
1962 1539 2052 1598 Hie.
2079 1557 2106 1599 s.

531 1649 689 1709 deurode
713 1652 786 1719 832,
813 1674 850 1702 .-.
875 1649 1180 1722 Mirarer-Ferreus
1206 1647 1259 1722 op.
1283 1652 1313 1718 1,
1338 1650 1410 1708 651.
1434 1679 1476 1690 -—
1500 1647 1651 1720 &umere
1677 1645 1749 1705 Ant.
1778 1643 1992 1714 Brodentiae,
2025 1642 2105 1702 Ant.

532 1753 690 1811 Bredoaoe
714 1757 734 1810 7
762 1751 981 1825 deaureata
1009 1769 1066 1811 aas
1093 1752 1131 1811 B.
1155 1783 1197 1793 -—
1222 1752 1362 1812 Woaters
1383 1753 1417 1810 ia
1439 1751 1540 1810 Reme
1561 1749 1711 1810 disistoire
1732 1754 1759 1809 et
1782 1747 1947 1809 durcttol.
1974 1751 2008 1818 3,
2035 1750 2155 1806 37010

529 1859 601 1916 a⁰2
621 1873 678 1915 aas
697 1854 734 1913 A.
758 1887 801 1898 -
823 1855 921 1928 seret
941 1853 1003 1915 OB.
1027 1873 1086 1914 voa
1108 1854 1240 1914 Hollead
1262 1860 1292 1925 1,
1314 1858 1359 1915 27
1379 1859 1414 1913 a⁰
1428 1858 1471 1915 38
1493 1871 1550 1913 aas
1568 1854 1605 1912 B.
1629 1886 1672 1897 --
1694 1854 1824 1912 Bohmer
1837 1854 1917 1925 Rey.
1937 1854 2011 1910 313
2036 1848 2106 1906 uad

530 1957 658 2032 8119191
675 1960 749 2032 Rea.
773 1962 836 2019 396
858 1959 933 2016 nect
955 1959 1008 2017 der
1030 1960 1219 2038 anritemo,
1244 1957 1373 2032 8119191
1390 1960 1462 2045 1119.
1487 1961 1566 2019 396⁰
1586 1959 1663 2016 nach
1684 1958 1737 2016 der
1758 1957 1909 2016 lrstrreren
1934 1956 2102 2028 Fossuny.

531 2097 570 2155 Iu
591 2096 639 2154 die
660 2097 896 2184 ursprrtapliclra
920 2113 976 2156 voa
991 2097 1059 2155 ΒΚ.
1079 2098 1197 2156 diotirte
1214 2097 1279 2156 med
1296 2099 1330 2155 ire
1344 2094 1402 2155 Ac
1421 2097 1567 2156 ertaltcrre
1581 2097 1723 2170 Fossqu
1737 2095 1792 2156 bat
1803 2113 1875 2154 marr
1891 2097 1940 2154 im
1957 2095 2101 2164 moster,

530 2201 603 2257 etue
626 2199 702 2258 auct
722 2217 784 2258 aar
805 2199 867 2272 aas
885 2201 980 2259 reette
999 2199 1190 2274 Verbiadurrq
1208 2199 1327 2259 bedeeht
1341 2219 1382 2259 aa
1396 2202 1469 2272 sein,
1494 2202 1543 2259 eiu
1560 2199 1848 2259 Gdtmueeidmm
1864 2199 2100 2274 anqesctotea.

530 2303 621 2362 Dicte
641 2321 702 2362 aar
724 2303 818 2363 duret
839 2303 870 2362 B
891 2308 1050 2362 vedreteue
1070 2303 1289 2376 Interpolatioa
1309 2306 1404 2364 haten
1424 2306 1481 2363 wir
1502 2303 1548 2362 uls
1570 2303 1663 2363 solete
1684 2303 1831 2362 tenattem
1850 2303 2007 2376 retractet.
2050 2303 2100 2360 Im
2120 2315 2151 2363 15

530 2409 654 2481 stbriyerr
668 2409 762 2467 heber
777 2409 832 2466 wir
847 2407 885 2477 B,
908 2407 948 2466 do
963 2424 992 2466 es
1008 2409 1103 2481 eiatpe
1117 2407 1301 2468 estsetieden
1321 2409 1433 2467 bessem
1447 2407 1593 2466 morter
1611 2408 1705 2478 uae,
1728 2407 1804 2465 auct
1825 2403 1883 2476 fur
1906 2406 1970 2464 dm
1994 2407 2100 2466 117911-

531 2512 596 2570 uer
618 2512 671 2570 ser
693 2513 792 2570 aaa
811 2511 914 2570 roera
936 2513 1063 2572 cenea.
1086 2545 1129 2556 -
1151 2512 1216 2573 rere
1238 2514 1302 2570 orer
1323 2529 1356 2570 so
1378 2510 1455 2570 aare
1476 2512 1509 2568 a
1530 2509 1627 2570 ooo.
1644 2513 1717 2580 eea,
1739 2495 1813 2581 324,
1834 2511 1912 2580 325,
1931 2510 2014 2580 ees,
2032 2512 2100 2570 eae

535 2615 601 2675 Otto
616 2617 664 2674 eia
679 2616 852 2675 besooderer
869 2614 1106 2690 1931393991.
1140 2615 1191 2674 Do
1213 2614 1357 2674 dieselten
1378 2631 1435 2673 von
1449 2613 1517 2672 LK.
1533 2611 1662 2684 oefusst
1677 2613 1747 2672 oder
1761 2614 1816 2672 soie
1829 2611 1900 2672 DO.
1918 2615 1990 2672 326
2007 2618 2103 2672 arae

398 2698 405 2708 ’
529 2722 627 2778 seiaer
640 2717 1038 2792 murmurmurmur
1053 2717 1172 2777 worden
1186 2717 1264 2789 sind,
1281 2717 1402 2776 hundelt
1417 2735 1447 2776 es
1461 2718 1524 2776 sich
1538 2717 1674 2790 lediylr'clr
1689 2734 1742 2775 um
1756 2718 1842 2775 dm
1858 2716 1999 2776 Versacir
2015 2720 2102 2776 einer

530 2823 743 2884 individuellca
764 2821 951 2895 Aaffaseuup
971 2822 1311 2894 enumerantes,
1335 2821 1461 2879 wetsten
1475 2820 1582 2894 Jedoolr
1603 2820 1671 2879 LK.
1695 2819 1782 2880 selbst
1803 2820 1887 2878 nult
1909 2825 2099 2894 consequae
2117 2833 2150 2880 ao

530 2925 727 2996 durctsstlute
741 2925 777 3004 (s.
791 2925 892 2986 DDO.
905 2928 978 2996 320,
991 2924 1067 3003 327)
1083 2925 1156 2996 ared,
1173 2924 1213 2984 da
1228 2943 1260 2984 er
1273 2926 1329 2983 mit
1344 2926 1406 2983 ilem
1419 2925 1499 2983 uiolet
1511 2921 1652 2998 Auklanp
1667 2922 1752 2995 smtd,
1769 2924 1878 2982 wieder
1894 2922 2000 2995 fasten
2015 2925 2097 2984 lices.

634 3127 673 3192 In
694 3128 825 3192 nomine
847 3136 959 3191 sancte
978 3136 1010 3191 et
1027 3125 1193 3191 individue
1211 3126 1377 3191 trinitatis.
1415 3124 1493 3192 Otto
1511 3126 1622 3190 divina
1636 3126 1768 3192 favente
1783 3126 1966 3192 clementia
1990 3129 2096 3214 impe

427 3242 518 3298 rator
532 3240 690 3316 augustus
704 3232 928 3296 Romanorum
943 3253 983 3295 ac
999 3231 1211 3296 Francorum.
1301 3229 1464 3310 Quoniam
1481 3251 1594 3314 regum
1609 3230 1661 3295 vel
1684 3232 1919 3315 imperatorum
1942 3232 2098 3298 officium

428 3359 499 3400 esse
522 3345 652 3401 constat
674 3335 735 3400 deo
761 3335 948 3421 sanctisque
971 3336 1040 3399 eius
1063 3333 1237 3399 ecclesiam
1259 3344 1479 3399 conservare⁸
1506 3336 1670 3421 preceptis
1699 3357 1738 3400 ac
1767 3334 2096 3418 confirmationibus,

428 3439 579 3505 volumus
607 3448 721 3504 notum
750 3461 822 3504 esse
851 3441 993 3504 omnium
1020 3437 1165 3503 fidelium
1192 3449 1378 3504 nostrorum
1400 3447 1467 3504 tam
1489 3440 1689 3524 presentium
1710 3461 1807 3524 quam
1829 3436 2025 3506 futurorum
2046 3441 2095 3503 in-
2113 3455 2144 3503 25

431 3543 570 3626 dustrie,
604 3542 742 3627 qualiter
771 3542 911 3628 quedam
941 3541 1111 3607 abbatissa
1139 3540 1179 3606 de
1207 3543 1405 3607 monasterio
1435 3549 1622 3606 constructo
1652 3543 1686 3606 in
1713 3541 1838 3607 bonore
1868 3545 1981 3608 sancti
2005 3545 2096 3608 Petri

429 3647 572 3733 apostoli
599 3655 775 3732 sancteque
799 3644 971 3712 Gertrudis
993 3646 1128 3729 virginis
1153 3645 1277 3730 pariter
1302 3666 1376 3709 cum
1400 3643 1701 3710 sanctimonialibus
1725 3646 1857 3710 nomine
1881 3644 2096 3712 Adalberina

432 3759 579 3815 nostram
611 3751 817 3814 serenitatem
847 3747 1010 3833 rogavitl,
1044 3759 1080 3812 ut
1111 3748 1314 3813 auctoritatis
1345 3757 1456 3812 nostre
1489 3756 1679 3833 preceptum
1708 3747 1760 3812 vel
1793 3747 2094 3815 confirmacionem

430 3849 658 3918 donassemus.¹
697 3854 767 3918 Nos
795 3874 873 3916 vero
904 3852 1059 3937 quoniam
1088 3873 1183 3915 omne
1212 3861 1401 3936 preceptum
1429 3853 1481 3916 vel
1512 3852 1716 3917 confirmatio
1745 3853 1848 3917 nostri
1883 3855 2093 3939 imperatorii

430 3957 508 4020 iuris
527 3955 586 4022 sub
602 3956 705 4040 regali
720 3964 882 4041 potestate
899 3977 1027 4040 semper
1045 3977 1118 4020 esse
1133 3953 1314 4036 videbatur,
1333 3955 1517 4020 interventu
1533 3955 1650 4022 dilecte
1665 3958 1814 4039 coniugis
1829 3967 1946 4022 nostre
1962 3957 2092 4022 Adbal-
2110 3971 2141 4017 30

429 4057 559 4123 beidis⁰
590 4057 735 4143 filiiqued
758 4058 865 4134 ‚nostri
893 4058 1073 4139 karissimi,
1107 4057 1193 4140 regis
1223 4055 1347 4122 scilicet
1376 4056 1521 4140 Ottonis‚
1556 4059 1711 4144 peticioni
1740 4057 1885 4122 eiusdem
1916 4059 2093 4126 abbatisse

430 4159 630 4226 Adalberins
658 4183 828 4226 assensum
856 4161 1058 4247 prebuimus,
1096 4159 1147 4244 <et
1176 4159 1333 4246 quidquid
1360 4160 1561 4245 Regenarius
1590 4183 1700 4226 comes
1728 4183 1787 4246 pro
1817 4184 1851 4225 se
1881 4165 2093 4248 coniugeque

431 4265 570 4350 filiisque
592 4265 662 4329 eius
684 4263 728 4329 ad
750 4264 931 4350 predictum
954 4265 1186 4330 monasterium
1208 4263 1373 4349 quod‘est
1399 4275 1621 4330 constructum
1648 4266 1683 4330 in
1711 4262 1835 4330 bonore
1867 4275 2008 4331 sanctae
2039 4267 2093 4332 dei

430 4368 594 4452 genitricis
615 4367 740 4432 Mariae
769 4378 801 4432 et
828 4371 932 4433 sancti
960 4369 1063 4452 Petri,
1097 4368 1154 4434 ubi
1182 4371 1333 4455 preciosa
1361 4369 1494 4436 domine
1523 4380 1638 4436 sancta
1667 4368 1840 4434 Gertmdis
1869 4372 2094 4456 corporaliter

429 4473 613 4556 requiescit,
636 4471 772 4538 tradidit
791 4474 825 4537 in
847 4494 935 4557 pago
958 4472 1115 4539 Ardenna
1137 4495 1234 4559 super
1255 4473 1354 4538 flu'vio
1373 4473 1478 4540 Aisna
1499 4475 1533 4539 in
1555 4474 1713 4539 comitatu
1731 4471 1926 4538 Waudn'cia
1948 4475 1985 4538 in
2008 4475 2093 4540 villa
2109 4490 2142 4536 35

431 4594 493 4659 que
516 4573 634 4640 dicitur
647 4573 790 4640 Villaro:
814 4597 947 4640 mansas
969 4592 1030 4658 xn,
1058 4577 1230 4644 ecclesiam
1252 4599 1361 4660 unam,
1385 4576 1606 4642 molendinum
1628 4599 1728 4642 unum
1750 4587 1784 4640 et
1807 4575 1965 4643 cambam
1987 4601 2093 4644 unam

430 4699 505 4742 cum
532 4677 718 4744 hominibus
746 4677 868 4745 ibidem
895 4680 1101 4745 manentibus
1126 4681 1179 4746 vel
1208 4681 1442 4767 aspicientibus
1464 4681 1631 4766 utriusque
1654 4701 1753 4744 sexus
1776 4689 1808 4743 et
1830 4681 1929 4744 etatis
1954 4691 2093 4748 centum

430 4798 531 4865 xvm,
554 4803 629 4847 oum
652 4782 788 4847 edificiis
811 4781 980 4848 curtilibus
1003 4785 1096 4848 terris
1119 4784 1214 4850 cultis
1237 4792 1269 4849 et
1290 4784 1420 4849 incultis
1443 4785 1505 4848 viis
1528 4792 1561 4848 et
1581 4784 1679 4849 inviis
1697 4781 1838 4848 exitibus
1854 4793 1887 4848 et
1901 4783 2094 4852 redditibus

431 4885 565 4969 quesitis
587 4895 620 4950 et
640 4884 843 4972 inquirendis
867 4884 957 4949 silvis
980 4885 1023 4950 ad
1045 4909 1163 4973 porcos
1186 4889 1381 4974 quingentos
1404 4890 1506 4973 pratis
1530 4889 1660 4973 pascuis
1681 4885 1855 4952 mobilibus
1872 4897 1905 4951 et
1921 4888 2092 4956 inmobili-

429 4985 492 5052 bus
519 4990 612 5073 aquis
642 5011 842 5076 aquarumve
871 4988 1078 5072 decursibus3
1107 4988 1254 5055 similiter
1282 4990 1438 5076 quidquid
1464 4989 1601 5076 predicti
1623 4991 1818 5075 Regennarii
1839 4989 1930 5054 filius
1954 4995 2093 5058 nomine
2112 5009 2146 5056 40

430 5089 633 5156 Liecbardus
656 5091 790 5156 tradidit
811 5093 845 5155 in
867 5113 953 5177 pago
977 5090 1199 5157 Hasbaniensi
1220 5093 1253 5158 in
1276 5092 1356 5157 villa
1379 5115 1441 5180 que
1464 5093 1582 5158 dicitur
1598 5092 1856 5178 Gingolonbam:
1880 5116 2022 5160 mansas
2042 5115 2093 5178 lx,

430 5197 595 5280 mancipia
611 5213 719 5278 xxxv,
743 5193 966 5260 molendinum
988 5205 1020 5259 et
1041 5195 1195 5262 cambam
1216 5218 1316 5261 unam
1328 5207 1354 5280 ⁰5
1376 5197 1568 5284 Rodulphus
1590 5220 1700 5264 comes
1721 5195 1856 5261 tradidit
1873 5195 1908 5260 in
1925 5197 2012 5263 villa
2029 5223 2094 5286 que

431 5295 549 5361 dicitur
570 5297 689 5364 Lentlo
713 5319 847 5363 mansas
870 5315 907 5361 VI
930 5307 963 5362 et
985 5301 1168 5382 semissem,
1203 5297 1371 5364 dimidiam
1394 5309 1520 5386 partem
1542 5302 1690 5384 ecclesie,
1713 5299 1872 5365 culturam
1894 5322 2014 5386 unam,
2039 5304 2095 5367 sil·

430 5421 507 5464 vam
530 5400 574 5465 ad
595 5422 716 5487 porcos
732 5417 796 5482 nx3
819 5399 982 5466 Iohannes
1005 5403 1189 5487 pariterque
1204 5400 1389 5467 Rotboldus
1412 5425 1471 5488 pro
1494 5406 1605 5470 anima
1628 5403 1779 5488 Sigesridi
1801 5424 1939 5478 mansas
1963 5415 2037 5470 tres
2060 5408 2096 5472 in

517 5586 576 5642 ³18.
605 5586 806 5656 [Folta-Ublim]
895 5587 922 5654 a)
941 5593 1092 5640 construere
1104 5587 1158 5642 ΒΟ
1239 5590 1268 5653 b)
1280 5590 1377 5642 Adalb.
1389 5596 1506 5642 nonnam
1519 5592 1584 5642 adiit
1596 5608 1618 5642 s.
1630 5590 1764 5658 rogansB
1844 5590 1868 5653 c)
1881 5587 1918 5654 B,
1937 5591 2098 5644 Adbbeidis
2116 5592 2148 5640 tt

603 5655 640 5722 A,
668 5654 868 5708 AdelbeidisO
967 5659 995 5720 d)
1013 5657 1048 5724 B,
1071 5657 1121 5708 tilii
1142 5657 1193 5710 Ao
1288 5661 1312 5722 e)
1331 5676 1413 5710 unum
1430 5660 1466 5712 B.
