4560 6420
976 399 1424 457 KAISERURKUNDEN.

1171 581 1231 654 95.

386 749 465 826 Otto
487 753 563 851 yebt
584 753 663 826 dem
693 751 853 829 Clerileer
874 753 1043 826 Liudeere
1065 751 1288 852 Eigeopitter
1309 751 1369 825 des
1392 751 1552 824 Klosters
1574 751 1707 826 Lorscle
1731 751 1808 849 auf
1826 751 2035 824 Lehenszeit

375 898 421 944 zo
446 873 594 948 Tameia.
1590 911 1660 970 sur
1682 913 1747 970 ors
1772 911 1917 970 narrar
1936 913 1990 969 rs.

479 1132 575 1196 Codes
597 1136 792 1196 Ladresiiom.
817 1135 866 1194 des
889 1139 940 1196 12.
964 1133 1017 1192 Jn.
1042 1133 1067 1205 s.
1091 1137 1131 1192 15
1154 1136 1196 1191 im
1218 1133 1245 1191 ie.
1269 1134 1477 1192 Reiehsorehie
1497 1152 1538 1191 eu
1560 1135 1710 1193 Mimelrea
1732 1133 1792 1212 (A).

480 1311 542 1370 CD.
566 1311 766 1370 Lourisheim.
792 1316 821 1380 1,
845 1313 908 1369 120
932 1326 988 1368 aus
1011 1308 1047 1366 tl.
1072 1341 1114 1351 -
1137 1304 1199 1366 OD.
1215 1308 1413 1367 Lenissima.
1437 1313 1466 1376 1,
1491 1312 1555 1367 117
1575 1312 1609 1364 πθ
1631 1309 1673 1365 67
1694 1319 1751 1363 ores
1773 1304 1803 1363 A
1824 1323 1867 1362 eu
1889 1305 2060 1368 Febrrmrs

474 1417 518 1472 27
542 1438 582 1466 =
605 1416 730 1473 Kremar
748 1413 829 1486 Orati.
845 1414 935 1472 Noas.
951 1416 982 1483 2,
999 1416 1040 1472 70
1055 1417 1089 1469 πθ
1105 1415 1155 1469 47.
1181 1444 1219 1453 -
1243 1411 1585 1480 troadensem,
1609 1413 1672 1470 389
1696 1427 1752 1466 ores
1767 1407 1807 1469 A.
1832 1442 1875 1452 —
1899 1408 2029 1467 Boiimer

476 1516 549 1588 Regi.
574 1521 637 1577 153
658 1535 699 1575 aa
722 1518 862 1576 Febraor
882 1520 934 1576 27.
958 1549 1001 1559 -
1023 1512 1151 1586 &strips
1169 1514 1240 1587 Req.
1265 1517 1339 1574 156.

478 1687 541 1745 Vere
555 1688 622 1746 BA.
639 1689 747 1748 diotirt.
785 1689 870 1747 Nocte
889 1705 1047 1762 pmoumer
1065 1688 1129 1746 Zeit
1152 1688 1222 1745 sind
1244 1687 1354 1746 eiamol
1376 1687 1482 1745 wieder
1504 1687 1782 1759 Irieornotionsjeiir
1796 1685 1860 1744 und
1875 1685 2027 1743 Indidioa

476 1792 582 1864 rieirtiy
604 1796 766 1865 deperdat,
801 1792 942 1850 reditread
969 1792 1024 1850 dos
1045 1792 1298 1865 Regieruegsjoiir
1319 1808 1372 1848 em
1395 1793 1457 1848 eins
1479 1808 1520 1847 ea
1542 1790 1612 1848 doch
1634 1790 1782 1847 tereehnet
1804 1791 1852 1846 ist.
1899 1787 1966 1846 Das
1988 1789 2028 1844 ist

475 1897 546 1953 oter
567 1895 771 1965 sweiselsoime
793 1899 847 1953 neit
870 1895 990 1954 Absieiit
1015 1897 1179 1970 yeselieireie.
1224 1896 1286 1954 Vere
1308 1896 1373 1953 hier
1394 1913 1435 1952 aa
1456 1895 1507 1952 hot
1529 1894 1661 1965 offendor
1682 1892 1749 1951 BA.
1775 1893 1920 1950 eitroeder
1943 1895 2026 1949 einen
2045 1905 2073 1952 ιο

475 1998 685 2069 Rectenfeider
703 2000 835 2071 gemacht
858 1999 929 2058 oder
950 2004 1021 2058 stett
1044 1999 1096 2058 der
1118 2001 1272 2058 historiseli
1294 2001 1436 2072 riehtipea
1452 1999 1569 2070 Epoete
1583 2015 1645 2055 eoin
1662 1998 1780 2070 August
1796 2000 1860 2056 936
1883 1999 1948 2054 eine
1963 2014 2025 2054 rom

474 2101 593 2174 August
616 2105 679 2161 935
703 2120 922 2175 argemonion.
970 2103 1070 2162 Soleiie
1091 2103 1297 2176 Antieipetien
1319 2103 1372 2160 der
1392 2101 1663 2175 Regiererrquohre
1684 2101 1775 2170 findet
1796 2102 1858 2158 siet
1886 2103 1920 2157 in
1949 2100 2026 2156 atter

475 2209 563 2263 miter
583 2207 680 2264 seiner
694 2206 892 2280 Miteoirkeeq
916 2207 1127 2266 entstondenea
1144 2208 1304 2280 Diplomeri
1326 2207 1381 2263 mit
1403 2204 1577 2263 Aesimiime
1598 2221 1653 2262 eon
1674 2201 1743 2262 DO.
1761 2206 1824 2261 116
1848 2205 1892 2261 bis
1915 2205 1949 2260 in
1971 2203 2026 2260 des

474 2307 506 2367 J.
524 2310 584 2367 951
609 2309 720 2367 hirieia.
761 2309 878 2369 Seiaem
892 2311 1039 2384 Beispide
1062 2309 1160 2382 [οἶμαι
1183 2311 1298 2368 doricis
1315 2306 1376 2368 BC.
1400 2307 1464 2365 ond
1483 2307 1592 2379 Otpert.
1632 2305 1699 2366 BA.
1724 2306 1800 2364 roird
1821 2308 1898 2364 ausu
1921 2323 2026 2364 rernm

474 2410 547 2470 least
568 2413 662 2471 hohen
683 2413 753 2472 does
774 2415 808 2472 in
829 2412 897 2472 Do.
915 2417 977 2474 109
1001 2431 1058 2471 oue
1081 2432 1107 2472 a.
1132 2432 1154 2472 r.
1179 2427 1254 2473 x111.
1277 2431 1303 2470 a.
1328 2432 1351 2471 r.
1377 2425 1465 2472 xl111.
1487 2411 1618 2484 yeneoeld
1634 2410 1743 2467 werde.
1778 2409 1897 2467 Ardae
1913 2410 2026 2467 Notore
2044 2421 2073 2467 15

474 2515 611 2588 doqeyen,
634 2517 764 2575 ndmlieii
785 2519 864 2588 ΒΒ.,
888 2518 955 2578 ΒΕ.
980 2517 1043 2576 reid
1065 2517 1133 2578 BF.
1157 2516 1299 2574 betielten
1321 2516 1368 2573 die
1391 2516 1513 2586 riettiqe
1531 2515 1668 2586 Zdhlanp
1685 2515 1738 2571 bei.
1776 2515 1932 2571 Neehdem
1948 2515 2027 2572 disse

471 2635 513 2676 sie
534 2618 622 2677 Eride
644 2617 694 2678 des
717 2620 750 2680 J.
774 2623 839 2680 952
861 2621 968 2679 wieder
990 2620 1143 2693 eligentem
1166 2618 1394 2692 oufqeeiommea
1416 2619 1534 2678 worden
1556 2637 1627 2688 war,
1654 2619 1770 2674 tureelrte
1793 2617 1841 2674 die
1863 2618 2026 2690 Reehnenp

471 2720 522 2779 des
544 2720 611 2780 BA.
634 2725 778 2782 eondeitst
800 2726 835 2782 ia
857 2725 1009 2782 einzelnen
1030 2723 1138 2781 Fdllen
1160 2722 1268 2781 wieder
1289 2720 1356 2793 auf,
1380 2721 1781 2781 umeadliehseit951oon
1796 2720 1876 2778 allen
1891 2721 2026 2779 Notoren

472 2823 581 2898 befolpt
602 2844 643 2884 ru
665 2828 790 2887 werdae.

574 3046 613 3111 In
640 3049 772 3112 nomine
802 3057 914 3133 sancte
941 3059 974 3114 et
1000 3047 1167 3133 individue
1197 3050 1361 3114 trinitatis.
1407 3047 1485 3113 Otto
1510 3049 1620 3113 divina
1648 3047 1827 3112 auxiliante
1851 3047 2025 3112 clementia
2041 3065 2071 3112 so

365 3173 436 3216 rex.
524 3151 684 3215 Noverint
707 3173 819 3216 omnes
842 3152 955 3216 fideles
977 3155 1080 3218 nostri
1103 3163 1269 3238 presentes
1293 3151 1418 3216 scilieet
1440 3161 1472 3215 et
1497 3151 1612 3232 futuri,
1647 3149 1786 3235 qualiter
1807 3173 1870 3214 nos
1893 3150 2024 3215 cuidam

366 3255 486 3319 clerico
510 3255 665 3320 Liuthere
687 3266 806 3321 vocato
830 3279 869 3321 ac
892 3267 1004 3322 nostro
1033 3255 1121 3321 fideli
1151 3256 1310 3342 quasdam
1338 3277 1389 3319 res
1418 3255 1626 3340 proprietatis
1650 3250 1693 3317 ad
1715 3253 1890 3336 ecclesiam
1918 3255 2022 3317 saneti

366 3359 500 3423 Nazarii
524 3381 585 3444 que
609 3369 658 3424 est
679 3361 714 3424 in
734 3359 809 3425 loeo
833 3361 1037 3426 Lauresham
1060 3371 1248 3445 nuncupato
1279 3369 1468 3424 constructa
1496 3361 1708 3443 pertinentes,
1742 3341 2023 3423 ubi'venerabilis

366 3465 542 3548 episcopus
565 3473 662 3550 atque
685 3463 790 3529 abbas
805 3465 984 3550 Euergisus
1007 3468 1139 3529 nomine
1162 3486 1291 3549 preesse
1315 3462 1510 3545 dinoscitur,
1533 3465 1567 3526 in
1588 3461 1769 3545 legitimum
1791 3461 2022 3526 concambium

364 3566 429 3630 hoc
451 3577 561 3650 nostre
585 3569 788 3633 auctoritatis
811 3577 965 3654 precepto
990 3591 1092 3654 usque
1115 3567 1277 3631 adfinem
1302 3590 1358 3651 sue
1381 3570 1447 3652 vite
1473 3567 1608 3630 firmiter
1636 3567 1858 3630 concessimus
1865 3616 1874 3649 ,
1907 3564 1944 3630 id
1973 3576 2022 3630 est
2038 3582 2068 3629 ro

366 3669 522 3755 quiequid
548 3671 583 3734 in
609 3669 690 3734 villa
718 3670 1016 3756 Hemmingesbaeh
1045 3673 1214 3735 nominata
1245 3673 1279 3734 in
1309 3693 1395 3756 pago
1418 3672 1628 3754 Rinecgouue
1655 3672 1690 3734 in
1711 3671 1869 3734 comitatu
1892 3667 2019 3734 Vdonis

365 3775 495 3838 comitis
517 3773 638 3839 habere
661 3773 868 3858 videbamur,
904 3798 978 3840 cum
1003 3775 1153 3839 omnibus
1178 3776 1376 3861 appenditiis
1399 3785 1430 3837 et
1452 3774 1643 3837 adiacentiis
1668 3773 1734 3837 suis
1757 3774 1840 3836 iuste
1862 3771 2020 3856 legitime-

365 3897 428 3961 que
451 3875 527 3941 illuc
551 3877 797 3962 pertinentibus.
836 3880 983 3943 Eoontra
1003 3901 1081 3943 vero
1105 3881 1286 3963 recepimus
1310 3878 1351 3942 ab
1376 3877 1491 3940 eodem
1514 3876 1683 3941 Liuthario
1708 3877 1865 3962 quicquid
1886 3878 1920 3940 in
1943 3876 2020 3940 villa

365 3975 565 4042 Widerestat
593 3978 707 4044 habuit
735 3990 833 4066 atque
861 3980 1008 4067 possedit
1036 3991 1069 4045 et
1095 3983 1129 4044 iu
1158 3980 1344 4044 Hirezbach
1368 3991 1399 4044 et
1421 3983 1454 4044 iu
1477 3980 1534 4044 illa
1556 3979 1690 4044 marcha
1713 4002 1777 4068 que
1800 3990 1849 4044 est
1877 3982 1911 4043 in
1934 4002 2019 4066 pago

364 4079 624 4166 Lobotengouue
647 4084 680 4146 in
704 4086 860 4149 comitatu
883 4082 1027 4149 Clinradi
1051 4086 1196 4166 comitis,
1227 4085 1261 4147 in
1283 4083 1362 4147 villa
1384 4083 1603 4149 Suuabeheim
1625 4093 1657 4147 et
1678 4082 1909 4169 Eppilenheim
1931 4086 2017 4147 etin
2036 4098 2068 4145 30

366 4182 615 4250 Graninesheim
638 4208 712 4251 cum
736 4188 886 4254 omnibus
910 4189 1107 4275 appenditiis
1135 4187 1212 4253 illue
1234 4187 1383 4271 legaliter
1405 4189 1447 4252 ad
1470 4189 1651 4273 prescripta
1674 4185 1749 4251 loca
1771 4186 2017 4272 pertinentibus

362 4286 520 4353 Iussimus
544 4311 673 4376 quoque
695 4290 771 4355 iude
793 4292 856 4356 hoo
879 4315 1013 4378 presens
1036 4303 1227 4378 preceptum
1249 4290 1410 4356 conscribi
1440 4313 1498 4376 per
1526 4289 1616 4375 quod
1641 4289 1791 4355 volumus
1822 4291 2019 4378 firmiterque

362 4389 526 4474 iubemus,
560 4402 596 4456 ut
624 4404 822 4460 memoratus
846 4396 999 4461 Liuthere
1023 4395 1062 4459 de
1084 4395 1134 4459 his
1158 4394 1308 4459 omnibus
1331 4405 1444 4460 nostro
1468 4393 1556 4460 dono
1586 4393 1646 4458 sibi
1675 4397 1709 4457 in
1737 4393 1922 4477 legitimum
1944 4419 2020 4460 con-

362 4493 526 4560 cambium
549 4500 717 4561 concessis
740 4501 896 4564 securiter
917 4500 1112 4585 pertinetur,
1141 4498 1297 4585 quamdiu
1318 4501 1417 4582 vivat,
1441 4520 1540 4564 manu
1563 4499 1696 4583 propria
1717 4507 1834 4562 nostra
1856 4499 2019 4564 firmatum

362 4597 524 4685 anuloque
547 4611 658 4665 nostro
684 4601 871 4686 sigillatum.
2037 4621 2068 4668 35

465 4771 601 4857 Signum
624 4774 735 4839 domni
759 4773 889 4840 Ottonis
913 4775 978 4858 (M.)
1000 4778 1204 4842 invictissimi
1228 4778 1323 4862 regis.

464 4893 554 4957 Brun
576 4895 791 4961 cancellarius
815 4897 965 4963 advicem
987 4900 1239 4986 archicapellani
1262 4900 1419 4964 Friderici
1442 4901 1627 4985 recognovi.

463 5066 554 5131 Data
569 5085 619 5132 111.
635 5067 703 5132 kal.
718 5091 799 5134 mar.
823 5091 910 5136 anno
933 5072 1167 5136 incarnationis
1190 5071 1313 5136 domini
1336 5087 1571 5156 nccccxnvm,
1595 5072 1771 5137 indictione
1789 5091 1839 5156 vr,
1864 5087 2027 5160 regnante

360 5171 415 5255 pio
439 5192 515 5252 rege
539 5169 659 5235 Ottone
682 5194 768 5238 anno
792 5191 877 5256 xm3
900 5185 1009 5240 actum
1033 5174 1139 5259 Sales.
1839 5193 1842 5198 “

462 5375 503 5429 15.
533 5375 651 5445 [Sickell.
