4560 6420
438 392 502 458 240
1035 399 1484 458 KAISERURKUNDEN.

437 583 537 666 alote]
562 593 734 649 exaratum
756 593 821 666 est,
855 591 1108 648 construxerunt
1136 585 1385 664 monasterium,
1416 591 1575 667 quatenus
1604 581 1752 666 predicta
1776 576 2020 666 Vuicpvrahc
2045 575 2128 641 illud

437 687 641 752 eclesiastico
665 687 846 772 possideret
868 689 936 751 iure
959 708 1061 771 usque
1084 685 1237 750 advitae
1260 685 1347 750 illius
1372 685 1496 751 obitum
1518 697 1551 750 et
1572 695 1697 770 postea,
1721 684 1882 772 quandiu
1896 693 1910 722 ⁰
1935 683 1977 747 in
2003 681 2128 746 eodem

436 794 633 857 monasterio
658 791 699 856 de
720 793 823 878 ipsius
847 790 1002 856 antedicti
1026 787 1171 854 Hoholdi
1194 789 1349 874 progenie
1372 788 1483 874 aliqua
1503 788 1728 854 huiuscemodi
1756 789 1908 854 honoris
1940 786 2056 871 dig-na
2080 787 2127 849 in-

437 897 595 978 veniatur,
618 917 825 982 nequaquam
848 894 913 958 alia
936 893 1088 977 eligatur3
1111 902 1146 956 at
1168 893 1195 956 si
1217 891 1308 956 nulla
1330 891 1419 978 quod
1441 891 1528 956 absit
1549 915 1608 978 per
1629 893 1729 977 longa
1745 915 1926 957 annorum
1948 889 2128 954 curricula

436 997 618 1062 futurorum
641 996 681 1061 de
704 997 818 1062 eadem
840 995 1014 1080 geneloia⁰
1036 997 1069 1059 in
1093 994 1208 1060 eodem
1231 997 1430 1060 monasterio
1454 994 1497 1059 ad
1520 997 1682 1081 prefatum
1704 996 1844 1062 honoris
1867 1005 2159 1081 promoveaturs

436 1101 574 1187 gradum
603 1102 739 1183 femina,
773 1111 851 1165 tunc
882 1108 1078 1186 potestatem
1107 1098 1251 1163 habeant
1278 1098 1318 1163 de
1346 1099 1413 1163 alia
1441 1101 1523 1163 inter
1553 1123 1587 1164 se
1609 1102 1765 1165 nutritam
1794 1101 1908 1185 stirpe
1935 1098 2127 1184 elegendi‘

435 1205 655 1287 abbatissam3
689 1215 721 1269 et
749 1207 776 1269 si
805 1207 921 1268 iterum
952 1202 993 1266 de
1021 1201 1198 1288 pretitulati
1222 1201 1367 1267 Hoholdi
1397 1201 1533 1267 radioe‘l
1562 1204 1674 1290 aliqua
1706 1205 1891 1268 revirescit
1929 1202 2064 1268 mulier
2093 1204 2127 1266 in

436 1309 603 1374 antedicto
626 1311 823 1375 monasterio
846 1309 969 1373 nutrita
991 1317 1024 1370 et
1046 1306 1173 1372 adhoc
1198 1306 1307 1390 digna,
1331 1305 1371 1370 de
1395 1308 1462 1370 suis
1485 1305 1675 1391 parentibus
1698 1315 1945 1371 constructum
1973 1315 2127 1390 potesta·

435 1414 502 1476 tive
530 1413 699 1499 possideat
726 1413 968 1478 monasterium.
1012 1411 1153 1475 Proinde
1182 1413 1392 1475 sanccimus⁰
1420 1413 1651 1476 monasterium
1679 1411 1767 1497 quod
1796 1413 1871 1475 iam
1899 1413 1940 1474 in
1966 1421 2128 1475 nostram

435 1519 618 1602 recepimus
646 1516 797 1600 tutelam,
833 1525 868 1580 ut
894 1514 1003 1579 nullus
1032 1513 1133 1579 iudex
1163 1515 1314 1601 puplicus
1341 1538 1400 1579 nec
1422 1515 1541 1601 aliquis
1564 1537 1606 1578 ex
1629 1512 1802 1578 iudiciaria
1825 1523 2019 1598 potestate
2044 1513 2128 1579 illud
2145 1529 2172 1576 ro

435 1618 578 1706 ingredi,
607 1620 732 1707 aliquid
760 1619 951 1685 iudiciariae
980 1618 1151 1703 potestatis
1180 1617 1384 1683 exercendae
1412 1620 1446 1682 in
1469 1618 1555 1682 villis
1577 1627 1635 1681 aut
1662 1617 1828 1704 aliquibus
1862 1617 1963 1682 locis
1995 1609 2130 1704 prefate

436 1723 563 1788 collatis
587 1723 746 1788 aeclesiae
768 1722 890 1787 habeat
912 1731 1107 1808 potestatem
1130 1721 1182 1785 vel
1205 1723 1239 1786 in
1260 1722 1368 1787 futuro
1393 1721 1617 1804 conferendis,
1647 1722 1709 1785 nisi
1739 1723 1814 1806 ipsc
1839 1719 1993 1786 Hoholt
2029 1745 2131 1808 quem

436 1827 634 1892 advocatum
656 1849 759 1914 usque
781 1825 824 1890 ad
846 1827 933 1889 vitae
957 1826 1025 1889 eius
1049 1823 1229 1889 discessum
1251 1833 1284 1889 et
1305 1833 1381 1911 post
1397 1825 1484 1889 illius
1507 1825 1633 1890 obitum
1650 1825 1729 1906 eius,
1753 1826 1779 1888 si
1799 1823 1918 1888 habet
1940 1827 1972 1889 si
1995 1823 2099 1910 h[a]b
2112 1824 2131 1908 ¹,

435 1929 548 2012 filium,
573 1930 599 1993 si
622 1951 688 1994 non
710 1928 820 2010 habet,
842 1929 951 1993 fratris
975 1929 1044 1993 eius
1068 1927 1171 1992 filium
1193 1937 1226 1991 et
1249 1930 1305 2010 sio,
1329 1925 1408 1991 dum
1431 1927 1576 1993 seculum
1599 1927 1666 2009 fiat,
1690 1926 1730 1991 de
1751 1927 1845 1992 illius
1868 1930 2043 2012 germine
2060 1931 2131 1994 fore

436 2034 657 2120 disposuimus
680 2034 888 2117 advocatum,
912 2043 944 2098 ct
965 2055 1026 2099 neo
1049 2032 1105 2097 illo
1128 2055 1188 2097 neo
1212 2032 1321 2120 aliquo
1344 2032 1468 2096 homini
1492 2035 1689 2118 potestativa
1711 2034 1982 2099 constriccione
2009 2035 2174 2123 adqui-15

436 2140 535 2203 situm
565 2137 679 2203 nulla⁰
711 2138 788 2202 inde
822 2137 1016 2203 conficiatur
1048 2137 1224 2201 servitium.
1269 2137 1314 2200 Et
1336 2145 1397 2200 ut⁸
1425 2136 1506 2200 haee
1534 2146 1647 2201 nostra
1676 2136 1867 2200 auctoritas
1908 2139 2057 2204 firmius
2090 2139 2131 2204 ab

437 2240 588 2306 omnibus
610 2240 810 2324 crederetur,
838 2240 922 2305 hauc
946 2241 1076 2306 kartam
1098 2243 1252 2306 iussimus
1275 2239 1423 2325 ascr[ib]i
1445 2243 1610 2328 anuloque
1632 2253 1743 2307 nostro
1767 2244 1986 2328 consignari
2013 2268 2133 2311 manu·

436 2368 499 2432 que
520 2354 633 2410 nostra
655 2345 789 2431 propria
811 2342 1042 2410 decrevimush
1065 2344 1282 2411 corroborari.

538 2479 552 2560 1
574 2481 710 2568 Signum
733 2483 844 2549 domni
870 2484 959 2566 (MP.)
985 2483 1116 2549 Ottonis
1140 2484 1337 2549 serenissimi
1359 2484 1455 2568 regis.
1478 2486 1493 2568 ξ

537 2583 551 2664 1
574 2586 729 2673 Otpertus
752 2587 969 2653 cancellarius
991 2588 1140 2652 advioem
1163 2588 1323 2652 Prunonis
1346 2588 1523 2670 recognovi
1539 2596 1571 2650 et
1586 2583 1805 2672 subscripsi.¹¹
1830 2590 1846 2673 ξ
1873 2591 1946 2671 (SI.
1968 2594 2017 2674 1.)
2046 2597 2132 2676 (SR)
2149 2612 2177 2660 ao

537 2725 626 2790 Data
650 2745 710 2792 vn.
733 2726 801 2792 kal.
824 2726 977 2791 novemb.
1006 2749 1093 2791 anno
1120 2727 1355 2791 incarnationis
1384 2724 1509 2790 domini
1537 2723 1640 2790 nostri
1669 2723 1744 2788 Iesu
1767 2720 1908 2791 Christi
1943 2745 2132 2814 Decccnu,

437 2828 613 2894 ndictione
637 2847 671 2913 x,
695 2853 781 2895 anno
805 2831 895 2915 regni
920 2829 1051 2896 Ottonis
1075 2831 1160 2915 regis
1183 2847 1261 2912 xv13
1284 2839 1393 2894 actum
1416 2828 1645 2911 Vualahusvn3
1668 2827 1812 2891 feliciter
1837 2852 1966 2898 amen.

1218 3070 1304 3145 159.

444 3223 524 3302 Otto
560 3226 701 3302 sclsealct
735 3226 814 3300 dem
849 3226 994 3300 Kloster
1029 3226 1089 3300 das
1123 3226 1157 3299 Ιι.
1188 3226 1307 3298 Moriz
1343 3252 1388 3299 zu
1419 3225 1646 3324 Maydeburp
1676 3224 1747 3297 deo
1774 3225 1858 3300 darn
1888 3257 1978 3305 voss
2007 3237 2132 3308 seinsr

439 3348 553 3420 Tanto
584 3348 676 3421 Uota
701 3349 944 3447 tiberqebeneo
971 3349 1089 3422 Besitz
1114 3374 1159 3421 zu
1185 3347 1375 3421 Devester.
1527 3381 1701 3454 mmm
1724 3387 1791 3445 952
1814 3386 2007 3451 December
2030 3399 2085 3454 30.
2146 3398 2175 3445 ᾖ

541 3575 789 3649 Oriqioaldtplom
810 3577 853 3634 im
874 3576 902 3634 k.
926 3575 1130 3636 Stootsorcbio
1150 3593 1191 3632 aa
1213 3572 1320 3632 Berlin
1344 3570 1407 3651 (A).

537 3714 653 3772 Leooer
673 3713 809 3788 Disquis.
834 3714 972 3787 stupratae
994 3713 1103 3774 Sason.
1128 3715 1212 3772 1595
1236 3729 1293 3770 aas
1315 3710 1352 3769 Α.
1375 3745 1418 3754 -
1440 3710 1543 3784 Iolaia
1557 3710 1626 3771 ΒΑ.
1644 3707 1708 3784 10⁶,
1731 3716 1799 3773 342
1816 3722 1858 3774 πθ
1875 3723 1898 3778 9
1925 3740 1975 3780 zu
1993 3727 2063 3784 954
2088 3748 2127 3776 =

535 3816 673 3875 Bondom
687 3815 739 3875 Oh.
754 3817 791 3877 B.
807 3835 866 3875 oon
884 3816 1063 3875 Gelderlond
1078 3821 1107 3886 1,
1125 3819 1163 3874 61
1181 3822 1215 3873 πθ
1230 3818 1281 3874 51.
1298 3848 1339 3857 —-
1353 3814 1434 3887 Orio
1451 3813 1552 3886 (iucif.
1569 3819 1598 3884 4,
1616 3819 1678 3874 395
1694 3822 1758 3875 9⁰1
1776 3837 1840 3879 aas
1855 3820 2055 3898 Claudatur,
2073 3832 2127 3886 mit

537 3919 594 3980 kal.
611 3920 668 3979 iun.
684 3938 710 3979 a.
728 3921 784 3980 inc.
808 3933 989 3991 nccccxm,
1014 3921 1073 3979 ind.
1091 3934 1162 3990 xiv,
1187 3937 1212 3978 a.
1231 3938 1253 3977 r.
1272 3933 1317 3980 v1.
1342 3952 1385 3962 -
1408 3917 1505 3989 Hofer
1522 3919 1662 3978 zeitschr,
1686 3926 1717 3990 1,
1739 3925 1805 3980 365
1832 3931 1915 3986 ποθ
1943 3949 2010 3990 aas
2034 3934 2064 3990 Α
2086 3952 2126 3990 zu

536 4025 608 4083 953.
635 4056 672 4065 —
697 4022 781 4096 Jafft
801 4023 873 4084 DD.
897 4024 1099 4098 quadruplata
1122 4025 1141 4080 6
1163 4028 1197 4080 πθ
1219 4025 1238 4081 5
1262 4039 1318 4081 aas
1340 4022 1378 4081 A.
1406 4055 1443 4064 -
1468 4022 1547 4082 Stoet
1573 4019 1635 4081 OB.
1658 4040 1718 4080 aaa
1736 4023 1829 4082 θεῖνε
1856 4033 1904 4088 89
1931 4039 1974 4090 n⁰
1999 4040 2044 4095 94
2068 4055 2125 4094 aas
2141 4045 2170 4090 ao

536 4126 564 4183 Α
586 4146 626 4185 au
649 4129 721 4187 953.
745 4161 787 4170 -
809 4127 939 4186 Bdbmer
959 4128 1031 4201 seq.
1055 4131 1119 4188 106
1140 4146 1181 4186 ru
1204 4132 1264 4188 941
1289 4128 1416 4187 Jaauor
1437 4133 1467 4188 1.
1493 4160 1530 4169 -
1556 4126 1685 4201 Stamps
1702 4129 1775 4201 Rea.
1799 4135 1878 4193 232
1900 4156 1951 4196 zu
1978 4145 2059 4202 953.

539 4267 600 4326 Vos
629 4263 690 4325 ΒΟ.
720 4265 848 4337 osrfasst
875 4265 939 4324 und
966 4267 1020 4323 mit
1046 4264 1220 4324 Ausaotme
1241 4266 1295 4324 der
1314 4285 1371 4325 roa
1393 4265 1460 4325 BA.
1483 4267 1703 4325 berrathrenden
1727 4267 1808 4326 Zeila
1834 4271 1896 4330 der
1920 4276 2121 4352 koniyliehm

538 4369 736 4440 Urtterschrilt
755 4370 950 4442 yesdrnebon.
990 4369 1082 4428 Usber
1103 4369 1152 4428 dic
1166 4370 1353 4444 Eioreihonq
1375 4389 1416 4428 ro
1439 4371 1503 4430 952
1523 4371 1599 4429 nach
1621 4371 1675 4428 der
1692 4371 1856 4444 doppelten
1877 4379 2120 4453 Tagesbmicp.

534 4493 618 4547 auno
640 4473 704 4532 aad
724 4473 801 4531 acob
823 4472 889 4531 deon
910 4472 1177 4546 Reyierrmquobre
1198 4489 1222 4531 s.
1247 4472 1343 4532 Stoboi
1364 4472 1458 4532 Beitr.
1482 4490 1540 4530 rur
1562 4473 1645 4546 Dipt
1671 4475 1699 4544 6,
1724 4477 1788 4532 439
1819 4479 1895 4536 mad
1921 4482 2040 4544 Mitth,
2070 4487 2119 4544 des

535 4585 639 4640 osterr.
662 4580 802 4638 Instituta
824 4581 861 4648 2,
883 4580 956 4651 275.
988 4610 1025 4620 -
1056 4577 1137 4637 Stetit
1158 4595 1224 4636 ouo
1251 4577 1310 4648 sest
1340 4575 1448 4656 (Strbel
1469 4576 1564 4635 Beda
1590 4579 1624 4646 6,
1648 4574 1723 4654 408)
1752 4576 1827 4637 dass
1860 4582 1933 4644 ΒΟ.
1971 4589 2043 4648 hier
2072 4590 2121 4648 aaa
2136 4597 2165 4644 ss

534 4686 589 4743 seit
612 4683 729 4741 Jotren
750 4683 932 4740 serstorbeac
952 4681 1069 4756 Aedqid
1089 4687 1182 4741 amnt
1204 4683 1277 4741 ohne
1299 4677 1354 4742 dos'
1376 4683 1490 4741 attiche
1516 4681 1618 4742 beatae
1640 4683 1794 4741 memoriae
1826 4685 2052 4767 beimsaym,
2087 4714 2119 4754 so

534 4789 575 4846 ist
597 4787 672 4846 auct
695 4786 747 4844 der
775 4785 860 4844 letata
881 4802 937 4844 oon
958 4786 1066 4844 Fictor
1087 4786 1184 4846 Beitr.
1206 4790 1243 4858 2,
1268 4789 1331 4847 508
1357 4789 1507 4860 qessmohte
1533 4787 1661 4846 Versocb
1689 4785 1792 4845 diesen
1820 4789 1991 4856 Umstand
2024 4800 2118 4860 duret

535 4890 584 4948 dte
598 4888 755 4948 Amsahme
776 4907 817 4948 zu
839 4889 982 4960 erklltren,
1007 4889 1077 4949 dass
1100 4890 1152 4949 der
1172 4891 1244 4949 Text
1267 4890 1318 4948 des
1334 4889 1374 4950 D.
1398 4891 1486 4948 schoa
1506 4908 1548 4948 au
1562 4889 1718 4948 chaeiten
1741 4889 1795 4948 cler
1817 4900 1928 4956 ersten
1950 4901 2119 4964 Gemmas

538 4993 619 5052 Ottos
648 4993 697 5051 dte
718 4994 828 5067 jetaba
856 4993 997 5067 Fasstmq
1027 4995 1159 5053 erholten
1188 4995 1262 5053 habe
1292 4992 1362 5052 oder
1391 4993 1460 5052 dass
1484 4995 1670 5052 assistam
1692 4993 2004 5080 Neaocsscstiquny
2028 5013 2119 5067 unser

535 5095 707 5167 toufeadem
728 5096 1019 5168 Prolatos-handle,
1050 5117 1090 5157 aa
1115 5098 1285 5169 amasco.
1330 5097 1438 5156 Fictcr
1459 5099 1591 5156 oawesst
1612 5097 1756 5168 adralisti,
1791 5117 1889 5161 rosan
1914 5111 2003 5168 ands
2026 5118 2119 5172 „mer
2133 5123 2164 5170 to

535 5200 622 5258 ollem
645 5200 811 5271 Verbebatt,
845 5199 908 5271 auf
926 5201 981 5258 dea
1003 5200 1145 5260 Abdrock
1167 5203 1201 5259 in
1222 5201 1279 5260 den
1304 5200 1383 5274 Oria
1407 5201 1507 5272 (laets.
1531 5203 1585 5259 mit
1609 5201 1665 5260 dea
1687 5201 1758 5258 oben
1781 5211 2011 5280 aoqeyebenm
2039 5219 2117 5276 Μ.

534 5303 716 5363 merlomolen
744 5303 808 5362 mad
836 5305 998 5363 veromtbet
1028 5304 1096 5364 dosa
1125 5306 1186 5364 sich
1216 5307 1251 5363 in
1272 5305 1383 5364 diesem
1404 5305 1524 5364 Dmokc
1547 5304 1594 5362 die
1615 5305 1850 5378 urspranyliche
1876 5313 2119 5396 Aussmjyffl

521 5489 577 5545 158.
604 5490 672 5554 e)A
775 5490 1024 5558 dleeomome
1129 5489 1448 5558 assummum
1551 5489 2119 5571 bdercbrsa‘bsrmhmfffflpoegf,

604 5559 801 5626 Wiederliolsmq
819 5560 900 5623 molor,
927 5561 1007 5610 broch
1024 5561 1073 5610 dtu
1089 5560 1252 5627 tiberflttm'ye
1271 5561 1340 5612 Wort
1358 5561 1399 5622 ab,
1424 5559 1560 5611 amatim
1577 5562 1638 5612 aber
1660 5563 1682 5610 si
1700 5559 1754 5610 hab
1778 5579 1812 5612 au
1831 5566 1925 5633 ts'lyen
2042 5583 2071 5646 g)
2090 5586 2119 5630 ης

602 5630 664 5681 dher
681 5630 728 5680 cler
745 5629 815 5680 bile
830 5629 1018 5695 noctque-apen
1121 5630 1150 5696 b)
1168 5631 1212 5681 die
1234 5629 1323 5680 letales
1347 5630 1431 5680 Worte
1452 5630 1508 5680 and
1529 5629 1688 5696 desplss‘claen
1711 5631 1755 5680 ein
1782 5631 1868 5686 Thea‘l
1894 5641 1949 5692 de,
1967 5646 2118 5714 solym
2133 5648 2163 5698 45

597 5701 748 5768 ,subscripsi
764 5715 823 5752 vena
840 5698 926 5765 Sieqel
942 5697 1068 5752 maes.
