4576 6420
910 430 1081 487 0'rT01.
1107 426 1179 487 962.
1496 423 1503 432 ’
1805 426 1865 490 331

220 611 293 674 dem
323 625 491 674 concedimus
520 624 649 674 donamus
678 631 757 690 atque
786 625 911 690 largimur
940 632 966 676 et
993 627 1025 676 de
1048 633 1137 676 nostro
1160 629 1217 676 iure
1240 633 1266 676 et
1289 627 1404 678 dominio
1427 630 1454 676 in
1478 631 1632 679 eorumius
1656 637 1682 679 et
1704 622 1867 690 dlolmininm

220 731 327 779 omniuo
350 729 558 779 transfundimus
580 745 611 778 ac
634 719 795 794 deleglamus
817 744 872 780 nna
894 745 954 779 cum
980 731 1048 780 casis
1077 722 1258 790 sedilminibus
1286 733 1385 796 campis
1415 723 1508 791 [terris]
1538 735 1622 783 vincis
1650 735 1734 798 pratis
1763 735 1868 798 pascuis
1938 757 1946 772 ι

220 832 294 881 silvis
316 834 393 896 aquis
415 847 595 897 aquarumque
618 833 773 882 decursibus
796 833 954 892 molendinis
976 835 1167 898 piscationibus
1190 835 1324 885 montibus
1346 835 1461 886 vallibus
1486 838 1646 901 planitiebus
1669 841 1752 890 servis
1774 845 1801 888 et
1823 853 1868 886 an-

222 937 290 987 cillis
313 936 464 986 aldionibus
487 943 513 985 et
535 907 648 986 alrlianis
670 938 825 1001 cunctisque
848 937 927 986 rebus
950 941 977 986 et
999 936 1105 986 familiis
1127 939 1196 988 iuste
1219 943 1245 988 et
1267 939 1387 1004 legaliter
1411 940 1445 989 ad
1468 942 1572 1012 easdem
1586 921 1587 926 ¹
1602 949 1687 993 cortes
1715 943 1868 1007 pertinenti-

187 1043 271 1090 bbus
294 1045 320 1091 et
342 1041 544 1104 respicientibus
574 1041 601 1089 in
630 1041 776 1105 integrum,
810 1045 941 1106 quatenus
968 1042 1088 1090 canonici
1111 1043 1138 1090 iu
1161 1042 1272 1092 ecclesia
1294 1043 1366 1092 beati
1387 1044 1497 1094 Martini
1519 1044 1568 1094 deo
1591 1046 1749 1096 famulantes
1772 1051 1799 1095 et
1821 1060 1868 1108 pro

221 1145 360 1193 animabus
388 1131 535 1213 superius
557 1130 733 1193 nominalis
763 1149 789 1193 et
819 1160 866 1208 pro
897 1145 975 1194 nobis
1004 1128 1099 1194 (1611111
1129 1151 1267 1195 exorantes
1293 1147 1409 1211 prefatas
1432 1155 1600 1201 cortoscum
1623 1151 1746 1199 omnibus
1768 1149 1869 1199 adeas

222 1249 415 1312 pertinentibus
438 1248 464 1295 in
488 1249 619 1312 integrum
649 1231 712 1296 11118
739 1231 982 1314 6011661111111181,
1017 1255 1047 1297 111
1069 1248 1184 1298 habeant
1207 1255 1314 1300 teneant
1335 1250 1495 1318 firmiterque
1518 1254 1678 1317 possideant.
1724 1255 1870 1303 Statuimue

222 1357 252 1400 ut
274 1353 413 1416 episcopus
435 1350 487 1399 loci
510 1350 610 1400 nullam
633 1364 765 1414 quoquam
788 1352 816 1398 in
839 1356 956 1414 ternpore
985 1351 1017 1400 de
1043 1352 1152 1416 prefatis
1182 1355 1300 1403 cortibus
1329 1361 1485 1419 potestatem
1514 1357 1612 1407 babeat
1640 1373 1725 1422 neque
1754 1357 1815 1406 inde
1842 1371 1870 1404 se
1942 1344 1943 1348 ¹

222 1456 379 1504 intromittat
401 1455 451 1502 uisi
475 1453 509 1502 ad
532 1455 719 1503 canonicorum
741 1454 871 1503 auxilium
893 1459 919 1503 et
942 1443 1128 1515 salvationem,
1164 1461 1190 1504 et
1212 1457 1234 1504 si
1256 1457 1327 1520 quod
1350 1458 1419 1507 absit
1441 1473 1458 1507 a
1480 1463 1609 1522 potestate
1636 1475 1727 1509 eorum
1754 1459 1870 1522 prefatas

172 1558 204 1603 10
223 1563 308 1607 cortes
330 1573 390 1607 eum
413 1557 536 1606 omnibus
559 1555 593 1604 ad
615 1572 643 1606 se
665 1557 858 1620 pertinentibus
881 1558 1021 1621 episeopus
1045 1557 1096 1606 loci
1119 1565 1166 1608 aut
1187 1557 1259 1608 ullus
1274 1561 1382 1609 invasor
1396 1562 1486 1611 tulerit
1502 1567 1548 1612 aut
1564 1546 1687 1632 aliquid
1703 1562 1871 1621 subtraxerit,
1930 1537 1932 1540 Ι
1993 1579 1996 1586 ’

223 1669 286 1712 tunc
309 1662 451 1711 deveniant
473 1663 500 1710 in
522 1677 539 1708 a
562 1665 718 1724 potestatem
740 1645 833 1709 (lucis
856 1654 889 1710 61
910 1643 1108 1709 marchionis
1132 1645 1222 1729 Luce}
1245 1647 1397 1732 civitatis,
1425 1664 1517 1714 tandiu
1540 1665 1625 1715 donec
1646 1665 1707 1714 talis
1730 1665 1871 1728 episcopus

223 1766 324 1814 venerit
354 1766 401 1829 qui
428 1764 543 1829 prefatas
575 1769 661 1813 cortes
689 1764 717 1812 in
745 1764 802 1813 iure
832 1769 858 1812 et
886 1769 1016 1828 potestate
1043 1764 1230 1813 canonicorum
1254 1781 1311 1815 esse
1332 1769 1474 1830 permittat.
1518 1769 1641 1834 Denique
1664 1774 1690 1818 et
1712 1768 1815 1832 plebem
1839 1768 1872 1817 de

224 1869 391 1934 Sngrominio
414 1871 442 1918 in
463 1869 563 1919 honore
586 1870 670 1918 sancti
693 1869 831 1918 Laurentii
861 1875 1039 1919 constructam
1068 1884 1148 1934 quam
1171 1869 1309 1920 Conradus
1337 1854 1482 1919 eiusdem
1504 1857 1646 1920 civitatis
1676 1863 1817 1936 episcopus
1839 1887 1871 1920 ex

224 1979 298 2038 parte
326 1973 453 2038 episcopii
482 1972 541 2022 loco
569 1977 663 2037 quarte
692 1973 820 2036 portionis
849 1989 881 2022 ex
911 1973 1018 2022 decimis
1040 1973 1157 2039 predicte
1181 1974 1307 2039 canonice
1330 1975 1357 2022 in
1380 1989 1457 2023 usum
1481 1980 1507 2024 et
1529 1981 1662 2038 sumptum
1685 1976 1872 2024 canonicorum

174 2083 204 2128 lb
224 2093 270 2141 per
293 2077 419 2140 scriptum
441 2076 585 2137 concessit,
609 2090 655 2139 per
677 2075 727 2124 boe
750 2080 869 2125 nostrum
891 2083 1042 2140 preceptum
1066 2077 1251 2128 confirmamus
1274 2084 1300 2128 et
1321 2079 1535 2140 corroboramus,
1562 2085 1708 2130 statuentes
1730 2085 1760 2128 ut
1782 2077 1872 2128 nullus

224 2179 406 2243 episcoporum
429 2179 540 2229 eandem
562 2178 667 2242 plebem
689 2193 705 2226 a
727 2183 858 2242 potestate
881 2181 1067 2230 canonicorum
1090 2181 1182 2231 tollere
1205 2188 1347 2246 presumat.
1390 2182 1431 2231 De
1454 2187 1541 2246 cetero
1565 2183 1646 2232 totius
1673 2182 1773 2231 ordinis
1795 2196 1872 2230 cano·

224 2282 298 2330 nicos
327 2281 511 2346 promptasque
540 2285 625 2330 corros
655 2283 681 2328 et
708 2279 812 2342 plebem
842 2276 939 2352 atque
969 2290 1079 2332 omnes
1108 2267 1237 2333 illorum
1261 2269 1448 2334 offersiones
1476 2291 1696 2355 quascumque
1724 2268 1873 2334 homines

224 2367 365 2452 religiosi
395 2391 453 2454 pro
482 2357 655 2433 animabus
685 2367 884 2452 pare[n]tum
913 2392 1044 2434 suorum
1073 2373 1107 2435 in
1136 2370 1251 2436 codem
1279 2371 1352 2436 loco
1376 2370 1534 2436 dederunt
1556 2371 1607 2436 vel
1632 2372 1719 2458 quod
1741 2373 1872 2436 inantea

225 2472 345 2537 ibidem
369 2471 474 2536 daturi
499 2481 587 2554 811111,
622 2503 682 2537 cum
706 2488 828 2537 omnibus
851 2488 930 2538 rebus
954 2494 980 2539 et
1000 2488 1108 2539 familiis
1131 2489 1164 2538 ad
1187 2490 1291 2540 easdem
1314 2496 1399 2541 cortes
1423 2497 1448 2540 et
1471 2491 1574 2556 plebem
1604 2498 1661 2540 8611
1685 2476 1873 2539 offersiones

174 2595 208 2642 20
226 2593 419 2655 pertinentibus
442 2598 602 2657 cunctasque
625 2608 666 2642 res
689 2597 716 2642 et
737 2592 851 2642 familias
873 2593 1061 2642 canonicorum
1084 2593 1133 2642 sub
1156 2597 1272 2642 nostram
1301 2593 1480 2644 defensionem
1502 2599 1529 2644 et
1550 2592 1747 2643 mnndburdum
1765 2592 1873 2658 ⁸recepi-

226 2711 284 2746 mus
307 2702 385 2762 atque
407 2697 582 2760 precipientes
604 2697 741 2759 iubemus,
775 2702 805 2746 ut
827 2696 917 2746 nullus
940 2695 994 2746 dux
1017 2697 1133 2746 marchio
1156 2713 1243 2748 comes
1266 2698 1406 2762 epiecopus
1429 2703 1475 2747 aut
1498 2697 1554 2746 ulla
1574 2697 1649 2762 regni
1671 2697 1755 2746 1101111
1777 2709 1874 2760 magna

226 2815 360 2865 parvaque
382 2815 495 2864 persona
517 2802 658 2850 canonicos
681 2802 709 2849 in
731 2800 845 2851 ecclesia
867 2800 938 2850 beati
960 2800 1068 2849 Martini
1091 2800 1140 2850 deo
1163 2802 1307 2851 servientes
1329 2801 1476 2866 inquietare
1501 2785 1553 2850 vel
1576 2785 1748 2850 molestare
1770 2775 1874 2850 ,audeat

227 2909 274 2955 aut
295 2904 327 2953 de
349 2904 458 2969 prefatis
481 2905 598 2954 cortibus
621 2911 647 2954 et
669 2904 746 2969 plebe
769 2888 821 2953 vel
843 2887 1067 2953 offersionibus
1091 2904 1229 2955 disvestire
1251 2909 1299 2954 aut
1320 2906 1483 2954 invasionem
1506 2904 1593 2954 facere
1615 2909 1750 2969 presumat
1772 2908 1819 2953 aut
1841 2903 1873 2952 de

227 3009 306 3058 rebus
330 3023 419 3056 eorum
442 3008 556 3072 propriis
579 3010 634 3058 siue
658 3007 737 3074 legali
759 3007 859 3057 iudicio
881 3007 1019 3058 disvestire
1042 3023 1088 3057 seu
1110 3014 1152 3056 ex
1175 3007 1282 3056 familiis
1304 3013 1421 3071 temptet,
1449 3006 1496 3058 sed
1517 3007 1597 3057 liceat
1620 3008 1658 3056 eis
1680 3005 1796 3071 prefatas
1818 3022 1873 3056 cor-

175 3117 209 3164 15
227 3117 267 3161 tes
290 3117 316 3161 et
338 3111 441 3174 plebem
464 3115 554 3160 tenere
576 3117 650 3159 cum
667 3098 753 3160 0111111
770 3095 941 3160 0116181011
965 3116 991 3159 et
1013 3125 1060 3174 pro
1083 3111 1227 3175 pretaxatis
1250 3111 1390 3160 animabus
1413 3115 1439 3160 et
1460 3111 1537 3160 uobis
1560 3110 1638 3160 deum
1661 3125 1769 3160 exorare
1785 3110 1874 3175 quiete

227 3230 259 3265 ac
281 3213 390 3278 pacifice
410 3215 499 3263 vivere
523 3213 594 3263 omui
617 3214 825 3264 contradictione
847 3218 955 3264 remota
1000 3213 1027 3262 Si
1049 3215 1108 3278 quis
1130 3215 1211 3279 igitur
1233 3215 1313 3264 huius
1336 3215 1452 3277 precepti
1475 3213 1589 3263 violator
1611 3214 1734 3276 extiterit,
1757 3214 1824 3266 sciat
1846 3228 1874 3262 se

228 3319 434 3384 compositurum
456 3317 515 3366 auri
537 3318 629 3381 optimi
652 3317 733 3367 libras
755 3322 874 3380 centum,
903 3316 1070 3366 medietatem
1093 3317 1198 3383 kamere
1221 3322 1309 3382 nostrq
1333 3322 1360 3367 et
1381 3317 1548 3368 medietatem
1572 3318 1705 3367 canonicis
1727 3318 1755 3365 in
1778 3331 1874 3366 memo-

228 3427 286 3473 rata
308 3421 419 3472 ecclesia
441 3435 488 3484 pro
512 3425 630 3484 tempore
652 3419 701 3469 deo
724 3419 923 3482 famulantibus,
946 3425 972 3470 et
993 3421 1102 3484 insuper
1124 3425 1213 3486 eterne
1236 3419 1412 3470 damnationis
1434 3434 1530 3486 penam
1552 3421 1670 3470 incurrat
1690 3426 1717 3469 et
1732 3435 1792 3469 cum
1807 3418 1875 3468 Iuda

228 3527 354 3576 traditore
375 3531 476 3590 partem
498 3526 527 3574 in
550 3523 592 3573 die
614 3523 706 3572 iudicii
727 3523 832 3574 habeat.
869 3524 905 3572 Et
927 3529 957 3572 ut
978 3524 1029 3574 hoe
1051 3528 1140 3590 nostre
1161 3523 1310 3589 largitionis
1332 3523 1430 3574 donum
1453 3529 1539 3573 ratum
1562 3525 1590 3573 in
1613 3529 1747 3588 posterum
1770 3529 1875 3573 maneat

177 3635 210 3681 30
229 3631 433 3696 diligentiusque
456 3629 489 3678 ab
513 3628 637 3679 omnibus
659 3628 821 3690 observetur,
844 3642 923 3676 manu
946 3629 1053 3693 propria
1075 3628 1229 3678 roborantes
1252 3628 1325 3677 anuli
1348 3629 1431 3677 1101111
1452 3628 1624 3692 impressione
1645 3627 1736 3677 subter
1754 3627 1874 3676 annotari

228 3734 361 3784 iussimus.

333 3872 468 3957 Signum
490 3870 602 3936 domni
625 3871 780 3936 Hottonis
803 3873 867 3952 (11.)
892 3873 1088 3937 serenissimi
1111 3873 1326 3958 imperatoris.

331 3995 517 4079 Liutgerius
540 3991 755 4058 cancellarius
778 3991 927 4058 advioem
941 3985 1104 4059 Brunonis
1127 3991 1407 4057 archicancellarii
1429 3993 1606 4076 recognovi
1630 4000 1662 4056 et
1685 3989 1873 4075 subscripsi.

331 4151 421 4215 Data
443 4168 492 4216 111.
517 4150 590 4215 idus
612 4150 721 4215 martii
744 4173 829 4214 auno
853 4149 1014 4234 dominice
1038 4151 1272 4214 incarnationis
1302 4163 1504 4230 1111101111,
1539 4168 1625 4210 anno
1646 4168 1725 4210 vero
1748 4145 1873 4230 imperii

180 4270 212 4316 so
231 4254 343 4319 domni
366 4253 496 4319 Ottonis
519 4254 634 4338 primo,
658 4251 833 4318 indictione
856 4270 895 4335 v3
918 4262 1029 4320 actum
1051 4252 1159 4337 Lueq3
1181 4252 1319 4317 feliciter
1341 4272 1446 4315 amen.

317 4441 376 4497 2³8.
403 4444 428 4506 1)
447 4440 593 4494 Β·-1)0.
612 4451 642 4493 H.
672 4441 707 4492 111
722 4441 770 4493 der
786 4441 840 4492 VU.
855 4449 895 4490 ll:
924 4445 954 4498 in¹
967 4445 1107 4508 ¹integrum
1129 4439 1246 4492 habeant
1267 4445 1376 4490 teneant
1393 4438 1554 4504 firmiterque
1576 4437 1742 4504 possideant3
1770 4439 1876 4501 insuper
1949 4503 1951 4508 ,

403 4514 482 4563 etiam
500 4519 599 4562 cortem
617 4511 759 4577 illamque
777 4512 868 4562 Massa
880 4511 977 4562 Grausi
997 4511 1100 4574 dicitur,
1119 4525 1198 4575 quam
1215 4516 1299 4559 mater
1317 4514 1407 4558 nostra
1425 4508 1457 4557 de
1475 4509 1558 4572 patris
1576 4508 1658 4556 nostri
1677 4521 1778 4570 suoque
1791 4507 1875 4570 pretio

402 4582 573 4645 comparavit,
591 4596 670 4646 quam
689 4583 767 4631 etiam
785 4597 833 4630 nos
853 4579 952 4630 dudum
970 4580 1071 4646 prefate
1090 4579 1201 4644 ecclesie
1219 4579 1292 4628 beati
1308 4577 1418 4627 Martini
1435 4579 1462 4625 iu
1480 4591 1557 4625 usum
1576 4581 1602 4624 et
1619 4580 1750 4638 sumptum
1769 4576 1876 4623 canoni·

403 4665 494 4700 corum
512 4666 559 4715 pro
578 4649 717 4700 animabus
734 4649 870 4700 Adulberti
888 4649 1047 4700 marchionis
1065 4649 1207 4714 matrisque
1224 4653 1313 4711 nostre
1331 4646 1410 4710 Bertq
1427 4661 1475 4710 per
1496 4643 1566 4693 banc
1590 4647 1678 4707 nostre
1700 4643 1876 4707 preceptionis

402 4721 526 4786 paginam
545 4718 728 4769 continuamus
746 4719 911 4784 pleniterque
929 4719 1137 4780 corroboramus,
1155 4723 1186 4766 ut
1202 4716 1319 4766 habeant
1336 4719 1444 4764 teneant
1460 4713 1619 4776 firmiterque
1637 4712 1798 4776 possideant
1823 4709 1878 4758 Der

403 4787 540 4838 Sohrsiber
556 4787 646 4852 0119111
663 4787 698 4837 D.
722 4786 767 4837 aar
790 4787 845 4837 oleo
868 4787 917 4838 das
941 4789 996 4838 11111
1019 4787 1135 4838 habeant
1156 4787 1202 4834 mu
1223 4783 1281 4834 ders
1304 4782 1404 4833 maan
1426 4780 1586 4832 0111111111
1608 4779 1663 4829 arrd
1685 4778 1729 4828 aar
1751 4795 1780 4828 ro
1804 4780 1877 4827 einen

403 4855 500 4906 Parate
516 4857 601 4906 1111111
617 4855 724 4921 Vorlope
740 4857 939 4921 dderepmnpera
