4560 6426
912 426 1105 482 KONRAD
1128 429 1152 484 1.
1174 426 1247 483 912.

1062 608 1098 684 8.

257 755 416 830 Kourod
431 758 572 833 solterrlrt
588 760 667 833 deur
686 759 827 835 Klostcr
843 762 966 837 Faldu
983 776 1088 838 canter
1102 767 1272 865 pewissea
1290 766 1554 868 Badiaprmpeo
1573 770 1643 842 dea
1658 769 1745 870 H⁰f
1759 771 1906 845 Trebra.

1459 893 1632 966 Franksurl
1655 897 1719 955 912
1742 895 1812 956 Juli
1835 898 1863 956 1.

363 1071 622 1146 Oriyiuuldiplom
647 1075 688 1132 im
711 1076 739 1134 k.
762 1076 973 1135 Stoutsorclriv
993 1095 1033 1136 aa
1056 1077 1208 1152 Morburq
1234 1077 1297 1158 (A).

221 1236 237 1282 5
359 1227 516 1288 Sclrunnot
529 1228 623 1289 Trud.
636 1229 727 1289 Fuld.
743 1233 809 1290 227
825 1238 859 1289 a⁰
872 1235 936 1292 552
951 1250 1010 1293 aas
1021 1232 1076 1312 A(
1097 1232 1121 1311 ).
1136 1268 1178 1278 -
1194 1234 1277 1310 Orio.
1295 1237 1396 1310 Guels.
1414 1243 1442 1309 4,
1460 1242 1523 1299 280
1538 1257 1596 1298 uas
1610 1238 1663 1317 A(
1682 1237 1705 1318 ).
1721 1275 1764 1283 -
1778 1242 1908 1300 Krcmer

360 1329 444 1406 Orip.
460 1331 553 1394 Noas.
570 1334 599 1403 2,
618 1336 661 1393 46
676 1339 711 1392 u⁰
724 1337 768 1394 28
791 1353 849 1395 aas
865 1336 913 1394 ab.
937 1370 979 1379 -
1001 1337 1146 1397 Leibnitr
1161 1336 1245 1397 Anu.
1263 1343 1293 1410 2,
1310 1343 1373 1401 304
1389 1360 1448 1402 aas
1463 1343 1500 1403 Α.
1524 1378 1566 1386 -
1589 1344 1714 1403 Dronlce
1732 1344 1797 1404 OD.
1816 1344 1905 1403 l'ald.

357 1438 421 1496 305
444 1444 478 1494 πθ
500 1438 562 1498 658
585 1454 644 1496 aas
666 1439 696 1498 A
720 1437 769 1517 (l.
796 1474 837 1483 —
859 1440 991 1500 Bdlrmer
1014 1442 1050 1500 Α.
1078 1440 1169 1505 Gonr.
1193 1445 1236 1502 13
1259 1450 1293 1502 πθ
1315 1449 1336 1503 7
1358 1463 1416 1506 arcs
1438 1465 1483 1506 ae.
1508 1481 1549 1489 -
1573 1447 1704 1506 Bthmcr
1727 1425 1806 1521 Ray,
1829 1448 1906 1520 Imp.

358 1545 388 1612 6,
411 1541 487 1614 Rco.
511 1542 589 1602 Kar.
615 1543 709 1602 1238.

367 1697 504 1771 Versosst
526 1697 593 1757 aad
613 1698 806 1774 pesclo-iesca
828 1717 887 1760 ooo
908 1702 970 1762 ΒΑ.

204 1916 237 1963 10
360 1910 419 1991 (Ο.)
442 1912 456 1994 ξ
477 1911 516 1975 ln
538 1911 669 1975 nomine
693 1920 826 1975 sanctae
850 1921 882 1975 et
904 1911 1092 1978 individuae
1115 1915 1279 1980 trinitatis,
1316 1914 1533 1982 Chuonradus
1557 1917 1668 1983 divine
1691 1920 1822 1985 favente
1845 1921 1909 1988 cle·

253 2014 375 2079 mentia
397 2035 467 2078 rex.
556 2012 589 2078 Si
613 2013 687 2078 loca
715 2023 901 2079 sanctorum
930 2015 1039 2081 divino
1064 2017 1165 2082 cidtui
1194 2030 1387 2084 consecrata
1413 2021 1446 2085 in
1474 2021 1591 2106 quibus
1617 2021 1815 2108 redemptori
1843 2047 1909 2090 om·

253 2118 343 2182 nium
371 2118 489 2202 iugiter
517 2116 631 2181 laudes
659 2116 812 2183 assiduae
841 2141 881 2182 ac
911 2120 1024 2186 crebre
1056 2121 1263 2188 celebrantur
1295 2123 1471 2206 excubiae,
1506 2127 1659 2210 congruis
1687 2126 1702 2207 Ξ
1729 2127 1908 2195 honoribus

254 2222 452 2287 adornamus
476 2231 507 2286 et
530 2220 651 2286 ibidem
675 2220 861 2307 degentium
884 2245 924 2288 ac
948 2224 1009 2290 deo
1033 2225 1262 2290 famulantium
1285 2229 1401 2312 vitam,
1425 2251 1489 2313 quo
1507 2228 1639 2294 liberius
1657 2253 1818 2316 supernae
1833 2255 1909 2298 con-

254 2326 457 2412 templationi
478 2349 518 2391 ac
538 2327 589 2391 dei
606 2328 771 2391 vacationi
786 2330 914 2412 possint
937 2331 1100 2413 assistere,
1124 2330 1359 2415 temporalibus
1384 2331 1537 2396 subsidiis
1562 2337 1742 2419 satagimus
1765 2335 1871 2400 fulciri
1884 2347 1907 2420 ³,
1943 2415 1944 2420 ἵ

203 2449 236 2497 15
254 2454 320 2497 non
349 2431 453 2496 solum
483 2433 573 2517 ipsos
603 2440 735 2495 sanctos
768 2431 886 2516 quibus
917 2432 1047 2498 devotio
1083 2433 1260 2499 famulatus
1291 2436 1489 2521 impenditur
1517 2436 1710 2502 habebimus
1740 2448 1907 2525 patronos,

254 2559 366 2601 verum
395 2538 493 2600 etiam
527 2537 669 2600 omnium
698 2536 839 2601 iudicem
862 2537 906 2601 ad
929 2539 1021 2601 cuius
1044 2538 1175 2603 laudem
1198 2549 1317 2603 cuncta
1339 2539 1427 2604 bona
1451 2541 1639 2607 deferuntur
1661 2543 1775 2627 procul
1808 2543 1907 2608 dubio

253 2638 509 2728 promerebimur
530 2649 818 2706 rermmeratorem.
848 2641 1058 2727 Quapropter
1074 2645 1203 2708 noverit
1219 2645 1362 2708 onmium
1380 2643 1525 2708 fidelium
1547 2655 1732 2710 nostrorum
1755 2667 1907 2731 praesen·

253 2750 333 2814 tium
357 2750 482 2814 scilicet
505 2757 537 2812 et
559 2747 741 2811 futurorum
764 2745 942 2828 industria,
973 2745 1112 2830 qualiter
1134 2769 1194 2811 nos
1219 2745 1259 2811 ob
1283 2757 1436 2812 aeternae
1458 2749 1618 2814 mercedis
1641 2760 1851 2835 augmentum
1874 2760 1907 2814 et

254 2877 311 2940 per
332 2855 598 2919 intercessionem
621 2849 827 2914 venerandae
850 2871 890 2913 ac
914 2849 1053 2914 dilectae
1076 2851 1243 2935 genitricis
1259 2861 1390 2914 nostrae
1407 2850 1621 2916 Glismuodae
1639 2862 1753 2917 sancto
1769 2855 1906 2937 martyri

202 2968 236 3015 '20
253 2958 432 3022 Bonefacio
458 2956 617 3043 quasdam
640 2977 692 3018 res
715 2954 794 3018 iuris
816 2955 919 3019 nostri
948 2962 981 3017 et
1008 2964 1164 3040 paternae
1194 2955 1383 3020 hereditatis
1411 2957 1553 3042 inpage
1577 2957 1710 3022 Husitin
1734 2957 1848 3022 dictob
1876 2969 1908 3023 et

252 3063 286 3126 in
309 3062 467 3127 comitatu
489 3057 677 3125 Burdenisb
704 3060 799 3140 sitas,
823 3057 858 3122 id
880 3067 930 3122 est
952 3067 1076 3123 curtem
1099 3059 1244 3124 Dribura
1266 3070 1504 3145 nuncupatam,
1529 3083 1603 3125 cum
1626 3061 1796 3126 curtilibus
1819 3063 1907 3127 aedi-

252 3166 336 3230 ficiis
358 3164 491 3229 familiis
514 3173 547 3228 et
569 3164 742 3248 mancipiis
764 3163 933 3248 utriusque
957 3186 1055 3227 sexus
1079 3165 1172 3228 terris
1196 3164 1292 3228 cultis
1315 3173 1347 3228 et
1370 3163 1500 3228 incultis
1532 3167 1620 3250 agris
1649 3167 1752 3250 pratis
1781 3167 1907 3251 campis

252 3272 385 3356 pascuis
409 3269 500 3333 silvis
523 3265 699 3332 forestibus
722 3267 816 3352 aquis
839 3288 1062 3353 aquarumque
1086 3266 1277 3332 decursibus
1301 3269 1458 3354 quaesitis
1482 3277 1513 3354 et
1536 3269 1736 3354 inquirendis
1758 3278 1791 3334 et
1807 3271 1907 3336 omni·

250 3375 311 3440 bus
335 3397 419 3461 quae
443 3373 507 3438 dici
531 3381 588 3436 aut
609 3371 770 3436 nominari
800 3381 938 3456 possunt
969 3371 1183 3456 appenditiis,
1218 3395 1238 3435 a
1261 3375 1425 3456 praesenti
1449 3372 1501 3437 die
1524 3375 1556 3438 in
1580 3375 1747 3459 proprium
1773 3375 1907 3440 donavi-

201 3498 234 3547 25
252 3503 334 3563 mus,
358 3503 397 3545 ee
412 3478 566 3544 videlicet
580 3478 707 3542 ratione
724 3484 822 3561 atque
841 3474 1070 3540 conciliatione
1086 3485 1122 3539 ut
1138 3476 1287 3560 praefata
1303 3498 1381 3540 cara
1404 3477 1546 3560 genitrix
1567 3487 1681 3542 nostre
1704 3501 1724 3542 a
1747 3478 1907 3563 praedicti

252 3586 405 3670 martyris
428 3581 587 3648 coenobio
611 3583 752 3666 inpage
776 3580 1043 3665 Loganacgouue
1067 3579 1233 3665 appellato
1257 3581 1289 3645 in
1313 3582 1470 3645 comitatu
1494 3579 1625 3645 Ottonis
1649 3582 1758 3646 fratris
1781 3584 1909 3648 nostri⁰

251 3690 325 3754 loca
341 3711 425 3774 quae
441 3689 627 3753 vocitantur
648 3685 767 3767 blittiu,
790 3683 1040 3768 Altinclririlrha,
1065 3684 1315 3769 Mertineslmsa,
1339 3681 1467 3749 Lirtnad
1494 3694 1526 3748 ct
1541 3685 1809 3770 Niuunchirihha,
1833 3709 1908 3753 cum

252 3793 422 3858 curtilibus
445 3791 627 3857 aedificiis⁶
654 3788 824 3854 aecclesiis
846 3790 1018 3874 mancipiis
1042 3791 1210 3876 utriusque
1233 3813 1332 3855 sexus
1362 3799 1449 3855 terra
1477 3790 1579 3855 salica
1602 3790 1698 3855 cultis
1721 3801 1753 3856 ct
1776 3792 1906 3857 incultis

251 3899 340 3983 agris
363 3898 466 3982 pratis
489 3897 615 3980 campis
637 3895 770 3979 pascuis
794 3892 884 3956 silvis
914 3895 1008 3978 aquis
1037 3916 1261 3980 aquarumque
1291 3894 1482 3959 decursibus
1504 3894 1567 3958 viis
1590 3903 1623 3958 et
1645 3895 1741 3959 inviis
1764 3894 1907 3960 exitibus

201 4016 234 4062 so
253 4013 284 4066 ct
306 4000 465 4066 reditibus
489 3999 645 4085 quaesitis
673 3989 706 4061 et
734 3997 934 4082 inquirendis
965 3997 1180 4084 omnibusque
1208 3998 1306 4064 rebus
1329 3999 1373 4063 ad
1396 3998 1510 4063 cadem
1534 3998 1608 4062 loca
1634 4000 1696 4063 rite
1719 4000 1907 4084 pertinenti-

250 4106 329 4189 buS,
353 4105 396 4170 ad
419 4105 489 4170 dies
511 4105 598 4167 vitae
623 4125 701 4166 suae
725 4111 858 4166 econtra
881 4102 915 4166 in
937 4103 1171 4187 proprietatem
1194 4103 1337 4188 accipiat
1358 4112 1391 4167 ct
1413 4112 1490 4188 post
1511 4103 1599 4168 vitae
1623 4125 1701 4168 suae
1725 4104 1906 4170 discessum

251 4213 284 4277 in
307 4213 357 4276 ius
381 4220 413 4276 ct
436 4210 614 4274 dominium
637 4207 783 4271 eiusdem
805 4204 954 4271 coenobii
976 4206 1122 4271 redeant.
1161 4207 1320 4272 Iussimus
1349 4229 1477 4293 quoque
1507 4206 1569 4271 hoc
1595 4217 1807 4293 praeceptum
1830 4209 1906 4275 inde

251 4316 414 4383 conscribi
437 4338 495 4401 per
517 4312 606 4401 quod
628 4310 813 4377 huiusmodi
837 4310 960 4375 factum
983 4312 1016 4375 in
1040 4310 1189 4375 omnibus
1217 4322 1250 4375 et
1277 4333 1336 4396 per
1365 4311 1474 4375 omnia
1503 4309 1768 4377 confirmavimus
1797 4311 1906 4378 decer·

250 4431 365 4486 nentes
388 4428 420 4484 et
442 4427 638 4499 statuentes,
668 4425 828 4502 quatenus
850 4413 938 4479 abba
966 4436 1043 4499 sepe
1068 4414 1146 4478 dicti
1169 4417 1358 4480 monasterii
1382 4414 1481 4479 talem
1505 4414 1580 4479 inde
1605 4414 1741 4481 ulterius
1770 4418 1803 4481 in
1832 4439 1905 4502 pre·

200 4535 233 4584 35
252 4523 364 4591 dictaf
385 4524 625 4590 coadunatione
647 4530 757 4586 teneat
780 4527 976 4605 potestatem
1001 4521 1085 4583 sicut
1108 4529 1140 4584 ct
1163 4519 1203 4584 de
1226 4519 1299 4584 aliis
1321 4519 1419 4583 rebus
1443 4541 1527 4605 quae
1543 4521 1685 4605 antiquis
1705 4521 1906 4606 temporibus

251 4629 294 4694 ad
317 4629 454 4694 cundem
477 4628 585 4694 locum
610 4628 771 4712 pertinere
793 4624 999 4689 videbantur.
1023 4623 1068 4687 Et
1089 4632 1126 4687 ut
1148 4623 1210 4688 hoc
1234 4624 1490 4688 confirmationis
1514 4633 1546 4687 et
1569 4622 1750 4708 largitionis
1773 4635 1906 4692 nostrae

251 4744 461 4821 praeceptrun
483 4734 610 4798 firmum
635 4729 816 4816 stabileque
839 4737 1045 4815 permaneat,
1080 4749 1179 4793 manu
1200 4738 1314 4793 nostra
1338 4729 1452 4792 subtus
1475 4725 1556 4792 illud
1578 4727 1780 4794 firmavimus
1802 4729 1905 4796 anuli-

251 4861 314 4924 que
337 4840 439 4904 nostri
462 4837 675 4923 impressione
698 4834 845 4919 insigniri
869 4833 1106 4919 praecepimus.

352 4998 366 5080 ᾖ
389 4994 525 5080 Signum
548 4992 659 5058 domni
684 4989 872 5055 Chuonradi
898 4991 987 5070 (MP.)
1013 4991 1209 5054 serenissimi
1233 4990 1368 5076 regis}

200 5105 234 5153 ⁴0
353 5097 367 5178 Ξ
389 5098 544 5164 Salomon
567 5094 782 5161 cancellarius
806 5093 955 5158 advicem
976 5094 1136 5180 Piligrimi
1159 5093 1438 5180 archicappellani
1453 5099 1629 5183 recognovi
1647 5107 1679 5161 et
1701 5100 1715 5183 p
1739 5099 1809 5179 (SR.
1827 5099 1904 5179 NN.)

1777 5202 1834 5282 (sl.
1859 5203 1902 5282 3.)

353 5342 444 5406 Data
466 5340 533 5406 kal.
557 5339 612 5404 iul.
635 5361 721 5404 anno
745 5339 980 5405 incarnationis
1004 5337 1125 5402 domini
1150 5351 1322 5420 Dcccoxu,
1346 5338 1560 5402 indictionum
1576 5357 1632 5421 xv,
1656 5349 1813 5425 regnante
1836 5339 1904 5425 glo·

249 5447 429 5512 riosissimo
452 5467 528 5530 rege
551 5443 748 5509 Chuonrado
773 5465 858 5509 anno
882 5461 910 5526 13
934 5451 1044 5507 actum
1066 5442 1325 5523 Franconofurt3
1354 5443 1386 5506 iu
1410 5440 1461 5506 dei
1485 5443 1615 5507 nomine
1637 5441 1776 5509 feliciter
1798 5467 1903 5509 amen.

369 5635 393 5686 8.
422 5631 515 5701 [Folle]
590 5637 617 5696 a)
635 5648 701 5687 corr.
719 5649 767 5682 mu
785 5631 877 5683 fulcire
947 5632 976 5693 b)
996 5631 1048 5684 SA.
1066 5638 1123 5696 tna
1141 5631 1250 5683 Hiisitin
1268 5633 1339 5684 dicto
1358 5631 1412 5682 aad
1429 5629 1559 5681 Bardouis
1576 5631 1644 5682 narb
1715 5633 1740 5699 c)
1757 5631 1906 5699 yleiclsalb

198 5711 231 5758 45
420 5703 609 5768 nucbqetrapon
626 5718 745 5769 pago-
763 5704 865 5782 nostri,
924 5703 952 5762 d)
970 5717 1036 5752 corr.
1056 5717 1103 5752 aas
1120 5701 1199 5752 Liuui
1282 5704 1307 5764 c)
1326 5718 1385 5752 cum
1407 5729 1436 5738 -
1456 5697 1584 5749 aedificiis
1603 5702 1657 5754 aas
1668 5701 1756 5754 amr
1832 5703 1854 5765 f)
1873 5703 1904 5757 A.

306 5821 492 5866 [ammirantes
505 5821 523 5863 1.
1681 5820 1698 5875 2
