4576 6420
919 421 1045 480 ΟΤΤΟ
1067 422 1091 478 I.
1115 419 1187 481 959.
1817 421 1880 487 283

227 602 379 688 proximi.
425 599 656 668 Concessimus
691 603 788 667 etiam
821 607 1002 688 prenotatis
1037 605 1207 672 monacbis
1240 615 1276 670 ut
1304 606 1412 673 nullus
1443 631 1485 672 ex
1516 607 1686 676 iudiciaria
1718 620 1880 697 potestate

227 727 339 772 comes
354 705 406 771 vel
423 705 523 808 iudex
542 707 644 771 servis
663 727 720 770 seu
743 705 944 790 parscalchis
968 708 1072 774 eidem
1093 709 1168 775 loco
1193 709 1414 776 servientibus·
1429 712 1550 777 audeat
1572 712 1706 799 aliquod
1727 716 1879 781 iniurium

226 810 335 874 facere
357 831 418 874 nec
440 811 475 874 in
497 808 607 896 aliqua
637 831 739 874 causa
766 807 840 873 illos
868 811 986 876 iniuste
1008 835 1139 878 vexare.
1184 814 1228 878 Et
1257 823 1293 879 ut
1319 815 1379 900 hec
1411 818 1533 902 scripta
1560 817 1654 882 firma
1684 817 1879 905 stabiliaque

228 922 456 998 permaneant,
484 915 638 978 iussimus
661 915 707 979 eis
730 913 793 977 hoc
816 935 949 998 presens
972 925 1162 1000 preceptum
1185 916 1349 983 conscribi
1373 927 1405 984 et
1427 919 1515 985 anuli
1538 923 1642 985 nostri
1663 922 1879 1006 impressione

194 1029 210 1077 s
229 1019 348 1084 muniri
370 1040 533 1105 manuque
556 1020 690 1104 propria
710 1017 922 1082 firmavimus.
1010 1051 1012 1062 .

330 1169 507 1258 {Signum
526 1172 636 1238 domni
661 1171 791 1237 Ottonis
815 1174 1009 1240 serenissimi
1036 1174 1125 1254 (Mn.)
1149 1175 1283 1262 regis}

330 1293 531 1379 iLiutolfus
555 1293 770 1359 cancellarius
793 1293 943 1359 advicem
965 1295 1129 1360 Brunonis
1152 1296 1431 1363 archicancellarii
1455 1298 1683 1385 recognovit.d
1710 1303 1724 1385 ξ
1753 1303 1808 1383 (SI.
1827 1304 1879 1383 D.)

1798 1407 1880 1488 (ss.)

330 1553 419 1619 Data
436 1571 469 1616 v.
488 1554 532 1619 id.
555 1555 620 1619 iun.
644 1576 730 1620 auno
755 1553 917 1640 dominice
939 1557 1175 1621 incarnationis
1198 1572 1419 1641 Dccucuvuu,
1443 1558 1621 1625 indictione
1638 1577 1675 1644 11,
1698 1583 1785 1626 anno
1801 1584 1877 1627 vero

177 1665 210 1712 10
227 1659 319 1744 regni
342 1659 479 1744 piissimi
503 1660 588 1744 regis
612 1657 743 1723 Ottonis
767 1676 887 1742 xn1113
910 1669 1021 1725 actum
1043 1659 1144 1743 Rore3
1173 1662 1206 1725 in
1231 1659 1282 1725 dei
1304 1663 1436 1727 nomine
1457 1662 1596 1730 feliciter
1617 1686 1724 1730 amen.

1011 1951 1098 2026 aot.

240 2108 320 2186 Ouo
346 2109 487 2184 scireelct
511 2112 642 2183 acicam
669 2108 846 2185 Getreacu
867 2109 1081 2184 Hartmanc
1108 2111 1175 2184 das
1203 2110 1283 2184 dem
1304 2111 1445 2185 maust
1468 2111 1671 2210 panchaia
1693 2125 1881 2211 occupem

229 2230 413 2332 Eipcepat
438 2232 479 2304 ic
504 2230 702 2314 Achemene
727 2230 808 2304 aad
831 2230 1026 2306 Westbeim.
1490 2269 1574 2331 Βοὴ,
1596 2272 1658 2332 959
1682 2270 1763 2330 Μ·
1784 2274 1835 2330 12.

335 2475 583 2550 meinamma
606 2477 649 2534 im
670 2476 697 2534 lc.
722 2476 929 2536 Reicluorchto
950 2495 991 2535 aa
1012 2477 1164 2536 Mamaea
1188 2474 1250 2555 (A).

177 2649 209 2697 1o
330 2631 435 2692 simtu
451 2629 565 2704 Corpus
587 2632 654 2690 hiat.
680 2631 851 2690 Braadeab.
875 2629 1063 2710 (Schwcbach
1077 2649 1101 2692 s.
1118 2629 1159 2710 a.)
1181 2635 1211 2703 4,
1228 2633 1270 2692 25
1293 2637 1327 2690 πθ
1346 2634 1366 2690 6
1388 2649 1444 2692 aas
1460 2632 1498 2692 A.
1524 2665 1562 2674 -
1586 2632 1687 2705 spicas
1709 2633 1743 2691 ia
1764 2632 1881 2692 Meuscl

329 2736 394 2795 Der
424 2735 708 2806 (ieschichtforschcr
735 2740 769 2806 1,
800 2739 864 2796 193
894 2753 951 2796 aas
979 2735 1009 2794 A
1038 2761 1077 2789 =
1108 2735 1254 2796 Hdbcrlia
1282 2735 1411 2794 Neaestc
1440 2735 1582 2794 Teatsche
1609 2735 1808 2809 Rcc‘chsycscls.
1833 2739 1878 2806 3⁰,

329 2843 380 2901 16.
407 2873 444 2882 -
469 2839 1027 2912 Moa.Bo-ico28⁶,187n⁰129aas
1042 2838 1079 2900 A.
1106 2872 1143 2882 —
1168 2838 1383 2912 Boumerneq.
1399 2841 1473 2901 230.
1500 2871 1537 2881 —
1562 2837 1689 2912 Stemus
1707 2839 1780 2914 nep.
1803 2842 1877 2901 266.

332 2996 394 3056 Voa
416 2995 482 3054 DF.
506 2997 561 3054 mit
583 2995 763 3069 Bessutemvy
789 2995 839 3054 des
867 2997 900 3053 ic
930 2995 983 3054 der
1010 2995 1138 3055 Kanelei
1165 2995 1365 3056 verbliebencc
1388 2992 1541 3068 acceptes
1569 3012 1625 3054 voc
1651 2993 1717 3054 DO.
1741 2998 1805 3056 200
1831 3011 1879 3070 qe-

331 3101 488 3160 sctricbca.

177 3337 210 3385 20
333 3322 391 3403 (O.)
415 3324 429 3406 ξ
450 3321 489 3385 In
511 3322 642 3385 nomine
666 3329 799 3385 sanctae
822 3329 854 3384 ct
876 3319 1065 3386 individuae
1087 3321 1251 3394 trinitatis.
1294 3318 1372 3386 Otto
1397 3318 1449 3385 dei
1471 3321 1577 3404 gratia
1599 3343 1670 3385 rex.
1756 3319 1880 3386 Notum

228 3427 270 3491 sit
293 3424 443 3491 omnibus
465 3423 616 3490 fidelibus
638 3425 758 3489 nostris
781 3421 986 3508 presentibus
1009 3421 1136 3489 scilicet
1158 3432 1191 3488 et
1211 3424 1340 3507 futuris,
1362 3423 1378 3511 ξ
1399 3423 1539 3510 qualiter
1555 3445 1616 3488 nos
1637 3446 1697 3510 per
1718 3426 1880 3490 interven-

227 3537 296 3594 tum
318 3528 452 3594 Ernusti
482 3529 611 3593 comitis
640 3527 770 3592 cuidam
798 3526 886 3592 fideli
916 3537 1028 3593 nostro
1051 3527 1214 3592 Hartman
1242 3529 1277 3591 in
1304 3529 1472 3612 proprium
1501 3526 1695 3592 donavimus
1725 3527 1881 3614 quicquid

228 3633 414 3699 hereditarii
437 3635 515 3699 iuris
537 3633 662 3699 Emust
682 3632 797 3698 habuit
819 3634 852 3696 in
875 3631 955 3697 villa
977 3629 1089 3697 Abuse
1112 3641 1144 3696 et
1170 3633 1204 3697 in
1226 3631 1306 3696 villa
1328 3631 1521 3696 Uuestheim
1549 3633 1582 3695 in
1611 3633 1769 3697 comitatu
1797 3633 1880 3697 eius·

229 3736 303 3803 dem
318 3737 451 3802 Emusti
468 3736 607 3800 comitis.
650 3734 721 3820 Hec
743 3734 906 3800 hereditas
929 3734 1026 3801 nobis
1048 3745 1224 3823 nostreque
1246 3737 1334 3822 regie
1357 3737 1511 3821 potestati
1535 3758 1556 3800 a
1578 3735 1700 3822 populo
1724 3733 1880 3820 publice*

176 3839 373 3905 abiudicata
396 3849 460 3922 est,
495 3840 572 3925 quia
595 3836 683 3902 idern
706 3837 829 3902 Emust
850 3837 945 3904 nobis
969 3841 1111 3904 maxime
1134 3840 1317 3904 contrarius
1344 3840 1469 3921 extitit,
1505 3848 1704 3926 quapropter
1732 3839 1878 3924 predicto

227 3943 315 4010 fideli
343 3954 455 4009 nostro
484 3943 689 4008 Hartmanno
719 3943 940 4007 concessimus
970 3941 1128 4029 quicquid
1154 3943 1189 4006 in
1214 3942 1371 4028 predictis
1392 3942 1475 4008 locis
1498 3941 1610 4009 Abuse
1633 3952 1666 4008 et
1687 3943 1880 4008 Uuestheim

227 4049 416 4130 habuimus,
448 4047 585 4112 edificiis
608 4048 781 4132 mancipiis
803 4048 896 4110 terris
920 4045 1017 4110 cultis
1040 4054 1073 4110 et
1093 4044 1224 4111 incultis
1248 4048 1375 4132 campis
1398 4048 1486 4132 agris
1509 4049 1611 4133 pratis
1634 4049 1765 4133 pascuis
1789 4046 1879 4112 silvis

229 4153 322 4239 aquis
351 4173 550 4237 aquarumve
579 4147 794 4216 desursibusb
824 4149 1020 4215 molendinis
1043 4150 1281 4236 piscationibus
1304 4152 1367 4216 viis
1390 4161 1422 4216 et
1445 4152 1540 4216 inviis
1563 4152 1699 4237 quesitis
1722 4160 1755 4216 et
1775 4153 1880 4238 inqui-

227 4255 337 4322 rendis
361 4254 575 4342 omnibusque
597 4253 791 4321 utensilibus
815 4253 859 4318 ad
881 4253 996 4319 eadem
1018 4254 1094 4320 loca
1115 4254 1361 4340 pertinentibus,
1385 4257 1454 4319 iure
1476 4263 1633 4341 perpetuo
1654 4254 1830 4322 tenendum
1848 4265 1881 4321 et

177 4371 211 4420 30
230 4358 384 4448 quicquid
407 4357 469 4424 sibi
492 4358 610 4424 exinde
631 4358 772 4424 voluerit
794 4358 936 4424 faciendi
959 4357 1122 4424 vendendi
1146 4358 1369 4424 commutandi
1393 4358 1503 4424 dandi.
1537 4359 1582 4423 Et
1597 4367 1633 4423 ut
1648 4368 1759 4444 nostre
1778 4358 1879 4426 dona·

203 4459 204 4462 '
229 4463 326 4528 tionis
350 4463 528 4528 auctoritas
550 4463 644 4527 firma
668 4460 859 4547 stabilisque
882 4471 1088 4548 permaneat,
1122 4464 1276 4528 iussimus
1303 4465 1333 4527 ei
1362 4462 1480 4528 exinde
1502 4461 1565 4526 hoc
1589 4484 1723 4547 presens
1746 4484 1878 4547 precep-

229 4577 296 4632 tum
319 4566 481 4632 conscribi
505 4577 537 4631 et
559 4566 649 4632 anuli
671 4568 774 4631 nostri
798 4568 1000 4652 inpressione
1023 4569 1140 4631 muniri
1164 4589 1327 4654 manuque
1349 4569 1482 4653 propria
1505 4567 1715 4652 signavimus.

330 4727 344 4809 3
368 4723 505 4808 Signum
528 4722 638 4788 domni
663 4721 794 4789 Ottonis
817 4723 1023 4788 invictissimi
1047 4722 1135 4804 (Mu.)
1156 4724 1252 4808 regis.
1275 4721 1290 4803 Β

329 4843 343 4928 ξ
365 4844 539 4912 Liudulfus
555 4843 770 4910 cancellarius
787 4843 935 4909 advicem
946 4843 1110 4910 Brunonis
1125 4843 1405 4910 archicancellarii
1421 4844 1622 4930 recognovit.
1638 4843 1652 4926 ᾔ
1668 4847 1725 4921 (SI.
1741 4847 1781 4921 1.)
1797 4843 1879 4923 (SR.)

177 5009 210 5057 ³5
330 5003 420 5066 Data
441 5020 479 5066 11.
501 5001 545 5066 id.
568 5003 634 5066 iun.
658 5023 744 5066 anno
775 5000 958 5066 dominicae
986 5002 1220 5066 incarnationis
1249 5015 1477 5084 uccccuvnu,
1510 4999 1688 5064 indictione
1711 5017 1755 5082 11,
1791 5020 1876 5063 anno

227 5103 329 5171 verel
350 5108 441 5190 regni
463 5107 601 5191 piissimi
624 5107 710 5191 regis
734 5103 865 5170 Ottonis
888 5121 1008 5188 xxnn3
1036 5114 1146 5170 actum
1167 5105 1263 5170 Rure.

314 5311 375 5368 uos.
401 5313 430 5381 o)
448 5313 497 5365 aa·
513 5315 600 5366 aas
617 5332 632 5365 ο
649 5313 712 5365 ue
728 5313 776 5365 aa
792 5313 862 5365 ase
877 5311 1073 5380 mammea.
1159 5315 1163 5323 ·

314 5432 373 5489 2⁰4.
400 5432 509 5503 [Siclrsl]
613 5437 638 5498 a)
656 5433 728 5500 folqt
750 5433 833 5486 hletae
851 5435 947 5497 eamr,
970 5433 996 5486 d.
1015 5433 1040 5486 b.
1063 5433 1118 5485 Μ’.
1137 5433 1268 5486 caccabis
1284 5438 1366 5486 sacrat
1384 5433 1435 5484 dor
1451 5431 1556 5484 adeltac
1576 5432 1645 5483 Wcrt
1668 5428 1732 5482 noct
1756 5428 1812 5480 bier
1835 5444 1878 5478 am

400 5501 507 5556 Setiam
524 5503 572 5555 dar
590 5501 753 5568 Schq'fiacs‘lc
770 5503 942 5571 mbriopcn
1046 5505 1074 5569 b)
1092 5503 1124 5558 A.
