4560 6426
697 435 705 448 ⁸
828 420 1285 478 KAISERURKUNDEN.

1041 703 1076 778 1.

235 859 394 936 Koarao
413 859 554 936 sobeultt
576 859 655 934 dem
673 859 814 934 Kloster
832 860 891 934 des
909 857 942 932 b.
970 856 1163 955 Gooopert
1182 884 1228 932 zu
1245 857 1412 932 Aosboob
1430 857 1669 957 Besitzuupeo
1690 885 1735 932 eu
1761 858 1892 933 iteret.
1968 904 1972 910 ·

1311 982 1494 1042 Forotbeim
1517 985 1579 1044 911
1603 983 1769 1042 November
1792 987 1844 1044 10.

340 1155 599 1232 Oriyiuoldiptom
622 1157 665 1215 im
688 1158 716 1218 t.
740 1157 958 1217 Reiolrsorebio
979 1175 1020 1215 eu
1042 1157 1198 1216 Mttecbeu
1223 1154 1287 1236 (A)

336 1297 428 1356 Frtes
451 1297 486 1354 iu
506 1295 658 1370 Ludetotq
679 1295 803 1356 Wirtab.
823 1296 1060 1357 Gescbicbtsebr.
1078 1300 1141 1357 415
1157 1297 1223 1358 uod
1239 1299 1301 1357 430
1316 1297 1391 1370 Req.
1416 1330 1457 1339 -
1481 1295 1618 1354 Eetbort
1641 1295 1753 1355 Fratre.
1778 1297 1892 1354 orient.
1914 1305 1933 1352 5

336 1406 368 1474 2,
392 1404 456 1462 899
478 1407 514 1460 o⁰
537 1404 579 1462 26
602 1418 660 1460 aas
684 1401 713 1461 A
736 1425 777 1454 =
801 1400 915 1460 Strebel
937 1403 1116 1461 Froooooio
1139 1402 1251 1463 illustr.
1272 1405 1336 1462 221
1359 1408 1394 1459 n⁰
1416 1405 1446 1471 7,
1471 1423 1511 1454 =
1535 1399 1750 1458 Foteleeustoin
1765 1399 1893 1460 Nitrub.

344 1509 417 1568 oro.
442 1509 483 1566 14
506 1512 541 1589 off
564 1509 594 1567 6.
617 1540 659 1550 -
681 1506 766 1568 Mon.
784 1505 878 1565 Boioo
899 1509 970 1582 28⁶,
996 1510 1057 1566 144
1074 1513 1108 1565 o⁰
1126 1509 1189 1568 102
1211 1525 1271 1566 uus
1286 1506 1316 1566 A
1339 1529 1378 1560 ε.-
1403 1504 1534 1563 Btbmer
1549 1502 1587 1566 A.
1607 1503 1697 1562 Cour.
1714 1507 1734 1560 7
1750 1511 1784 1560 o⁰
1801 1507 1830 1564 1.
1848 1535 1894 1548 —·

338 1611 469 1671 Btbmer
490 1612 565 1686 Rep.
590 1613 669 1684 Imp.
696 1615 724 1684 1,
747 1613 823 1684 Regi.
848 1612 926 1671 Kar.
952 1614 1046 1672 1233.
1920 1615 1925 1624 “

345 1751 480 1824 Verfosst
502 1752 569 1811 aad
590 1750 785 1826 posttriebeu
808 1769 867 1810 oon
889 1751 949 1814 SA.

339 1939 398 2022 (Ο.)
421 1942 435 2025 Ε
456 1939 496 2004 In
518 1940 648 2004 nomine
672 1947 806 2003 sanctae
829 1947 862 2002 et
883 1937 1072 2003 individuae
1095 1940 1260 2003 trinitatis.
1299 1935 1516 2003 chuonradus
1539 1938 1650 2003 divina
1673 1939 1804 2002 favente
1826 1941 1893 2004 cle·
1916 1949 1954 1997 10

233 2048 355 2113 mentia
378 2069 448 2110 rex.
531 2041 720 2128 Comperiat
743 2044 890 2108 omnium
908 2041 1053 2107 fidelium
1076 2037 1261 2108 nbstrouun
1284 2044 1504 2130 praesentium
1522 2041 1647 2106 scilicet
1662 2050 1693 2106 et
1708 2042 1894 2111 futurorum

233 2150 405 2232 industria,
430 2150 506 2234 quia
523 2169 584 2212 nos
599 2155 718 2232 rogatu
732 2146 887 2212 Dictonis
908 2146 923 2228 ξ
944 2146 1142 2212 venerabilis
1165 2157 1198 2212 et
1220 2146 1330 2212 dilecti
1353 2148 1500 2234 episcopi
1522 2148 1626 2211 nostri
1646 2154 1761 2218 saneto
1777 2146 1894 2214 Gund-

234 2263 326 2342 perto
351 2253 531 2319 confessori
550 2248 671 2314 Christi
695 2250 855 2336 quasdam
878 2275 930 2317 res
952 2253 1032 2316 iuris
1055 2254 1158 2317 nostri
1181 2253 1215 2317 in
1237 2275 1323 2338 pago
1340 2249 1513 2315 Folchfeld
1536 2251 1623 2315 dicto
1648 2252 1737 2334 sitas,
1760 2253 1824 2318 hoc
1841 2265 1894 2318 est

233 2362 269 2425 in
296 2359 455 2434 comitatu
477 2354 648 2420 cuiusdam
672 2356 800 2419 comitis
823 2358 876 2420 cui
898 2379 1018 2422 nomen
1040 2357 1155 2441 Hessi,
1185 2357 1340 2443 quicquid
1368 2357 1402 2421 iu
1423 2355 1496 2420 loco
1520 2356 1679 2421 Fihuriod
1699 2368 1892 2444 nuncupato

234 2462 411 2548 adragiae
435 2461 619 2525 serenitatis
642 2459 871 2538 auctoritatem
893 2462 1054 2546 pertinere
1077 2461 1207 2526 videtur
1227 2485 1293 2526 una
1316 2483 1390 2524 cum
1406 2463 1544 2525 caeteris
1561 2459 1742 2526 Sclavienis
1759 2463 1893 2548 oppidis
1918 2487 1954 2534 15

234 2567 312 2631 illuc
341 2568 426 2631 iuste
455 2564 749 2652 conspicientibus,
780 2586 854 2629 cum
883 2564 1053 2630 curtilibus
1082 2567 1200 2630 vinetis
1230 2565 1388 2630 aedificiis
1416 2567 1589 2650 mancipiis
1618 2567 1712 2630 terris
1738 2566 1836 2632 cultis
1860 2579 1895 2636 et

234 2669 366 2736 incultis
382 2672 471 2757 egris
486 2671 590 2756 pratis
607 2672 733 2756 campis
755 2671 889 2755 pascuis
913 2669 1004 2734 silvis
1028 2672 1122 2756 aquis
1145 2692 1370 2755 aquarumque
1394 2668 1585 2734 decursibus
1608 2669 1803 2735 molendinis
1827 2673 1895 2757 pis-

235 2775 419 2844 cationibus
442 2777 505 2840 viis
529 2784 561 2840 et
583 2777 680 2841 inviis
703 2774 846 2840 exitibus
870 2797 910 2840 ac
932 2774 1092 2840 reditibus
1115 2776 1273 2860 quaesitis
1296 2783 1328 2838 et
1345 2773 1547 2859 inquirendis
1564 2772 1778 2860 omnibusque
1792 2775 1895 2840 rebus

234 2882 362 2967 magnis
386 2889 419 2946 et
440 2883 552 2966 parvis
572 2880 616 2945 ad
632 2880 769 2946 eandem
785 2882 1019 2967 proprietatem
1041 2881 1126 2944 iuste
1148 2879 1357 2965 legitimeque
1379 2877 1626 2965 pertinentibus„
1649 2901 1708 2963 pro
1730 2888 1844 2943 nostra
1861 2890 1896 2945 et

234 2995 479 3051 antecessorum
503 2994 699 3068 nostrorum,
722 2983 876 3049 videlicet
897 3007 1011 3068 regum
1035 3005 1093 3048 seu
1108 2985 1352 3071 imperatorum,
1376 2985 1430 3069 pia
1447 2985 1754 3048 commemoratione
1770 2985 1804 3047 iu
1819 3005 1894 3069 per·
1916 3005 1955 3053 20

233 3099 367 3178 petuam
390 3091 624 3176 proprietatem
647 3089 852 3154 donavimus.
889 3083 1050 3152 Iussimu's
1074 3110 1202 3173 quoque
1224 3088 1288 3153 hoc
1310 3096 1522 3173 praeceptum
1545 3086 1620 3151 inde
1644 3086 1806 3152 conscribi
1833 3109 1896 3173 per

235 3193 324 3280 quod
352 3191 503 3258 volumus
531 3193 731 3278 firmiterque
759 3191 926 3275 iubemus,
958 3200 1119 3277 quatenus
1147 3191 1316 3277 praefatus
1340 3193 1390 3256 vir
1410 3189 1608 3255 venerabilis
1631 3183 1749 3256 Dioto'⁴
1759 3191 1897 3276 praesul

234 3299 407 3384 aegregius
437 3300 550 3382 suique
580 3320 786 3362 successores
815 3295 914 3361 talem
944 3296 1019 3361 inde
1047 3295 1182 3361 ulterius
1205 3295 1350 3361 habeant
1373 3304 1569 3381 potestatem
1593 3295 1677 3359 sicut
1700 3305 1731 3360 et
1754 3295 1794 3360 de
1816 3295 1895 3360 aliis

233 3401 332 3467 rebus
356 3423 440 3486 quae
463 3402 606 3486 antiquis
629 3400 831 3486 temporibus
855 3400 899 3465 ad
914 3400 1076 3487 praedicti
1094 3402 1199 3466 sancti
1216 3399 1400 3486 Gundperti
1416 3398 1609 3464 coenobium
1625 3401 1785 3485 pertinere
1801 3399 1897 3465 vide-

234 3506 364 3571 bantur.
402 3505 446 3570 Et
474 3514 510 3569 ut
537 3506 600 3570 hcc
628 3505 812 3590 largitionis
840 3515 973 3571 nostrae
995 3514 1207 3591 praeceptum
1230 3529 1250 3569 a
1272 3503 1362 3570 nullo
1386 3526 1541 3589 umquam
1565 3525 1753 3569 successore
1775 3513 1894 3570 nostro
1917 3525 1956 3574 25

213 3610 375 3674 violetur
398 3632 456 3674 seu
477 3609 594 3674 violari
619 3597 862 3695 praesumatur,
899 3608 957 3673 sed
978 3609 1107 3674 firmum
1130 3632 1169 3673 ac
1193 3608 1309 3673 stabile
1332 3632 1391 3694 per
1414 3609 1522 3673 omnia
1547 3607 1789 3672 succedentium
1813 3617 1898 3673 tem-

234 3736 351 3802 porum
374 3713 536 3778 curricula
565 3722 771 3799 permaneat,
800 3736 900 3778 manu
922 3722 1035 3778 nostra
1060 3712 1173 3778 subtus
1196 3712 1278 3778 illud
1299 3713 1501 3778 firmavimus
1524 3711 1686 3797 anuloque
1709 3719 1822 3778 nostro
1847 3714 1898 3780 iu-

236 3819 348 3904 signiri
371 3819 609 3904 praecepimus.
1680 3807 1681 3810 ¹

336 3958 351 4042 ξ
373 3957 509 4044 Signum
532 3958 643 4024 domni
666 3955 855 4023 Chuonradi
881 3959 972 4040 (ΜΕ.)
997 3958 1195 4022 serenissimi
1216 3954 1351 4042 regis}

336 4063 565 4164 {Odalfridus
600 4079 815 4146 cancellarius
849 4080 999 4146 advicem
1027 4079 1191 4146 Hathonis
1226 4079 1465 4165 archiepiscopi
1495 4081 1675 4164 summique
1704 4077 1898 4165 cappellani
1918 4096 1958 4145 30

219 4185 411 4290 'recognovi
435 4193 467 4249 et
489 4181 503 4264 ᾗ
526 4185 595 4266 (SR.
619 4185 695 4266 NN.)
804 4185 861 4266 (SI.
888 4185 929 4265 1.)

338 4321 427 4386 Data
443 4339 507 4388 1111.
523 4322 567 4387 id.
580 4322 748 4389 novembr.
762 4346 848 4389 anno
865 4325 1100 4389 incarnationis
1116 4323 1238 4389 domini
1253 4339 1411 4406 uccceru,
1430 4322 1645 4387 indictionum
1659 4340 1717 4405 xv,
1732 4331 1899 4404 regnante

235 4426 382 4511 piissimo
405 4450 481 4514 rege
505 4424 704 4493 Chuonrado
728 4445 860 4511 aun01;
883 4437 993 4492 actum
1016 4428 1228 4512 Foracheim3
1250 4429 1284 4493 in
1307 4425 1428 4492 Christi
1450 4427 1581 4493 nomine
1604 4426 1741 4491 feliciter
1762 4446 1874 4492 amen.

1048 4645 1084 4722 2.
1543 4717 1548 4726 .

233 4787 394 4862 Kourod
417 4790 558 4866 scbccltt
586 4790 665 4865 clem
691 4791 834 4866 Kloster
861 4791 899 4894 S
929 4791 1059 4866 Golleo
1085 4791 1323 4891 Basitzoopeu
1350 4793 1390 4864 io
1416 4787 1721 4888 Woederlcliupeu
1751 4787 1898 4888 (Mumi-
1920 4815 1959 4864 es

235 4909 392 5008 chiupa).
509 5035 514 5044 ἱ
1375 4947 1538 5006 Bodmouu
1561 4949 1625 5005 912
1647 4911 1772 5006 Joauor
1795 4950 1850 5008 11.

341 5109 599 5196 Oriqiuoldiplom
620 5125 663 5182 im
687 5122 883 5193 Stiftsorobiv
904 5139 945 5180 eu
967 5121 999 5180 S.
1026 5118 1137 5182 Galleu
1162 5118 1227 5200 (A).

339 5257 410 5317 eoo.
428 5260 507 5319 trud.
526 5259 557 5319 S.
578 5259 663 5318 Galli
678 5263 740 5319 431
758 5267 793 5318 a⁰
808 5262 871 5318 741
890 5259 901 5338 (
922 5257 945 5338 ).
968 5291 1011 5301 -
1033 5259 1179 5332 Horryott
1197 5260 1323 5322 Geoeot.
1339 5263 1371 5334 2,
1388 5265 1429 5320 66
1445 5266 1479 5318 o⁰
1495 5260 1557 5318 114
1573 5257 1672 5316 auset
1693 5256 1733 5336 (b)
1753 5277 1790 5308 =
1809 5256 1899 5318 Bot-

338 5379 403 5420 mer
425 5364 463 5422 A.
483 5363 575 5422 Geor.
592 5365 613 5421 8
628 5371 662 5422 o⁰
676 5367 706 5425 2.
731 5396 774 5407 -
796 5363 938 5438 Nouqort
963 5361 1025 5421 CD.
1049 5360 1146 5422 Alem.
1173 5367 1202 5435 1,
1224 5362 1286 5424 559
1307 5371 1342 5421 o⁰
1359 5367 1432 5440 680,
1456 5366 1545 5423 Eetr.
1570 5377 1628 5420 aas
1651 5361 1699 5421 ob.
1722 5393 1765 5405 -
1786 5360 1899 5422 Wart-

286 5457 288 5464 ’
337 5483 434 5523 mono
449 5469 480 5528 S.
501 5465 582 5526 Gall.
605 5467 671 5529 UB.
687 5471 719 5539 2,
735 5468 799 5526 366
815 5475 849 5524 u⁰
864 5468 927 5527 765
951 5482 1009 5524 otis
1025 5465 1063 5524 A.
1087 5499 1130 5508 —
1153 5468 1287 5526 Boume-
1301 5469 1378 5542 Rey.
1398 5470 1474 5540 Imp.
1490 5469 1521 5537 2,
1545 5467 1620 5538 uoq.
1639 5465 1717 5524 Kar.
1738 5465 1832 5527 1234.
1850 5502 1900 5514 -
1919 5490 1960 5539 40

338 5566 455 5626 Hidber
477 5570 553 5641 Boo.
579 5569 652 5630 963.

359 5737 381 5790 l·
410 5735 526 5804 [sickall.
