<?xml version="1.0" encoding="UTF-8"?>
<!DOCTYPE html PUBLIC "-//W3C//DTD XHTML 1.0 Transitional//EN"
    "http://www.w3.org/TR/xhtml1/DTD/xhtml1-transitional.dtd">
<html xmlns="http://www.w3.org/1999/xhtml" xml:lang="en" lang="en">
 <head>
  <title>
</title>
<meta http-equiv="Content-Type" content="text/html;charset=utf-8" />
  <meta name='ocr-system' content='tesseract 3.04.00' />
  <meta name='ocr-capabilities' content='ocr_page ocr_carea ocr_par ocr_line ocrx_word'/>
</head>
<body>
  <div class='ocr_page' id='page_1' title='image "./monumentagerman00gescgoog/monumentagerman00gescgoog_0322.png"; bbox 0 0 4576 6420; ppageno 0'>
   <div class='ocr_carea' id='block_1_1' title="bbox 902 412 1858 481">
    <p class='ocr_par' dir='ltr' id='par_1_1' title="bbox 902 412 1858 481">
     <span class='ocr_line' id='line_1_1' title="bbox 902 412 1858 481; baseline -0.005 0"><span class='ocrx_word' id='word_1_1' title='bbox 902 425 1027 481; x_wconf 86' lang='grc' dir='ltr'>ΟΤΤΟ</span> <span class='ocrx_word' id='word_1_2' title='bbox 1050 425 1073 478; x_wconf 94' lang='grc' dir='ltr'><strong><em>Ι.</em></strong></span> <span class='ocrx_word' id='word_1_3' title='bbox 1098 420 1169 478; x_wconf 89' lang='grc'><strong>960.</strong></span> <span class='ocrx_word' id='word_1_4' title='bbox 1795 412 1858 476; x_wconf 78' lang='grc'><strong><em>293</em></strong></span> 
     </span>
    </p>
   </div>
   <div class='ocr_carea' id='block_1_2' title="bbox 309 603 1915 3364">
    <p class='ocr_par' dir='ltr' id='par_1_2' title="bbox 309 603 1915 3364">
     <span class='ocr_line' id='line_1_2' title="bbox 317 603 1858 683; baseline -0.004 -13"><span class='ocrx_word' id='word_1_5' title='bbox 317 611 488 682; x_wconf 81' lang='lat' dir='ltr'><strong><em>Urhanden,</em></strong></span> <span class='ocrx_word' id='word_1_6' title='bbox 512 613 565 668; x_wconf 80' lang='lat' dir='ltr'><strong><em>nsit</em></strong></span> <span class='ocrx_word' id='word_1_7' title='bbox 587 609 652 668; x_wconf 89' lang='lat' dir='ltr'><strong><em>DO.</em></strong></span> <span class='ocrx_word' id='word_1_8' title='bbox 672 613 715 669; x_wconf 98' lang='grc'><strong><em>20</em></strong></span> <span class='ocrx_word' id='word_1_9' title='bbox 738 609 801 668; x_wconf 87' lang='lat' dir='ltr'><strong><em>and</em></strong></span> <span class='ocrx_word' id='word_1_10' title='bbox 823 611 877 666; x_wconf 88' lang='lat' dir='ltr'><strong><em>rnit</em></strong></span> <span class='ocrx_word' id='word_1_11' title='bbox 900 609 955 666; x_wconf 86' lang='lat' dir='ltr'><strong><em>den</em></strong></span> <span class='ocrx_word' id='word_1_12' title='bbox 976 606 1209 680; x_wconf 77' lang='lat' dir='ltr'><strong><em>nachfolpeadcn</em></strong></span> <span class='ocrx_word' id='word_1_13' title='bbox 1231 606 1301 666; x_wconf 89' lang='lat' dir='ltr'><strong><em>DD.</em></strong></span> <span class='ocrx_word' id='word_1_14' title='bbox 1322 605 1388 666; x_wconf 87' lang='lat' dir='ltr'><strong><em>Otto</em></strong></span> <span class='ocrx_word' id='word_1_15' title='bbox 1406 615 1431 666; x_wconf 85' lang='grc' dir='ltr'><strong><em>Ι.</em></strong></span> <span class='ocrx_word' id='word_1_16' title='bbox 1455 624 1520 664; x_wconf 79' lang='lat' dir='ltr'><strong><em>conr</em></strong></span> <span class='ocrx_word' id='word_1_17' title='bbox 1542 605 1574 664; x_wconf 81' lang='lat' dir='ltr'><strong><em>J.</em></strong></span> <span class='ocrx_word' id='word_1_18' title='bbox 1598 607 1659 666; x_wconf 84' lang='lat'><strong><em>965</em></strong></span> <span class='ocrx_word' id='word_1_19' title='bbox 1685 603 1764 683; x_wconf 82' lang='lat' dir='ltr'><strong><em>(Do.</em></strong></span> <span class='ocrx_word' id='word_1_20' title='bbox 1782 603 1858 683; x_wconf 86' lang='grc'><em>302)</em></span> 
     </span>
     <span class='ocr_line' id='line_1_3' title="bbox 313 709 1860 789; baseline -0.003 -16"><span class='ocrx_word' id='word_1_21' title='bbox 313 715 377 773; x_wconf 80' lang='lat' dir='ltr'><strong><em>rard</em></strong></span> <span class='ocrx_word' id='word_1_22' title='bbox 405 715 546 772; x_wconf 75' lang='lat' dir='ltr'><strong><em>Heinrich</em></strong></span> <span class='ocrx_word' id='word_1_23' title='bbox 570 721 610 772; x_wconf 83' lang='grc' dir='ltr'><strong><em>ΙΙ.</em></strong></span> <span class='ocrx_word' id='word_1_24' title='bbox 641 731 705 771; x_wconf 57' lang='lat' dir='ltr'><strong><em>ccam</em></strong></span> <span class='ocrx_word' id='word_1_25' title='bbox 733 713 766 772; x_wconf 81' lang='lat' dir='ltr'><strong><em>J.</em></strong></span> <span class='ocrx_word' id='word_1_26' title='bbox 790 715 876 771; x_wconf 87' lang='grc'><em>1002</em></span> <span class='ocrx_word' id='word_1_27' title='bbox 905 710 1046 789; x_wconf 83' lang='lat' dir='ltr'><strong><em>(Stampf</em></strong></span> <span class='ocrx_word' id='word_1_28' title='bbox 1069 712 1142 782; x_wconf 77' lang='lat' dir='ltr'><strong><em>Rea.</em></strong></span> <span class='ocrx_word' id='word_1_29' title='bbox 1167 709 1262 786; x_wconf 79' lang='lat'><strong><em>1311)</em></strong></span> <span class='ocrx_word' id='word_1_30' title='bbox 1296 711 1425 768; x_wconf 80' lang='lat' dir='ltr'><strong><em>dbcrein.</em></strong></span> <span class='ocrx_word' id='word_1_31' title='bbox 1472 710 1523 768; x_wconf 91' lang='lat' dir='ltr'><strong><em>Da</em></strong></span> <span class='ocrx_word' id='word_1_32' title='bbox 1553 711 1615 768; x_wconf 86' lang='lat' dir='ltr'><strong><em>sich</em></strong></span> <span class='ocrx_word' id='word_1_33' title='bbox 1645 727 1739 784; x_wconf 80' lang='lat' dir='ltr'><strong><em>panea</em></strong></span> <span class='ocrx_word' id='word_1_34' title='bbox 1773 710 1860 770; x_wconf 77' lang='lat' dir='ltr'><strong><em>Sdtrc</em></strong></span> 
     </span>
     <span class='ocr_line' id='line_1_4' title="bbox 313 812 1858 886; baseline -0.003 -11"><span class='ocrx_word' id='word_1_35' title='bbox 313 820 347 875; x_wconf 85' lang='lat' dir='ltr'><strong><em>in</em></strong></span> <span class='ocrx_word' id='word_1_36' title='bbox 375 817 453 876; x_wconf 86' lang='lat' dir='ltr'><strong><em>allen</em></strong></span> <span class='ocrx_word' id='word_1_37' title='bbox 480 817 552 876; x_wconf 91' lang='lat' dir='ltr'><strong><em>oder</em></strong></span> <span class='ocrx_word' id='word_1_38' title='bbox 579 817 649 875; x_wconf 90' lang='lat' dir='ltr'><strong><em>doch</em></strong></span> <span class='ocrx_word' id='word_1_39' title='bbox 676 818 710 874; x_wconf 88' lang='lat' dir='ltr'><strong><em>in</em></strong></span> <span class='ocrx_word' id='word_1_40' title='bbox 737 817 885 874; x_wconf 83' lang='lat' dir='ltr'><strong><em>mehrercn</em></strong></span> <span class='ocrx_word' id='word_1_41' title='bbox 912 812 1532 886; x_wconf 65' lang='grc'><em>0000000000810000000000100,</em></span> <span class='ocrx_word' id='word_1_42' title='bbox 1563 814 1636 872; x_wconf 84' lang='lat' dir='ltr'><strong><em>tdsst</em></strong></span> <span class='ocrx_word' id='word_1_43' title='bbox 1657 815 1719 872; x_wconf 83' lang='lat' dir='ltr'><strong><em>sich</em></strong></span> <span class='ocrx_word' id='word_1_44' title='bbox 1741 814 1783 870; x_wconf 85' lang='lat' dir='ltr'><strong><em>e‘rn</em></strong></span> <span class='ocrx_word' id='word_1_45' title='bbox 1805 813 1858 872; x_wconf 90' lang='lat' dir='ltr'><strong><em>all·</em></strong></span> 
     </span>
     <span class='ocr_line' id='line_1_5' title="bbox 309 913 1861 993; baseline 0.001 -17"><span class='ocrx_word' id='word_1_46' title='bbox 309 921 461 993; x_wconf 72' lang='lat' dir='ltr'><strong><em>qemeinen</em></strong></span> <span class='ocrx_word' id='word_1_47' title='bbox 487 920 567 976; x_wconf 76' lang='lat' dir='ltr'><strong><em>naht</em></strong></span> <span class='ocrx_word' id='word_1_48' title='bbox 596 919 766 977; x_wconf 82' lang='lat' dir='ltr'><strong><em>bcsttmmen</em></strong></span> <span class='ocrx_word' id='word_1_49' title='bbox 794 918 910 976; x_wconf 80' lang='lat' dir='ltr'><em>welches</em></span> <span class='ocrx_word' id='word_1_50' title='bbox 945 917 1092 976; x_wconf 83' lang='lat' dir='ltr'><strong><em>cierselben</em></strong></span> <span class='ocrx_word' id='word_1_51' title='bbox 1119 934 1175 974; x_wconf 85' lang='lat' dir='ltr'><strong><em>con</em></strong></span> <span class='ocrx_word' id='word_1_52' title='bbox 1202 913 1267 974; x_wconf 89' lang='lat' dir='ltr'><strong><em>dern</em></strong></span> <span class='ocrx_word' id='word_1_53' title='bbox 1301 916 1444 974; x_wconf 78' lang='lat' dir='ltr'><strong><em>Falscher</em></strong></span> <span class='ocrx_word' id='word_1_54' title='bbox 1473 917 1582 990; x_wconf 78' lang='lat' dir='ltr'><strong><em>parade</em></strong></span> <span class='ocrx_word' id='word_1_55' title='bbox 1616 915 1671 988; x_wconf 76' lang='lat' dir='ltr'><strong><em>fiir</em></strong></span> <span class='ocrx_word' id='word_1_56' title='bbox 1704 916 1772 977; x_wconf 85' lang='lat' dir='ltr'><strong><em>Dc.</em></strong></span> <span class='ocrx_word' id='word_1_57' title='bbox 1795 921 1861 978; x_wconf 88' lang='grc'><strong><em>212</em></strong></span> 
     </span>
     <span class='ocr_line' id='line_1_6' title="bbox 312 1019 1860 1093; baseline -0.003 -10"><span class='ocrx_word' id='word_1_58' title='bbox 312 1024 431 1083; x_wconf 83' lang='lat' dir='ltr'><strong><em>bcnatrt</em></strong></span> <span class='ocrx_word' id='word_1_59' title='bbox 459 1022 578 1080; x_wconf 75' lang='grc'><em>000000</em></span> <span class='ocrx_word' id='word_1_60' title='bbox 606 1023 654 1080; x_wconf 88' lang='lat' dir='ltr'><strong><em>ist.</em></strong></span> <span class='ocrx_word' id='word_1_61' title='bbox 698 1021 763 1079; x_wconf 88' lang='lat' dir='ltr'><strong><em>Der</em></strong></span> <span class='ocrx_word' id='word_1_62' title='bbox 789 1021 961 1080; x_wconf 87' lang='lat' dir='ltr'><strong><em>Petitdrnch</em></strong></span> <span class='ocrx_word' id='word_1_63' title='bbox 989 1022 1053 1079; x_wconf 84' lang='lat' dir='ltr'><strong><em>hier</em></strong></span> <span class='ocrx_word' id='word_1_64' title='bbox 1081 1019 1135 1079; x_wconf 85' lang='lat' dir='ltr'><strong><em>solt</em></strong></span> <span class='ocrx_word' id='word_1_65' title='bbox 1161 1020 1223 1078; x_wconf 87' lang='lat' dir='ltr'><strong><em>also</em></strong></span> <span class='ocrx_word' id='word_1_66' title='bbox 1252 1019 1385 1092; x_wconf 80' lang='lat' dir='ltr'><strong><em>lediplich</em></strong></span> <span class='ocrx_word' id='word_1_67' title='bbox 1413 1020 1460 1078; x_wconf 85' lang='lat' dir='ltr'><strong><em>dic</em></strong></span> <span class='ocrx_word' id='word_1_68' title='bbox 1480 1021 1783 1093; x_wconf 75' lang='lat' dir='ltr'><strong><em>Uebereinstr&#39;nunanp</em></strong></span> <span class='ocrx_word' id='word_1_69' title='bbox 1805 1022 1860 1078; x_wconf 86' lang='lat' dir='ltr'><strong><em>ruit</em></strong></span> 
     </span>
     <span class='ocr_line' id='line_1_7' title="bbox 310 1123 1860 1197; baseline -0.001 -13"><span class='ocrx_word' id='word_1_70' title='bbox 310 1125 441 1184; x_wconf 76' lang='lat' dir='ltr'><strong><em>anderen</em></strong></span> <span class='ocrx_word' id='word_1_71' title='bbox 460 1124 664 1184; x_wconf 83' lang='lat' dir='ltr'><strong><em>Osnabrc&#39;tcher</em></strong></span> <span class='ocrx_word' id='word_1_72' title='bbox 684 1123 845 1184; x_wconf 85' lang='lat' dir='ltr'><strong><em>Urhundcn</em></strong></span> <span class='ocrx_word' id='word_1_73' title='bbox 867 1126 1007 1197; x_wconf 75' lang='lat' dir='ltr'><strong><em>anceipcn</em></strong></span> <span class='ocrx_word' id='word_1_74' title='bbox 1029 1123 1093 1180; x_wconf 83' lang='lat' dir='ltr'><strong><em>and</em></strong></span> <span class='ocrx_word' id='word_1_75' title='bbox 1114 1124 1195 1182; x_wconf 86' lang='lat' dir='ltr'><strong><em>nicht</em></strong></span> <span class='ocrx_word' id='word_1_76' title='bbox 1217 1123 1274 1181; x_wconf 90' lang='lat' dir='ltr'><strong><em>den</em></strong></span> <span class='ocrx_word' id='word_1_77' title='bbox 1289 1124 1451 1184; x_wconf 81' lang='lat' dir='ltr'><strong><em>Anschtuss</em></strong></span> <span class='ocrx_word' id='word_1_78' title='bbox 1474 1125 1523 1182; x_wconf 87' lang='lat' dir='ltr'><strong><em>des</em></strong></span> <span class='ocrx_word' id='word_1_79' title='bbox 1547 1126 1633 1182; x_wconf 83' lang='lat' dir='ltr'><strong><em>einen</em></strong></span> <span class='ocrx_word' id='word_1_80' title='bbox 1654 1124 1724 1182; x_wconf 90' lang='lat' dir='ltr'><strong><em>ader</em></strong></span> <span class='ocrx_word' id='word_1_81' title='bbox 1745 1124 1860 1184; x_wconf 89' lang='lat' dir='ltr'><strong><em>andern</em></strong></span> 
     </span>
     <span class='ocr_line' id='line_1_8' title="bbox 311 1226 1858 1300; baseline -0.003 -12"><span class='ocrx_word' id='word_1_82' title='bbox 311 1230 424 1288; x_wconf 77' lang='lat' dir='ltr'><strong><em>Passus</em></strong></span> <span class='ocrx_word' id='word_1_83' title='bbox 440 1247 480 1286; x_wconf 90' lang='lat' dir='ltr'><strong><em>an</em></strong></span> <span class='ocrx_word' id='word_1_84' title='bbox 496 1231 560 1286; x_wconf 85' lang='lat' dir='ltr'><strong><em>eine</em></strong></span> <span class='ocrx_word' id='word_1_85' title='bbox 575 1230 735 1286; x_wconf 81' lang='lat' dir='ltr'><strong><em>bestimmtc</em></strong></span> <span class='ocrx_word' id='word_1_86' title='bbox 755 1227 906 1288; x_wconf 86' lang='lat' dir='ltr'><strong><em>Urhandc.</em></strong></span> <span class='ocrx_word' id='word_1_87' title='bbox 944 1227 1015 1286; x_wconf 85' lang='lat' dir='ltr'><strong><em>Nar</em></strong></span> <span class='ocrx_word' id='word_1_88' title='bbox 1031 1228 1124 1299; x_wconf 81' lang='lat' dir='ltr'><strong><em>einipe</em></strong></span> <span class='ocrx_word' id='word_1_89' title='bbox 1139 1227 1246 1286; x_wconf 84' lang='lat' dir='ltr'><strong><em>Stellen</em></strong></span> <span class='ocrx_word' id='word_1_90' title='bbox 1264 1226 1420 1284; x_wconf 85' lang='lat' dir='ltr'><strong><em>cerdienen</em></strong></span> <span class='ocrx_word' id='word_1_91' title='bbox 1437 1227 1665 1300; x_wconf 71' lang='lat' dir='ltr'><strong><em>hert-orpchoben</em></strong></span> <span class='ocrx_word' id='word_1_92' title='bbox 1679 1245 1719 1284; x_wconf 80' lang='lat' dir='ltr'><strong><em>ra</em></strong></span> <span class='ocrx_word' id='word_1_93' title='bbox 1735 1226 1858 1284; x_wconf 75' lang='lat' dir='ltr'><strong><em>wadan.</em></strong></span> 
     </span>
     <span class='ocr_line' id='line_1_9' title="bbox 311 1329 1860 1404; baseline -0.001 -14"><span class='ocrx_word' id='word_1_94' title='bbox 311 1333 349 1390; x_wconf 87' lang='lat' dir='ltr'><strong><em>In</em></strong></span> <span class='ocrx_word' id='word_1_95' title='bbox 372 1332 424 1390; x_wconf 89' lang='lat' dir='ltr'><strong><em>der</em></strong></span> <span class='ocrx_word' id='word_1_96' title='bbox 448 1329 796 1402; x_wconf 75' lang='lat' dir='ltr'><strong><em>Conobaatanssorma</em></strong></span> <span class='ocrx_word' id='word_1_97' title='bbox 818 1332 972 1390; x_wconf 86' lang='lat' dir='ltr'><strong><em>cerrathen</em></strong></span> <span class='ocrx_word' id='word_1_98' title='bbox 999 1330 1046 1388; x_wconf 85' lang='lat' dir='ltr'><strong><em>dic</em></strong></span> <span class='ocrx_word' id='word_1_99' title='bbox 1071 1331 1169 1389; x_wconf 84' lang='lat' dir='ltr'><strong><em>Wartc</em></strong></span> <span class='ocrx_word' id='word_1_100' title='bbox 1196 1331 1250 1389; x_wconf 93' lang='lat' dir='ltr'><strong><em>hoc</em></strong></span> <span class='ocrx_word' id='word_1_101' title='bbox 1274 1331 1370 1404; x_wconf 81' lang='lat' dir='ltr'><strong><em>regiae</em></strong></span> <span class='ocrx_word' id='word_1_102' title='bbox 1395 1332 1586 1390; x_wconf 88' lang='lat' dir='ltr'><strong><em>immunitatis</em></strong></span> <span class='ocrx_word' id='word_1_103' title='bbox 1609 1331 1728 1404; x_wconf 83' lang='lat' dir='ltr'>insigne</span> <span class='ocrx_word' id='word_1_104' title='bbox 1758 1331 1860 1388; x_wconf 79' lang='lat' dir='ltr'><strong><em>welche</em></strong></span> 
     </span>
     <span class='ocr_line' id='line_1_10' title="bbox 311 1431 1860 1507; baseline 0.001 -14"><span class='ocrx_word' id='word_1_105' title='bbox 311 1437 405 1494; x_wconf 82' lang='lat' dir='ltr'><strong><em>einero</em></strong></span> <span class='ocrx_word' id='word_1_106' title='bbox 427 1436 461 1492; x_wconf 81' lang='lat' dir='ltr'><strong><em>in</em></strong></span> <span class='ocrx_word' id='word_1_107' title='bbox 483 1434 540 1492; x_wconf 86' lang='lat' dir='ltr'><strong><em>den</em></strong></span> <span class='ocrx_word' id='word_1_108' title='bbox 562 1435 619 1493; x_wconf 81' lang='lat' dir='ltr'><strong><em>JJ.</em></strong></span> <span class='ocrx_word' id='word_1_109' title='bbox 640 1437 864 1493; x_wconf 80' lang='grc'><em>1000-1004</em></span> <span class='ocrx_word' id='word_1_110' title='bbox 887 1436 920 1492; x_wconf 87' lang='lat' dir='ltr'><strong><em>in</em></strong></span> <span class='ocrx_word' id='word_1_111' title='bbox 943 1434 994 1492; x_wconf 93' lang='lat' dir='ltr'><strong><em>der</em></strong></span> <span class='ocrx_word' id='word_1_112' title='bbox 1016 1433 1145 1492; x_wconf 79' lang='lat' dir='ltr'><strong><em>Kanalci</em></strong></span> <span class='ocrx_word' id='word_1_113' title='bbox 1171 1433 1237 1494; x_wconf 89' lang='lat' dir='ltr'><strong><em>Otto</em></strong></span> <span class='ocrx_word' id='word_1_114' title='bbox 1256 1441 1312 1493; x_wconf 85' lang='grc' dir='ltr'><strong><em>ΙΙΙ.</em></strong></span> <span class='ocrx_word' id='word_1_115' title='bbox 1337 1435 1400 1492; x_wconf 90' lang='grc'><strong><em>000</em></strong></span> <span class='ocrx_word' id='word_1_116' title='bbox 1421 1434 1566 1492; x_wconf 75' lang='lat' dir='ltr'><strong><em>Heinrich</em></strong></span> <span class='ocrx_word' id='word_1_117' title='bbox 1584 1440 1624 1491; x_wconf 86' lang='lat' dir='ltr'><strong><em>II.</em></strong></span> <span class='ocrx_word' id='word_1_118' title='bbox 1649 1431 1860 1507; x_wconf 76' lang='lat' dir='ltr'><strong><em>beschdftiqtcn</em></strong></span> 
     </span>
     <span class='ocr_line' id='line_1_11' title="bbox 309 1536 1859 1612; baseline -0.002 -15"><span class='ocrx_word' id='word_1_119' title='bbox 309 1539 447 1598; x_wconf 75' lang='lat' dir='ltr'><em>Dictator</em></span> <span class='ocrx_word' id='word_1_120' title='bbox 476 1537 699 1612; x_wconf 78' lang='lat' dir='ltr'><strong><em>eipcntlntrnlich</em></strong></span> <span class='ocrx_word' id='word_1_121' title='bbox 727 1537 811 1607; x_wconf 88' lang='lat' dir='ltr'><strong><em>sind,</em></strong></span> <span class='ocrx_word' id='word_1_122' title='bbox 845 1537 914 1596; x_wconf 89' lang='lat' dir='ltr'><strong><em>dass</em></strong></span> <span class='ocrx_word' id='word_1_123' title='bbox 943 1555 973 1595; x_wconf 90' lang='grc'><strong><em>0.</em></strong></span> <span class='ocrx_word' id='word_1_124' title='bbox 1003 1555 1031 1596; x_wconf 92' lang='grc'><strong><em>0.</em></strong></span> <span class='ocrx_word' id='word_1_125' title='bbox 1062 1536 1189 1609; x_wconf 75' lang='lat' dir='ltr'><strong><em>Stamps</em></strong></span> <span class='ocrx_word' id='word_1_126' title='bbox 1212 1538 1285 1610; x_wconf 75' lang='lat' dir='ltr'><strong><em>nep.</em></strong></span> <span class='ocrx_word' id='word_1_127' title='bbox 1316 1541 1399 1597; x_wconf 78' lang='lat'><strong><em>1314</em></strong></span> <span class='ocrx_word' id='word_1_128' title='bbox 1429 1537 1484 1608; x_wconf 76' lang='lat' dir='ltr'><strong><em>sehr</em></strong></span> <span class='ocrx_word' id='word_1_129' title='bbox 1511 1553 1602 1595; x_wconf 86' lang='lat' dir='ltr'><strong><em>anser</em></strong></span> <span class='ocrx_word' id='word_1_130' title='bbox 1629 1537 1667 1594; x_wconf 91' lang='lat' dir='ltr'><strong><em>D.</em></strong></span> <span class='ocrx_word' id='word_1_131' title='bbox 1698 1536 1859 1595; x_wconf 75' lang='lat' dir='ltr'><strong><em>oernenda</em></strong></span> 
     </span>
     <span class='ocr_line' id='line_1_12' title="bbox 311 1637 1860 1712; baseline -0.003 -12"><span class='ocrx_word' id='word_1_132' title='bbox 311 1641 495 1700; x_wconf 73' lang='grc'><em>00000001.</em></span> <span class='ocrx_word' id='word_1_133' title='bbox 532 1640 720 1699; x_wconf 83' lang='lat' dir='ltr'><strong><em>Andrerscits</em></strong></span> <span class='ocrx_word' id='word_1_134' title='bbox 743 1643 824 1698; x_wconf 86' lang='lat' dir='ltr'><strong><em>weist</em></strong></span> <span class='ocrx_word' id='word_1_135' title='bbox 847 1637 1035 1699; x_wconf 78' lang='lat' dir='ltr'><strong><em>indictionum</em></strong></span> <span class='ocrx_word' id='word_1_136' title='bbox 1058 1638 1740 1712; x_wconf 54' lang='grc' dir='ltr'><em>00οΒ000000000010013000000010.</em></span> <span class='ocrx_word' id='word_1_137' title='bbox 1775 1639 1860 1697; x_wconf 76' lang='lat' dir='ltr'><strong><em>blnd-</em></strong></span> 
     </span>
     <span class='ocr_line' id='line_1_13' title="bbox 311 1741 1860 1817; baseline -0.002 -15"><span class='ocrx_word' id='word_1_138' title='bbox 311 1745 368 1804; x_wconf 87' lang='lat' dir='ltr'><strong><em>lich</em></strong></span> <span class='ocrx_word' id='word_1_139' title='bbox 396 1747 435 1804; x_wconf 84' lang='lat' dir='ltr'><strong><em>ist</em></strong></span> <span class='ocrx_word' id='word_1_140' title='bbox 464 1763 505 1802; x_wconf 79' lang='lat' dir='ltr'><strong><em>ea</em></strong></span> <span class='ocrx_word' id='word_1_141' title='bbox 533 1746 684 1816; x_wconf 89' lang='lat' dir='ltr'><strong><em>beachten,</em></strong></span> <span class='ocrx_word' id='word_1_142' title='bbox 719 1745 788 1803; x_wconf 92' lang='lat' dir='ltr'><strong><em>dass</em></strong></span> <span class='ocrx_word' id='word_1_143' title='bbox 817 1744 1002 1817; x_wconf 68' lang='lat' dir='ltr'><strong><em>dilectissime</em></strong></span> <span class='ocrx_word' id='word_1_144' title='bbox 1027 1743 1127 1801; x_wconf 86' lang='lat' dir='ltr'><strong><em>matris</em></strong></span> <span class='ocrx_word' id='word_1_145' title='bbox 1148 1743 1353 1802; x_wconf 88' lang='lat' dir='ltr'><strong><em>-servitium</em></strong></span> <span class='ocrx_word' id='word_1_146' title='bbox 1379 1743 1507 1802; x_wconf 89' lang='lat' dir='ltr'><strong><em>eiusdem</em></strong></span> <span class='ocrx_word' id='word_1_147' title='bbox 1531 1741 1708 1802; x_wconf 88' lang='lat' dir='ltr'><strong><em>venerabilis</em></strong></span> <span class='ocrx_word' id='word_1_148' title='bbox 1734 1742 1860 1816; x_wconf 83' lang='lat' dir='ltr'><strong><em>episcopi</em></strong></span> 
     </span>
     <span class='ocr_line' id='line_1_14' title="bbox 310 1843 1861 1922; baseline -0.003 -15"><span class='ocrx_word' id='word_1_149' title='bbox 310 1866 372 1907; x_wconf 87' lang='lat' dir='ltr'><strong><em>nur</em></strong></span> <span class='ocrx_word' id='word_1_150' title='bbox 392 1849 456 1906; x_wconf 86' lang='lat' dir='ltr'><strong><em>hier</em></strong></span> <span class='ocrx_word' id='word_1_151' title='bbox 477 1847 541 1906; x_wconf 88' lang='grc'><strong><em>000</em></strong></span> <span class='ocrx_word' id='word_1_152' title='bbox 563 1849 596 1905; x_wconf 85' lang='lat' dir='ltr'><strong><em>in</em></strong></span> <span class='ocrx_word' id='word_1_153' title='bbox 618 1847 685 1908; x_wconf 92' lang='lat' dir='ltr'><strong><em>DO.</em></strong></span> <span class='ocrx_word' id='word_1_154' title='bbox 710 1851 775 1907; x_wconf 88' lang='grc'><strong><em>302</em></strong></span> <span class='ocrx_word' id='word_1_155' title='bbox 797 1849 944 1922; x_wconf 78' lang='lat' dir='ltr'><strong><em>bepcpnet,·</em></strong></span> <span class='ocrx_word' id='word_1_156' title='bbox 967 1863 995 1905; x_wconf 91' lang='lat' dir='ltr'><strong><em>es</em></strong></span> <span class='ocrx_word' id='word_1_157' title='bbox 1018 1847 1094 1905; x_wconf 84' lang='lat' dir='ltr'><strong><em>roird</em></strong></span> <span class='ocrx_word' id='word_1_158' title='bbox 1116 1848 1178 1905; x_wconf 85' lang='lat' dir='ltr'><strong><em>sich</em></strong></span> <span class='ocrx_word' id='word_1_159' title='bbox 1200 1847 1270 1904; x_wconf 88' lang='lat' dir='ltr'><strong><em>aher</em></strong></span> <span class='ocrx_word' id='word_1_160' title='bbox 1290 1845 1370 1902; x_wconf 88' lang='lat' dir='ltr'><strong><em>nicht</em></strong></span> <span class='ocrx_word' id='word_1_161' title='bbox 1393 1843 1575 1902; x_wconf 86' lang='lat' dir='ltr'><strong><em>cntscheiden</em></strong></span> <span class='ocrx_word' id='word_1_162' title='bbox 1596 1843 1700 1914; x_wconf 88' lang='lat' dir='ltr'><strong><em>lassen,</em></strong></span> <span class='ocrx_word' id='word_1_163' title='bbox 1725 1846 1759 1904; x_wconf 93' lang='lat' dir='ltr'><strong><em>ob</em></strong></span> <span class='ocrx_word' id='word_1_164' title='bbox 1782 1843 1861 1902; x_wconf 85' lang='lat' dir='ltr'><strong><em>dtesc</em></strong></span> 
     </span>
     <span class='ocr_line' id='line_1_15' title="bbox 310 1947 1861 2022; baseline -0.006 -9"><span class='ocrx_word' id='word_1_165' title='bbox 310 1952 409 2013; x_wconf 87' lang='lat' dir='ltr'><strong><em>Wartc</em></strong></span> <span class='ocrx_word' id='word_1_166' title='bbox 430 1969 487 2010; x_wconf 86' lang='lat' dir='ltr'><strong><em>aas</em></strong></span> <span class='ocrx_word' id='word_1_167' title='bbox 509 1952 656 2010; x_wconf 79' lang='lat' dir='ltr'><strong><em>letrtercrn</em></strong></span> <span class='ocrx_word' id='word_1_168' title='bbox 678 1951 717 2009; x_wconf 89' lang='lat' dir='ltr'><strong><em>D.</em></strong></span> <span class='ocrx_word' id='word_1_169' title='bbox 742 1952 1038 2022; x_wconf 80' lang='lat' dir='ltr'><strong><em>hardberpcnoranren</em></strong></span> <span class='ocrx_word' id='word_1_170' title='bbox 1059 1949 1129 2008; x_wconf 90' lang='lat' dir='ltr'><strong><em>sind</em></strong></span> <span class='ocrx_word' id='word_1_171' title='bbox 1150 1949 1220 2007; x_wconf 91' lang='lat' dir='ltr'><strong><em>oder</em></strong></span> <span class='ocrx_word' id='word_1_172' title='bbox 1243 1948 1347 2006; x_wconf 85' lang='lat' dir='ltr'><strong><em>bereits</em></strong></span> <span class='ocrx_word' id='word_1_173' title='bbox 1370 1948 1402 2005; x_wconf 86' lang='lat' dir='ltr'><strong><em>in</em></strong></span> <span class='ocrx_word' id='word_1_174' title='bbox 1426 1949 1520 2005; x_wconf 83' lang='lat' dir='ltr'><strong><em>cinam</em></strong></span> <span class='ocrx_word' id='word_1_175' title='bbox 1542 1947 1639 2004; x_wconf 90' lang='lat' dir='ltr'><strong><em>echten</em></strong></span> <span class='ocrx_word' id='word_1_176' title='bbox 1654 1947 1781 2019; x_wconf 79' lang='lat' dir='ltr'><strong><em>Prdccpt</em></strong></span> <span class='ocrx_word' id='word_1_177' title='bbox 1796 1963 1861 2004; x_wconf 86' lang='grc'><strong><em>000</em></strong></span> 
     </span>
     <span class='ocr_line' id='line_1_16' title="bbox 311 2050 1861 2128; baseline -0.005 -14"><span class='ocrx_word' id='word_1_178' title='bbox 311 2054 343 2114; x_wconf 89' lang='lat' dir='ltr'><strong><em>J.</em></strong></span> <span class='ocrx_word' id='word_1_179' title='bbox 369 2057 432 2114; x_wconf 87' lang='lat'><strong><em>960</em></strong></span> <span class='ocrx_word' id='word_1_180' title='bbox 458 2055 619 2128; x_wconf 79' lang='lat' dir='ltr'><strong><em>pestandcn</em></strong></span> <span class='ocrx_word' id='word_1_181' title='bbox 649 2055 749 2113; x_wconf 89' lang='lat' dir='ltr'><strong><em>haben.</em></strong></span> <span class='ocrx_word' id='word_1_182' title='bbox 801 2054 1004 2114; x_wconf 85' lang='lat' dir='ltr'><strong><em>Uebcrhlichen</em></strong></span> <span class='ocrx_word' id='word_1_183' title='bbox 1032 2055 1088 2110; x_wconf 82' lang='lat' dir='ltr'><strong><em>coir</em></strong></span> <span class='ocrx_word' id='word_1_184' title='bbox 1115 2071 1180 2111; x_wconf 87' lang='lat' dir='ltr'><strong><em>nan</em></strong></span> <span class='ocrx_word' id='word_1_185' title='bbox 1211 2052 1259 2109; x_wconf 85' lang='lat' dir='ltr'><strong><em>dic</em></strong></span> <span class='ocrx_word' id='word_1_186' title='bbox 1286 2051 1574 2122; x_wconf 77' lang='lat' dir='ltr'><strong><em>eerhc‘tltnissnrdssip</em></strong></span> <span class='ocrx_word' id='word_1_187' title='bbox 1603 2051 1733 2122; x_wconf 73' lang='grc' dir='ltr'><em>00000εο</em></span> <span class='ocrx_word' id='word_1_188' title='bbox 1762 2050 1861 2109; x_wconf 83' lang='lat' dir='ltr'><strong><em>Wartc</em></strong></span> 
     </span>
     <span class='ocr_line' id='line_1_17' title="bbox 310 2153 1861 2231; baseline -0.003 -15"><span class='ocrx_word' id='word_1_189' title='bbox 310 2157 411 2217; x_wconf 88' lang='lat' dir='ltr'><strong><em>welche</em></strong></span> <span class='ocrx_word' id='word_1_190' title='bbox 432 2175 569 2217; x_wconf 82' lang='lat' dir='ltr'><strong><em>anserem</em></strong></span> <span class='ocrx_word' id='word_1_191' title='bbox 590 2158 630 2218; x_wconf 91' lang='lat' dir='ltr'><strong><em>D.</em></strong></span> <span class='ocrx_word' id='word_1_192' title='bbox 654 2159 744 2217; x_wconf 87' lang='lat' dir='ltr'><strong><em>allein</em></strong></span> <span class='ocrx_word' id='word_1_193' title='bbox 763 2159 942 2231; x_wconf 76' lang='lat' dir='ltr'><strong><em>arraehbrco,</em></strong></span> <span class='ocrx_word' id='word_1_194' title='bbox 977 2174 1009 2215; x_wconf 93' lang='lat' dir='ltr'><strong><em>so</em></strong></span> <span class='ocrx_word' id='word_1_195' title='bbox 1033 2157 1166 2216; x_wconf 79' lang='lat' dir='ltr'><strong><em>beeiehcn</em></strong></span> <span class='ocrx_word' id='word_1_196' title='bbox 1188 2157 1231 2214; x_wconf 88' lang='lat' dir='ltr'><strong><em>sie</em></strong></span> <span class='ocrx_word' id='word_1_197' title='bbox 1254 2156 1315 2213; x_wconf 89' lang='lat' dir='ltr'><strong><em>sich</em></strong></span> <span class='ocrx_word' id='word_1_198' title='bbox 1341 2154 1507 2213; x_wconf 83' lang='lat' dir='ltr'><strong><em>sdnrrntlich</em></strong></span> <span class='ocrx_word' id='word_1_199' title='bbox 1535 2153 1597 2224; x_wconf 75' lang='lat' dir='ltr'><strong><em>aas</em></strong></span> <span class='ocrx_word' id='word_1_200' title='bbox 1618 2154 1763 2222; x_wconf 88' lang='lat' dir='ltr'><strong><em>Zehnten‚</em></strong></span> <span class='ocrx_word' id='word_1_201' title='bbox 1798 2171 1861 2211; x_wconf 85' lang='lat' dir='ltr'><strong><em>ccr-</em></strong></span> 
     </span>
     <span class='ocr_line' id='line_1_18' title="bbox 310 2258 1860 2332; baseline -0.003 -13"><span class='ocrx_word' id='word_1_202' title='bbox 310 2262 428 2319; x_wconf 85' lang='lat' dir='ltr'><strong><em>danhen</em></strong></span> <span class='ocrx_word' id='word_1_203' title='bbox 449 2262 512 2320; x_wconf 86' lang='lat' dir='ltr'><strong><em>alsa</em></strong></span> <span class='ocrx_word' id='word_1_204' title='bbox 534 2262 608 2320; x_wconf 86' lang='lat' dir='ltr'><strong><em>rcohl</em></strong></span> <span class='ocrx_word' id='word_1_205' title='bbox 629 2263 709 2320; x_wconf 87' lang='lat' dir='ltr'><strong><em>nicht</em></strong></span> <span class='ocrx_word' id='word_1_206' title='bbox 732 2261 823 2320; x_wconf 89' lang='lat' dir='ltr'><strong><em>allein</em></strong></span> <span class='ocrx_word' id='word_1_207' title='bbox 845 2261 909 2318; x_wconf 84' lang='lat' dir='ltr'><strong><em>dem</em></strong></span> <span class='ocrx_word' id='word_1_208' title='bbox 936 2261 1115 2319; x_wconf 84' lang='lat' dir='ltr'><strong><em>Zehntstreit</em></strong></span> <span class='ocrx_word' id='word_1_209' title='bbox 1141 2260 1337 2332; x_wconf 79' lang='lat' dir='ltr'><strong><em>schlechtroep,</em></strong></span> <span class='ocrx_word' id='word_1_210' title='bbox 1371 2259 1498 2318; x_wconf 78' lang='lat' dir='ltr'><strong><em>sandeta</em></strong></span> <span class='ocrx_word' id='word_1_211' title='bbox 1527 2259 1580 2316; x_wconf 86' lang='lat' dir='ltr'><strong><em>der</em></strong></span> <span class='ocrx_word' id='word_1_212' title='bbox 1606 2275 1662 2316; x_wconf 88' lang='grc'><strong><em>000</em></strong></span> <span class='ocrx_word' id='word_1_213' title='bbox 1684 2258 1788 2316; x_wconf 88' lang='lat' dir='ltr'><strong><em>Benna</em></strong></span> <span class='ocrx_word' id='word_1_214' title='bbox 1815 2259 1860 2316; x_wconf 93' lang='lat' dir='ltr'><strong><em>be-</em></strong></span> 
     </span>
     <span class='ocr_line' id='line_1_19' title="bbox 310 2361 1864 2438; baseline -0.001 -16"><span class='ocrx_word' id='word_1_215' title='bbox 310 2365 413 2423; x_wconf 89' lang='lat' dir='ltr'><strong><em>h&#39;ebtcn</em></strong></span> <span class='ocrx_word' id='word_1_216' title='bbox 435 2364 629 2438; x_wconf 77' lang='lat' dir='ltr'><strong><em>Darstcllanp</em></strong></span> <span class='ocrx_word' id='word_1_217' title='bbox 651 2365 798 2424; x_wconf 78' lang='lat' dir='ltr'><strong><em>desselben</em></strong></span> <span class='ocrx_word' id='word_1_218' title='bbox 825 2365 890 2422; x_wconf 87' lang='lat' dir='ltr'><strong><em>ihre</em></strong></span> <span class='ocrx_word' id='word_1_219' title='bbox 912 2363 1085 2435; x_wconf 79' lang='lat' dir='ltr'><strong><em>Aosnahrnc</em></strong></span> <span class='ocrx_word' id='word_1_220' title='bbox 1112 2367 1145 2421; x_wconf 85' lang='lat' dir='ltr'><strong><em>in</em></strong></span> <span class='ocrx_word' id='word_1_221' title='bbox 1174 2363 1239 2422; x_wconf 90' lang='lat' dir='ltr'><strong><em>DO.</em></strong></span> <span class='ocrx_word' id='word_1_222' title='bbox 1264 2367 1338 2424; x_wconf 86' lang='grc'><em>212.</em></span> <span class='ocrx_word' id='word_1_223' title='bbox 1387 2365 1475 2422; x_wconf 80' lang='lat' dir='ltr'><strong><em>Trotr</em></strong></span> <span class='ocrx_word' id='word_1_224' title='bbox 1496 2363 1606 2422; x_wconf 91' lang='lat' dir='ltr'><strong><em>solchcr</em></strong></span> <span class='ocrx_word' id='word_1_225' title='bbox 1628 2361 1864 2434; x_wconf 80' lang='lat' dir='ltr'><strong><em>Beschaffenher&#39;t</em></strong></span> 
     </span>
     <span class='ocr_line' id='line_1_20' title="bbox 309 2463 1861 2537; baseline -0.003 -11"><span class='ocrx_word' id='word_1_226' title='bbox 309 2467 359 2526; x_wconf 86' lang='lat' dir='ltr'><strong><em>des</em></strong></span> <span class='ocrx_word' id='word_1_227' title='bbox 377 2466 527 2527; x_wconf 80' lang='lat' dir='ltr'><strong><em>Gontcxtcs</em></strong></span> <span class='ocrx_word' id='word_1_228' title='bbox 551 2469 666 2527; x_wconf 87' lang='lat' dir='ltr'><strong><em>werden</em></strong></span> <span class='ocrx_word' id='word_1_229' title='bbox 688 2471 744 2526; x_wconf 87' lang='lat' dir='ltr'><strong><em>wir</em></strong></span> <span class='ocrx_word' id='word_1_230' title='bbox 765 2468 836 2526; x_wconf 90' lang='lat' dir='ltr'><strong><em>doch</em></strong></span> <span class='ocrx_word' id='word_1_231' title='bbox 858 2485 910 2524; x_wconf 90' lang='grc'><strong><em>00</em></strong></span> <span class='ocrx_word' id='word_1_232' title='bbox 933 2467 982 2525; x_wconf 91' lang='lat' dir='ltr'><strong><em>des</em></strong></span> <span class='ocrx_word' id='word_1_233' title='bbox 997 2466 1160 2526; x_wconf 87' lang='lat' dir='ltr'><strong><em>Protaholls</em></strong></span> <span class='ocrx_word' id='word_1_234' title='bbox 1184 2466 1247 2525; x_wconf 88' lang='lat' dir='ltr'><strong><em>und</em></strong></span> <span class='ocrx_word' id='word_1_235' title='bbox 1270 2465 1423 2524; x_wconf 88' lang='lat' dir='ltr'><strong><em>besonders</em></strong></span> <span class='ocrx_word' id='word_1_236' title='bbox 1445 2483 1498 2522; x_wconf 86' lang='grc'><strong><em>00</em></strong></span> <span class='ocrx_word' id='word_1_237' title='bbox 1520 2464 1573 2522; x_wconf 89' lang='lat' dir='ltr'><strong><em>der</em></strong></span> <span class='ocrx_word' id='word_1_238' title='bbox 1587 2463 1741 2537; x_wconf 71' lang='lat' dir='ltr'><strong><em>Dotiranp</em></strong></span> <span class='ocrx_word' id='word_1_239' title='bbox 1764 2463 1861 2521; x_wconf 85' lang='lat' dir='ltr'><strong><em>roiltcn</em></strong></span> 
     </span>
     <span class='ocr_line' id='line_1_21' title="bbox 311 2567 1915 2646; baseline -0.002 -19"><span class='ocrx_word' id='word_1_240' title='bbox 311 2571 503 2646; x_wconf 74' lang='lat' dir='ltr'><strong><em>Aasstellanp</em></strong></span> <span class='ocrx_word' id='word_1_241' title='bbox 527 2574 606 2630; x_wconf 87' lang='lat' dir='ltr'><strong><em>eines</em></strong></span> <span class='ocrx_word' id='word_1_242' title='bbox 628 2573 767 2646; x_wconf 80' lang='lat' dir='ltr'><strong><em>Prdccpts</em></strong></span> <span class='ocrx_word' id='word_1_243' title='bbox 789 2569 844 2642; x_wconf 76' lang='lat' dir='ltr'><strong><em>sehr</em></strong></span> <span class='ocrx_word' id='word_1_244' title='bbox 865 2571 966 2644; x_wconf 77' lang='lat' dir='ltr'><strong><em>Dropa</em></strong></span> <span class='ocrx_word' id='word_1_245' title='bbox 989 2572 1031 2628; x_wconf 85' lang='lat' dir='ltr'><strong><em>ira</em></strong></span> <span class='ocrx_word' id='word_1_246' title='bbox 1054 2570 1086 2629; x_wconf 88' lang='lat' dir='ltr'><strong><em>J.</em></strong></span> <span class='ocrx_word' id='word_1_247' title='bbox 1112 2573 1174 2630; x_wconf 87' lang='grc'><strong><em>960</em></strong></span> <span class='ocrx_word' id='word_1_248' title='bbox 1197 2570 1402 2628; x_wconf 82' lang='lat' dir='ltr'><strong><em>anrunehrnen</em></strong></span> <span class='ocrx_word' id='word_1_249' title='bbox 1423 2569 1524 2638; x_wconf 83' lang='lat' dir='ltr'><strong><em>habers,</em></strong></span> <span class='ocrx_word' id='word_1_250' title='bbox 1549 2569 1648 2626; x_wconf 84' lang='lat' dir='ltr'><strong><em>soornit</em></strong></span> <span class='ocrx_word' id='word_1_251' title='bbox 1670 2567 1719 2625; x_wconf 89' lang='lat' dir='ltr'><strong><em>die</em></strong></span> <span class='ocrx_word' id='word_1_252' title='bbox 1742 2567 1860 2626; x_wconf 73' lang='grc'><em>111000·-</em></span> <span class='ocrx_word' id='word_1_253' title='bbox 1914 2569 1915 2572; x_wconf 75' lang='grc'>’</span> 
     </span>
     <span class='ocr_line' id='line_1_22' title="bbox 311 2669 1861 2750; baseline -0.003 -18"><span class='ocrx_word' id='word_1_254' title='bbox 311 2675 392 2749; x_wconf 74' lang='lat' dir='ltr'><strong><em>hana</em></strong></span> <span class='ocrx_word' id='word_1_255' title='bbox 414 2692 455 2734; x_wconf 91' lang='lat' dir='ltr'><strong><em>an</em></strong></span> <span class='ocrx_word' id='word_1_256' title='bbox 478 2676 574 2734; x_wconf 81' lang='lat' dir='ltr'><strong><em>dieser</em></strong></span> <span class='ocrx_word' id='word_1_257' title='bbox 596 2675 685 2735; x_wconf 81' lang='lat' dir='ltr'><strong><em>Stella</em></strong></span> <span class='ocrx_word' id='word_1_258' title='bbox 707 2678 856 2750; x_wconf 70' lang='lat' dir='ltr'><strong><em>anacaeipt</em></strong></span> <span class='ocrx_word' id='word_1_259' title='bbox 878 2693 949 2734; x_wconf 81' lang='lat' dir='ltr'><strong><em>coar.</em></strong></span> <span class='ocrx_word' id='word_1_260' title='bbox 991 2675 1044 2732; x_wconf 80' lang='lat' dir='ltr'><strong><em>Als</em></strong></span> <span class='ocrx_word' id='word_1_261' title='bbox 1067 2675 1164 2732; x_wconf 85' lang='lat' dir='ltr'><strong><em>hdchst</em></strong></span> <span class='ocrx_word' id='word_1_262' title='bbox 1189 2671 1428 2732; x_wconf 84' lang='lat' dir='ltr'><strong><em>wahrschcintich</em></strong></span> <span class='ocrx_word' id='word_1_263' title='bbox 1450 2670 1593 2729; x_wconf 86' lang='lat' dir='ltr'><strong><em>bdrachte</em></strong></span> <span class='ocrx_word' id='word_1_264' title='bbox 1615 2670 1661 2728; x_wconf 83' lang='lat' dir='ltr'><strong><em>ich</em></strong></span> <span class='ocrx_word' id='word_1_265' title='bbox 1683 2670 1767 2740; x_wconf 86' lang='lat' dir='ltr'><strong><em>auch,</em></strong></span> <span class='ocrx_word' id='word_1_266' title='bbox 1792 2669 1861 2728; x_wconf 86' lang='lat' dir='ltr'><strong><em>dass</em></strong></span> 
     </span>
     <span class='ocr_line' id='line_1_23' title="bbox 310 2771 1860 2849; baseline -0.001 -14"><span class='ocrx_word' id='word_1_267' title='bbox 310 2777 376 2836; x_wconf 82' lang='lat' dir='ltr'><strong><em>darn</em></strong></span> <span class='ocrx_word' id='word_1_268' title='bbox 404 2795 501 2836; x_wconf 84' lang='lat' dir='ltr'><strong><em>neuen</em></strong></span> <span class='ocrx_word' id='word_1_269' title='bbox 529 2777 657 2849; x_wconf 85' lang='lat' dir='ltr'><strong><em>Bischof</em></strong></span> <span class='ocrx_word' id='word_1_270' title='bbox 682 2779 729 2837; x_wconf 85' lang='lat' dir='ltr'><strong><em>die</em></strong></span> <span class='ocrx_word' id='word_1_271' title='bbox 756 2779 934 2837; x_wconf 83' lang='lat' dir='ltr'><strong><em>Iorrnauitdt</em></strong></span> <span class='ocrx_word' id='word_1_272' title='bbox 964 2777 1027 2835; x_wconf 90' lang='grc'><strong><em>000</em></strong></span> <span class='ocrx_word' id='word_1_273' title='bbox 1055 2795 1137 2835; x_wconf 80' lang='lat' dir='ltr'><strong><em>enar</em></strong></span> <span class='ocrx_word' id='word_1_274' title='bbox 1162 2775 1392 2835; x_wconf 71' lang='lat' dir='ltr'><strong><em>anadhematis</em></strong></span> <span class='ocrx_word' id='word_1_275' title='bbox 1415 2774 1630 2846; x_wconf 79' lang='lat' dir='ltr'><strong><em>derFossanp</em></strong></span> <span class='ocrx_word' id='word_1_276' title='bbox 1651 2790 1707 2832; x_wconf 86' lang='lat' dir='ltr'><strong><em>oon</em></strong></span> <span class='ocrx_word' id='word_1_277' title='bbox 1728 2771 1795 2832; x_wconf 90' lang='lat' dir='ltr'><strong><em>DO.</em></strong></span> <span class='ocrx_word' id='word_1_278' title='bbox 1818 2777 1860 2833; x_wconf 89' lang='grc'><strong><em>20</em></strong></span> 
     </span>
     <span class='ocr_line' id='line_1_24' title="bbox 311 2876 1861 2954; baseline -0.004 -14"><span class='ocrx_word' id='word_1_279' title='bbox 311 2883 446 2954; x_wconf 77' lang='lat' dir='ltr'><strong><em>bestdtipt</em></strong></span> <span class='ocrx_word' id='word_1_280' title='bbox 468 2882 587 2940; x_wconf 86' lang='lat' dir='ltr'><strong><em>worden</em></strong></span> <span class='ocrx_word' id='word_1_281' title='bbox 609 2884 673 2940; x_wconf 75' lang='lat' dir='ltr'><strong><em>sein</em></strong></span> <span class='ocrx_word' id='word_1_282' title='bbox 695 2882 778 2940; x_wconf 81' lang='grc'><em>000.</em></span> <span class='ocrx_word' id='word_1_283' title='bbox 820 2881 971 2942; x_wconf 86' lang='lat' dir='ltr'><strong><em>Wdhrend</em></strong></span> <span class='ocrx_word' id='word_1_284' title='bbox 993 2882 1038 2938; x_wconf 85' lang='lat' dir='ltr'><strong><em>ich</em></strong></span> <span class='ocrx_word' id='word_1_285' title='bbox 1060 2881 1125 2937; x_wconf 86' lang='lat' dir='ltr'><strong><em>darn</em></strong></span> <span class='ocrx_word' id='word_1_286' title='bbox 1148 2882 1191 2938; x_wconf 85' lang='lat' dir='ltr'><strong><em>ira</em></strong></span> <span class='ocrx_word' id='word_1_287' title='bbox 1212 2879 1318 2952; x_wconf 76' lang='lat' dir='ltr'><strong><em>Repest</em></strong></span> <span class='ocrx_word' id='word_1_288' title='bbox 1339 2877 1499 2937; x_wconf 80' lang='lat' dir='ltr'><strong><em>Aasdrach</em></strong></span> <span class='ocrx_word' id='word_1_289' title='bbox 1522 2878 1646 2950; x_wconf 71' lang='lat' dir='ltr'><strong><em>panchea</em></strong></span> <span class='ocrx_word' id='word_1_290' title='bbox 1667 2876 1753 2946; x_wconf 83' lang='lat' dir='ltr'><strong><em>habe,</em></strong></span> <span class='ocrx_word' id='word_1_291' title='bbox 1788 2877 1861 2934; x_wconf 92' lang='lat' dir='ltr'><strong><em>habe</em></strong></span> 
     </span>
     <span class='ocr_line' id='line_1_25' title="bbox 310 2979 1862 3058; baseline -0.002 -16"><span class='ocrx_word' id='word_1_292' title='bbox 310 2986 356 3043; x_wconf 85' lang='lat' dir='ltr'><strong><em>ich</em></strong></span> <span class='ocrx_word' id='word_1_293' title='bbox 379 2984 473 3043; x_wconf 88' lang='lat' dir='ltr'><strong><em>daoan</em></strong></span> <span class='ocrx_word' id='word_1_294' title='bbox 494 2986 540 3043; x_wconf 86' lang='lat' dir='ltr'><strong><em>bei</em></strong></span> <span class='ocrx_word' id='word_1_295' title='bbox 562 2985 615 3042; x_wconf 89' lang='lat' dir='ltr'><strong><em>der</em></strong></span> <span class='ocrx_word' id='word_1_296' title='bbox 637 2985 834 3058; x_wconf 79' lang='lat' dir='ltr'><strong><em>Behandlanp</em></strong></span> <span class='ocrx_word' id='word_1_297' title='bbox 856 2985 906 3043; x_wconf 87' lang='lat' dir='ltr'><strong><em>des</em></strong></span> <span class='ocrx_word' id='word_1_298' title='bbox 932 2985 1033 3044; x_wconf 78' lang='lat' dir='ltr'><strong><em>Teates</em></strong></span> <span class='ocrx_word' id='word_1_299' title='bbox 1058 2985 1129 3043; x_wconf 86' lang='lat' dir='ltr'><strong><em>doch</em></strong></span> <span class='ocrx_word' id='word_1_300' title='bbox 1152 2984 1324 3057; x_wconf 70' lang='lat' dir='ltr'><strong><em>abaesehca,</em></strong></span> <span class='ocrx_word' id='word_1_301' title='bbox 1359 2983 1399 3040; x_wconf 91' lang='lat' dir='ltr'><strong><em>da</em></strong></span> <span class='ocrx_word' id='word_1_302' title='bbox 1425 2984 1489 3039; x_wconf 88' lang='lat' dir='ltr'><strong><em>cine</em></strong></span> <span class='ocrx_word' id='word_1_303' title='bbox 1511 2982 1673 3039; x_wconf 84' lang='lat' dir='ltr'><strong><em>bestinrnste</em></strong></span> <span class='ocrx_word' id='word_1_304' title='bbox 1696 2979 1862 3054; x_wconf 78' lang='lat' dir='ltr'><strong><em>Scheidanp</em></strong></span> 
     </span>
     <span class='ocr_line' id='line_1_26' title="bbox 312 3083 1864 3160; baseline -0.003 -14"><span class='ocrx_word' id='word_1_305' title='bbox 312 3087 415 3146; x_wconf 89' lang='lat' dir='ltr'><strong><em>desscn</em></strong></span> <span class='ocrx_word' id='word_1_306' title='bbox 437 3105 498 3146; x_wconf 84' lang='lat' dir='ltr'><strong><em>roas</em></strong></span> <span class='ocrx_word' id='word_1_307' title='bbox 520 3089 614 3146; x_wconf 83' lang='lat' dir='ltr'><strong><em>sicher</em></strong></span> <span class='ocrx_word' id='word_1_308' title='bbox 635 3106 675 3145; x_wconf 78' lang='lat' dir='ltr'><strong><em>aa</em></strong></span> <span class='ocrx_word' id='word_1_309' title='bbox 694 3088 795 3146; x_wconf 84' lang='lat' dir='ltr'><strong><em>Zeiten</em></strong></span> <span class='ocrx_word' id='word_1_310' title='bbox 810 3087 931 3146; x_wconf 88' lang='lat' dir='ltr'><strong><em>Bennos</em></strong></span> <span class='ocrx_word' id='word_1_311' title='bbox 955 3089 1122 3160; x_wconf 79' lang='lat' dir='ltr'><strong><em>interpolirt</em></strong></span> <span class='ocrx_word' id='word_1_312' title='bbox 1145 3089 1215 3146; x_wconf 87' lang='lat' dir='ltr'><strong><em>oder</em></strong></span> <span class='ocrx_word' id='word_1_313' title='bbox 1237 3087 1446 3159; x_wconf 75' lang='lat' dir='ltr'><strong><em>amaearbeitet</em></strong></span> <span class='ocrx_word' id='word_1_314' title='bbox 1469 3085 1586 3144; x_wconf 78' lang='grc'><em>00000</em></span> <span class='ocrx_word' id='word_1_315' title='bbox 1608 3086 1657 3154; x_wconf 86' lang='lat' dir='ltr'><strong><em>ist,</em></strong></span> <span class='ocrx_word' id='word_1_316' title='bbox 1681 3083 1745 3142; x_wconf 84' lang='lat' dir='ltr'><strong><em>and</em></strong></span> <span class='ocrx_word' id='word_1_317' title='bbox 1760 3083 1864 3142; x_wconf 82' lang='lat' dir='ltr'><strong><em>dassen</em></strong></span> 
     </span>
     <span class='ocr_line' id='line_1_27' title="bbox 311 3187 1862 3264; baseline -0.002 -15"><span class='ocrx_word' id='word_1_318' title='bbox 311 3208 372 3249; x_wconf 88' lang='lat' dir='ltr'><strong><em>was</em></strong></span> <span class='ocrx_word' id='word_1_319' title='bbox 394 3190 551 3264; x_wconf 78' lang='lat' dir='ltr'><strong><em>rnbplicher</em></strong></span> <span class='ocrx_word' id='word_1_320' title='bbox 575 3191 667 3250; x_wconf 85' lang='lat' dir='ltr'><strong><em>Weisc</em></strong></span> <span class='ocrx_word' id='word_1_321' title='bbox 689 3208 746 3250; x_wconf 87' lang='lat' dir='ltr'><strong><em>ans</em></strong></span> <span class='ocrx_word' id='word_1_322' title='bbox 769 3191 822 3249; x_wconf 88' lang='lat' dir='ltr'><strong><em>der</em></strong></span> <span class='ocrx_word' id='word_1_323' title='bbox 843 3191 941 3250; x_wconf 86' lang='lat' dir='ltr'><strong><em>echten</em></strong></span> <span class='ocrx_word' id='word_1_324' title='bbox 963 3191 1084 3264; x_wconf 77' lang='lat' dir='ltr'><strong><em>Varlapc</em></strong></span> <span class='ocrx_word' id='word_1_325' title='bbox 1106 3208 1170 3249; x_wconf 82' lang='lat' dir='ltr'><strong><em>eom</em></strong></span> <span class='ocrx_word' id='word_1_326' title='bbox 1194 3191 1227 3249; x_wconf 89' lang='lat' dir='ltr'><strong><em>J.</em></strong></span> <span class='ocrx_word' id='word_1_327' title='bbox 1245 3193 1307 3250; x_wconf 88' lang='grc'><strong><em>960</em></strong></span> <span class='ocrx_word' id='word_1_328' title='bbox 1330 3193 1459 3259; x_wconf 78' lang='lat' dir='ltr'><strong><em>stamini,</em></strong></span> <span class='ocrx_word' id='word_1_329' title='bbox 1482 3207 1543 3247; x_wconf 84' lang='lat' dir='ltr'><strong><em>nar</em></strong></span> <span class='ocrx_word' id='word_1_330' title='bbox 1565 3187 1627 3258; x_wconf 73' lang='lat' dir='ltr'><strong><em>aas</em></strong></span> <span class='ocrx_word' id='word_1_331' title='bbox 1645 3188 1775 3248; x_wconf 82' lang='lat' dir='ltr'><strong><em>Willhs&#39;lr</em></strong></span> <span class='ocrx_word' id='word_1_332' title='bbox 1796 3189 1862 3246; x_wconf 88' lang='lat' dir='ltr'><strong><em>hin-</em></strong></span> 
     </span>
     <span class='ocr_line' id='line_1_28' title="bbox 314 3293 607 3364; baseline 0.003 -13"><span class='ocrx_word' id='word_1_333' title='bbox 314 3293 476 3364; x_wconf 74' lang='lat' dir='ltr'><strong><em>anslaufen</em></strong></span> <span class='ocrx_word' id='word_1_334' title='bbox 498 3294 607 3353; x_wconf 73' lang='grc'><em>00000.</em></span> 
     </span>
    </p>
   </div>
   <div class='ocr_carea' id='block_1_3' title="bbox 156 3530 1861 4441">
    <p class='ocr_par' dir='ltr' id='par_1_3' title="bbox 310 3530 1859 3617">
     <span class='ocr_line' id='line_1_29' title="bbox 310 3530 1859 3617; baseline 0.001 -22"><span class='ocrx_word' id='word_1_335' title='bbox 310 3533 367 3613; x_wconf 79' lang='lat' dir='ltr'>(C.)</span> <span class='ocrx_word' id='word_1_336' title='bbox 394 3537 409 3617; x_wconf 59' lang='lat' dir='ltr'><strong><em>&#39;a</em></strong></span> <span class='ocrx_word' id='word_1_337' title='bbox 436 3531 475 3595; x_wconf 95' lang='lat' dir='ltr'><strong><em>In</em></strong></span> <span class='ocrx_word' id='word_1_338' title='bbox 503 3534 633 3596; x_wconf 92' lang='lat' dir='ltr'><strong><em>nomine</em></strong></span> <span class='ocrx_word' id='word_1_339' title='bbox 664 3541 797 3597; x_wconf 87' lang='lat' dir='ltr'><strong><em>sanctae</em></strong></span> <span class='ocrx_word' id='word_1_340' title='bbox 820 3541 851 3596; x_wconf 92' lang='lat' dir='ltr'><strong><em>et</em></strong></span> <span class='ocrx_word' id='word_1_341' title='bbox 874 3530 1061 3596; x_wconf 86' lang='lat' dir='ltr'><strong><em>individuae</em></strong></span> <span class='ocrx_word' id='word_1_342' title='bbox 1088 3534 1252 3597; x_wconf 85' lang='lat' dir='ltr'><strong><em>trinitatis.</em></strong></span> <span class='ocrx_word' id='word_1_343' title='bbox 1298 3530 1376 3597; x_wconf 92' lang='lat' dir='ltr'><strong><em>Otto</em></strong></span> <span class='ocrx_word' id='word_1_344' title='bbox 1401 3531 1512 3596; x_wconf 90' lang='lat' dir='ltr'><strong><em>divina</em></strong></span> <span class='ocrx_word' id='word_1_345' title='bbox 1534 3530 1665 3596; x_wconf 88' lang='lat' dir='ltr'><strong><em>favente</em></strong></span> <span class='ocrx_word' id='word_1_346' title='bbox 1687 3530 1859 3598; x_wconf 86' lang='lat' dir='ltr'><strong><em>clementia</em></strong></span> 
     </span>
    </p>

    <p class='ocr_par' dir='ltr' id='par_1_4' title="bbox 156 3650 1861 4441">
     <span class='ocr_line' id='line_1_30' title="bbox 208 3650 1861 3716; baseline 0.001 -18"><span class='ocrx_word' id='word_1_347' title='bbox 208 3657 278 3698; x_wconf 83' lang='lat' dir='ltr'><strong><em>rex.</em></strong></span> <span class='ocrx_word' id='word_1_348' title='bbox 378 3650 477 3700; x_wconf 88' lang='lat' dir='ltr'><strong><em>Notum</em></strong></span> <span class='ocrx_word' id='word_1_349' title='bbox 500 3652 535 3700; x_wconf 88' lang='lat' dir='ltr'><strong><em>sit</em></strong></span> <span class='ocrx_word' id='word_1_350' title='bbox 557 3651 679 3701; x_wconf 89' lang='lat' dir='ltr'><strong><em>amnibus</em></strong></span> <span class='ocrx_word' id='word_1_351' title='bbox 702 3650 825 3700; x_wconf 86' lang='lat' dir='ltr'><strong><em>fidelibus</em></strong></span> <span class='ocrx_word' id='word_1_352' title='bbox 849 3657 956 3700; x_wconf 84' lang='lat' dir='ltr'><strong><em>sanctae</em></strong></span> <span class='ocrx_word' id='word_1_353' title='bbox 979 3651 1022 3700; x_wconf 92' lang='lat' dir='ltr'><strong><em>dei</em></strong></span> <span class='ocrx_word' id='word_1_354' title='bbox 1044 3651 1189 3702; x_wconf 87' lang='lat' dir='ltr'><strong><em>aecclesiae</em></strong></span> <span class='ocrx_word' id='word_1_355' title='bbox 1213 3652 1397 3716; x_wconf 89' lang='lat' dir='ltr'><strong><em>praesentibus</em></strong></span> <span class='ocrx_word' id='word_1_356' title='bbox 1425 3651 1527 3701; x_wconf 88' lang='lat' dir='ltr'><strong><em>scilicet</em></strong></span> <span class='ocrx_word' id='word_1_357' title='bbox 1554 3655 1580 3701; x_wconf 88' lang='lat' dir='ltr'><strong><em>et</em></strong></span> <span class='ocrx_word' id='word_1_358' title='bbox 1608 3651 1719 3713; x_wconf 83' lang='lat' dir='ltr'><strong><em>tuturis,</em></strong></span> <span class='ocrx_word' id='word_1_359' title='bbox 1748 3651 1861 3716; x_wconf 89' lang='lat' dir='ltr'><strong><em>qualiter</em></strong></span> 
     </span>
     <span class='ocr_line' id='line_1_31' title="bbox 158 3739 1860 3824; baseline 0.003 -24"><span class='ocrx_word' id='word_1_360' title='bbox 158 3755 191 3801; x_wconf 89' lang='lat'><strong><em>30</em></strong></span> <span class='ocrx_word' id='word_1_361' title='bbox 210 3754 250 3803; x_wconf 91' lang='lat' dir='ltr'><strong><em>vir</em></strong></span> <span class='ocrx_word' id='word_1_362' title='bbox 271 3741 285 3822; x_wconf 54' lang='grc' dir='ltr'><strong><em>ᾖ</em></strong></span> <span class='ocrx_word' id='word_1_363' title='bbox 308 3755 467 3804; x_wconf 90' lang='lat' dir='ltr'><strong><em>venerabilis</em></strong></span> <span class='ocrx_word' id='word_1_364' title='bbox 490 3739 603 3824; x_wconf 87' lang='lat' dir='ltr'><strong><em>Drogo</em></strong></span> <span class='ocrx_word' id='word_1_365' title='bbox 627 3751 856 3821; x_wconf 76' lang='lat' dir='ltr'><strong><em>Osnebrnggens“</em></strong></span> <span class='ocrx_word' id='word_1_366' title='bbox 885 3755 1031 3805; x_wconf 88' lang='lat' dir='ltr'><strong><em>eecclesiae</em></strong></span> <span class='ocrx_word' id='word_1_367' title='bbox 1060 3757 1200 3820; x_wconf 89' lang='lat' dir='ltr'><strong><em>episcopus</em></strong></span> <span class='ocrx_word' id='word_1_368' title='bbox 1231 3761 1372 3820; x_wconf 81' lang='lat' dir='ltr'><strong><em>nosterque</em></strong></span> <span class='ocrx_word' id='word_1_369' title='bbox 1400 3754 1486 3804; x_wconf 87' lang='lat' dir='ltr'><strong><em>fidelis</em></strong></span> <span class='ocrx_word' id='word_1_370' title='bbox 1509 3756 1658 3805; x_wconf 85' lang='lat' dir='ltr'><strong><em>serenitatis</em></strong></span> <span class='ocrx_word' id='word_1_371' title='bbox 1680 3759 1787 3805; x_wconf 85' lang='lat' dir='ltr'><strong><em>nostrae</em></strong></span> <span class='ocrx_word' id='word_1_372' title='bbox 1809 3756 1860 3806; x_wconf 89' lang='lat' dir='ltr'><strong><em>cle-</em></strong></span> 
     </span>
     <span class='ocr_line' id='line_1_32' title="bbox 207 3841 1860 3930; baseline -0.001 -24"><span class='ocrx_word' id='word_1_373' title='bbox 207 3860 332 3908; x_wconf 82' lang='lat' dir='ltr'><strong><em>mentiam</em></strong></span> <span class='ocrx_word' id='word_1_374' title='bbox 361 3859 453 3910; x_wconf 83' lang='lat' dir='ltr'><strong><em>adiens</em></strong></span> <span class='ocrx_word' id='word_1_375' title='bbox 483 3859 640 3924; x_wconf 63' lang='lat' dir='ltr'><strong><em>postularet,</em></strong></span> <span class='ocrx_word' id='word_1_376' title='bbox 673 3843 828 3928; x_wconf 71' lang='lat' dir='ltr'><strong><em>&lt;uternam</em></strong></span> <span class='ocrx_word' id='word_1_377' title='bbox 851 3861 997 3911; x_wconf 78' lang='lat' dir='ltr'><strong><em>aecclesiae</em></strong></span> <span class='ocrx_word' id='word_1_378' title='bbox 1020 3876 1085 3910; x_wconf 81' lang='lat' dir='ltr'><strong><em>suae</em></strong></span> <span class='ocrx_word' id='word_1_379' title='bbox 1107 3847 1174 3910; x_wconf 90' lang='lat' dir='ltr'><strong><em>iam</em></strong></span> <span class='ocrx_word' id='word_1_380' title='bbox 1196 3867 1254 3930; x_wconf 91' lang='lat' dir='ltr'><strong><em>per</em></strong></span> <span class='ocrx_word' id='word_1_381' title='bbox 1281 3844 1400 3909; x_wconf 90' lang='lat' dir='ltr'><strong><em>multos</em></strong></span> <span class='ocrx_word' id='word_1_382' title='bbox 1422 3853 1507 3908; x_wconf 89' lang='lat' dir='ltr'><strong><em>retro</em></strong></span> <span class='ocrx_word' id='word_1_383' title='bbox 1531 3865 1635 3907; x_wconf 85' lang='lat' dir='ltr'><strong><em>annos</em></strong></span> <span class='ocrx_word' id='word_1_384' title='bbox 1658 3841 1794 3906; x_wconf 80' lang='lat' dir='ltr'><strong><em>decimis</em></strong></span> <span class='ocrx_word' id='word_1_385' title='bbox 1817 3843 1860 3907; x_wconf 89' lang='lat' dir='ltr'><strong><em>ad</em></strong></span> 
     </span>
     <span class='ocr_line' id='line_1_33' title="bbox 208 3946 1859 4034; baseline 0.001 -23"><span class='ocrx_word' id='word_1_386' title='bbox 208 3947 345 4012; x_wconf 88' lang='lat' dir='ltr'><strong><em>eandem</em></strong></span> <span class='ocrx_word' id='word_1_387' title='bbox 368 3957 515 4012; x_wconf 90' lang='lat' dir='ltr'><strong><em>sanctam</em></strong></span> <span class='ocrx_word' id='word_1_388' title='bbox 539 3947 647 4012; x_wconf 89' lang='lat' dir='ltr'><strong><em>sedem</em></strong></span> <span class='ocrx_word' id='word_1_389' title='bbox 671 3947 778 4013; x_wconf 88' lang='lat' dir='ltr'><strong><em>debite</em></strong></span> <span class='ocrx_word' id='word_1_390' title='bbox 802 3948 1036 4034; x_wconf 89' lang='lat' dir='ltr'><strong><em>pertinentibus</em></strong></span> <span class='ocrx_word' id='word_1_391' title='bbox 1059 3950 1178 4012; x_wconf 89' lang='lat' dir='ltr'><strong><em>iniuste</em></strong></span> <span class='ocrx_word' id='word_1_392' title='bbox 1202 3946 1369 4032; x_wconf 75' lang='lat' dir='ltr'><strong><em>deprivate</em></strong></span> <span class='ocrx_word' id='word_1_393' title='bbox 1392 3948 1502 4034; x_wconf 88' lang='lat' dir='ltr'><strong><em>aliquo</em></strong></span> <span class='ocrx_word' id='word_1_394' title='bbox 1525 3946 1624 4011; x_wconf 91' lang='lat' dir='ltr'><strong><em>modo</em></strong></span> <span class='ocrx_word' id='word_1_395' title='bbox 1647 3963 1780 4012; x_wconf 81' lang='lat' dir='ltr'><strong><em>iusticiam</em></strong></span> <span class='ocrx_word' id='word_1_396' title='bbox 1803 3963 1859 4013; x_wconf 82' lang='lat' dir='ltr'><strong><em>fieri</em></strong></span> 
     </span>
     <span class='ocr_line' id='line_1_34' title="bbox 208 4065 1858 4132; baseline 0.002 -18"><span class='ocrx_word' id='word_1_397' title='bbox 208 4065 416 4116; x_wconf 85' lang='lat' dir='ltr'><strong><em>decrevissemus</em></strong></span> <span class='ocrx_word' id='word_1_398' title='bbox 445 4073 472 4117; x_wconf 89' lang='lat' dir='ltr'><strong><em>et</em></strong></span> <span class='ocrx_word' id='word_1_399' title='bbox 499 4073 604 4118; x_wconf 88' lang='lat' dir='ltr'><strong><em>nostrae</em></strong></span> <span class='ocrx_word' id='word_1_400' title='bbox 634 4068 807 4116; x_wconf 86' lang='lat' dir='ltr'><strong><em>immunitatis</em></strong></span> <span class='ocrx_word' id='word_1_401' title='bbox 836 4073 862 4116; x_wconf 89' lang='lat' dir='ltr'><strong><em>et</em></strong></span> <span class='ocrx_word' id='word_1_402' title='bbox 890 4066 1022 4116; x_wconf 80' lang='lat' dir='ltr'><strong><em>libertatis</em></strong></span> <span class='ocrx_word' id='word_1_403' title='bbox 1051 4071 1221 4130; x_wconf 87' lang='lat' dir='ltr'><strong><em>praeceptum</em></strong></span> <span class='ocrx_word' id='word_1_404' title='bbox 1250 4081 1296 4130; x_wconf 88' lang='lat' dir='ltr'><strong><em>per</em></strong></span> <span class='ocrx_word' id='word_1_405' title='bbox 1323 4065 1394 4130; x_wconf 92' lang='lat' dir='ltr'><strong><em>quod</em></strong></span> <span class='ocrx_word' id='word_1_406' title='bbox 1423 4083 1465 4116; x_wconf 89' lang='lat' dir='ltr'><strong><em>res</em></strong></span> <span class='ocrx_word' id='word_1_407' title='bbox 1494 4071 1521 4116; x_wconf 89' lang='lat' dir='ltr'><strong><em>et</em></strong></span> <span class='ocrx_word' id='word_1_408' title='bbox 1546 4071 1691 4131; x_wconf 83' lang='lat' dir='ltr'><strong><em>potestates</em></strong></span> <span class='ocrx_word' id='word_1_409' title='bbox 1719 4082 1788 4132; x_wconf 88' lang='lat' dir='ltr'><strong><em>quae</em></strong></span> <span class='ocrx_word' id='word_1_410' title='bbox 1810 4083 1858 4117; x_wconf 87' lang='lat' dir='ltr'><strong><em>suo</em></strong></span> 
     </span>
     <span class='ocr_line' id='line_1_35' title="bbox 208 4139 1859 4234; baseline 0 -16"><span class='ocrx_word' id='word_1_411' title='bbox 208 4169 344 4233; x_wconf 88' lang='lat' dir='ltr'><strong><em>episcopio</em></strong></span> <span class='ocrx_word' id='word_1_412' title='bbox 366 4170 423 4220; x_wconf 91' lang='lat' dir='ltr'><strong><em>iure</em></strong></span> <span class='ocrx_word' id='word_1_413' title='bbox 447 4169 576 4220; x_wconf 85' lang='lat' dir='ltr'><strong><em>debentur</em></strong></span> <span class='ocrx_word' id='word_1_414' title='bbox 598 4170 699 4219; x_wconf 88' lang='lat' dir='ltr'><strong><em>firmius</em></strong></span> <span class='ocrx_word' id='word_1_415' title='bbox 723 4185 754 4220; x_wconf 86' lang='lat' dir='ltr'><strong><em>ac</em></strong></span> <span class='ocrx_word' id='word_1_416' title='bbox 776 4170 881 4234; x_wconf 88' lang='lat' dir='ltr'><strong><em>plenius</em></strong></span> <span class='ocrx_word' id='word_1_417' title='bbox 904 4171 1002 4220; x_wconf 88' lang='lat' dir='ltr'><strong><em>habere</em></strong></span> <span class='ocrx_word' id='word_1_418' title='bbox 1020 4139 1173 4231; x_wconf 78' lang='lat' dir='ltr'><strong><em>valuisset,</em></strong></span> <span class='ocrx_word' id='word_1_419' title='bbox 1208 4170 1340 4219; x_wconf 81' lang='lat' dir='ltr'><strong><em>conscribi</em></strong></span> <span class='ocrx_word' id='word_1_420' title='bbox 1368 4171 1587 4234; x_wconf 85' lang='lat' dir='ltr'><strong><em>praeciperemus.</em></strong></span> <span class='ocrx_word' id='word_1_421' title='bbox 1625 4170 1708 4220; x_wconf 78' lang='lat' dir='ltr'><strong><em>Citius</em></strong></span> <span class='ocrx_word' id='word_1_422' title='bbox 1736 4171 1859 4234; x_wconf 88' lang='lat' dir='ltr'><strong><em>petitioni</em></strong></span> 
     </span>
     <span class='ocr_line' id='line_1_36' title="bbox 156 4257 1858 4338; baseline 0.004 -22"><span class='ocrx_word' id='word_1_423' title='bbox 156 4269 188 4317; x_wconf 80' lang='lat'><strong><em>35</em></strong></span> <span class='ocrx_word' id='word_1_424' title='bbox 208 4272 242 4321; x_wconf 92' lang='lat' dir='ltr'><strong><em>ob</em></strong></span> <span class='ocrx_word' id='word_1_425' title='bbox 266 4287 380 4322; x_wconf 85' lang='lat' dir='ltr'><strong><em>arnorem</em></strong></span> <span class='ocrx_word' id='word_1_426' title='bbox 404 4272 503 4322; x_wconf 92' lang='lat' dir='ltr'><strong><em>domini</em></strong></span> <span class='ocrx_word' id='word_1_427' title='bbox 526 4274 608 4322; x_wconf 89' lang='lat' dir='ltr'><strong><em>nostri</em></strong></span> <span class='ocrx_word' id='word_1_428' title='bbox 632 4273 814 4323; x_wconf 79' lang='lat' dir='ltr'><strong><em>leanbristi</em></strong></span> <span class='ocrx_word' id='word_1_429' title='bbox 844 4267 876 4322; x_wconf 81' lang='lat' dir='ltr'><strong><em>et</em></strong></span> <span class='ocrx_word' id='word_1_430' title='bbox 904 4257 1111 4322; x_wconf 78' lang='lat' dir='ltr'><strong><em>dilectionem</em></strong></span> <span class='ocrx_word' id='word_1_431' title='bbox 1142 4272 1312 4338; x_wconf 72' lang='lat' dir='ltr'><strong><em>dilectissime</em></strong></span> <span class='ocrx_word' id='word_1_432' title='bbox 1342 4275 1433 4322; x_wconf 89' lang='lat' dir='ltr'><strong><em>matris</em></strong></span> <span class='ocrx_word' id='word_1_433' title='bbox 1460 4279 1567 4323; x_wconf 72' lang='lat' dir='ltr'><strong><em>uacuae</em></strong></span> <span class='ocrx_word' id='word_1_434' title='bbox 1595 4273 1751 4322; x_wconf 88' lang='lat' dir='ltr'><strong><em>Mahthildis</em></strong></span> <span class='ocrx_word' id='word_1_435' title='bbox 1780 4279 1858 4338; x_wconf 85' lang='lat' dir='ltr'><strong><em>atque</em></strong></span> 
     </span>
     <span class='ocr_line' id='line_1_37' title="bbox 207 4360 1860 4441; baseline 0.001 -19"><span class='ocrx_word' id='word_1_436' title='bbox 207 4375 386 4426; x_wconf 79' lang='lat' dir='ltr'><strong><em>interventum</em></strong></span> <span class='ocrx_word' id='word_1_437' title='bbox 409 4374 582 4426; x_wconf 77' lang='lat' dir='ltr'><strong><em>hdbalbeidis</em></strong></span> <span class='ocrx_word' id='word_1_438' title='bbox 605 4377 801 4425; x_wconf 86' lang='lat' dir='ltr'><strong><em>amantissimae</em></strong></span> <span class='ocrx_word' id='word_1_439' title='bbox 825 4376 945 4440; x_wconf 86' lang='lat' dir='ltr'><strong><em>corriugis</em></strong></span> <span class='ocrx_word' id='word_1_440' title='bbox 969 4383 1081 4436; x_wconf 87' lang='lat' dir='ltr'><strong><em>nostrae,</em></strong></span> <span class='ocrx_word' id='word_1_441' title='bbox 1112 4378 1222 4440; x_wconf 91' lang='lat' dir='ltr'><strong><em>insuper</em></strong></span> <span class='ocrx_word' id='word_1_442' title='bbox 1246 4377 1324 4426; x_wconf 87' lang='lat' dir='ltr'><strong><em>etiam</em></strong></span> <span class='ocrx_word' id='word_1_443' title='bbox 1351 4377 1385 4426; x_wconf 89' lang='lat' dir='ltr'><strong><em>ob</em></strong></span> <span class='ocrx_word' id='word_1_444' title='bbox 1408 4377 1532 4441; x_wconf 80' lang='lat' dir='ltr'><strong><em>frequens</em></strong></span> <span class='ocrx_word' id='word_1_445' title='bbox 1555 4377 1691 4425; x_wconf 88' lang='lat' dir='ltr'><strong><em>servitium</em></strong></span> <span class='ocrx_word' id='word_1_446' title='bbox 1714 4360 1860 4425; x_wconf 79' lang='lat' dir='ltr'><strong><em>eiusdem</em></strong></span> 
     </span>
    </p>
   </div>
   <div class='ocr_carea' id='block_1_4' title="bbox 207 4477 1858 4544">
    <p class='ocr_par' dir='ltr' id='par_1_5' title="bbox 207 4477 1858 4544">
     <span class='ocr_line' id='line_1_38' title="bbox 207 4477 1858 4544; baseline 0.001 -18"><span class='ocrx_word' id='word_1_447' title='bbox 207 4479 368 4528; x_wconf 89' lang='lat' dir='ltr'><strong><em>venerabilis</em></strong></span> <span class='ocrx_word' id='word_1_448' title='bbox 391 4481 508 4544; x_wconf 87' lang='lat' dir='ltr'><strong><em>episcopi</em></strong></span> <span class='ocrx_word' id='word_1_449' title='bbox 532 4495 669 4529; x_wconf 86' lang='lat' dir='ltr'><strong><em>assensum</em></strong></span> <span class='ocrx_word' id='word_1_450' title='bbox 693 4479 833 4543; x_wconf 87' lang='lat' dir='ltr'><strong><em>prebentes</em></strong></span> <span class='ocrx_word' id='word_1_451' title='bbox 857 4480 895 4527; x_wconf 88' lang='lat' dir='ltr'><strong><em>ita</em></strong></span> <span class='ocrx_word' id='word_1_452' title='bbox 916 4478 973 4528; x_wconf 89' lang='lat' dir='ltr'><strong><em>fieri</em></strong></span> <span class='ocrx_word' id='word_1_453' title='bbox 997 4478 1161 4528; x_wconf 91' lang='lat' dir='ltr'><strong><em>decrevimus</em></strong></span> <span class='ocrx_word' id='word_1_454' title='bbox 1184 4485 1210 4528; x_wconf 92' lang='lat' dir='ltr'><strong><em>et</em></strong></span> <span class='ocrx_word' id='word_1_455' title='bbox 1233 4479 1302 4529; x_wconf 89' lang='lat' dir='ltr'><strong><em>diem</em></strong></span> <span class='ocrx_word' id='word_1_456' title='bbox 1325 4485 1387 4529; x_wconf 85' lang='lat' dir='ltr'><strong><em>aute</em></strong></span> <span class='ocrx_word' id='word_1_457' title='bbox 1409 4495 1458 4528; x_wconf 90' lang='lat' dir='ltr'><strong><em>nos</em></strong></span> <span class='ocrx_word' id='word_1_458' title='bbox 1477 4477 1600 4528; x_wconf 86' lang='lat' dir='ltr'><strong><em>veniendi</em></strong></span> <span class='ocrx_word' id='word_1_459' title='bbox 1626 4478 1711 4528; x_wconf 88' lang='lat' dir='ltr'><strong><em>eidem</em></strong></span> <span class='ocrx_word' id='word_1_460' title='bbox 1733 4480 1858 4543; x_wconf 88' lang='lat' dir='ltr'><strong><em>episcopo</em></strong></span> 
     </span>
    </p>
   </div>
   <div class='ocr_carea' id='block_1_5' title="bbox 156 4565 1914 5068">
    <p class='ocr_par' dir='ltr' id='par_1_6' title="bbox 156 4565 1914 5068">
     <span class='ocr_line' id='line_1_39' title="bbox 208 4565 1914 4652; baseline -0.001 -21"><span class='ocrx_word' id='word_1_461' title='bbox 208 4582 316 4646; x_wconf 88' lang='lat' dir='ltr'><strong><em>suisque</em></strong></span> <span class='ocrx_word' id='word_1_462' title='bbox 338 4581 497 4632; x_wconf 85' lang='lat' dir='ltr'><strong><em>adversariis</em></strong></span> <span class='ocrx_word' id='word_1_463' title='bbox 520 4585 669 4632; x_wconf 82' lang='lat' dir='ltr'><strong><em>statuimus.</em></strong></span> <span class='ocrx_word' id='word_1_464' title='bbox 707 4565 757 4631; x_wconf 79' lang='lat' dir='ltr'><strong><em>Ibi</em></strong></span> <span class='ocrx_word' id='word_1_465' title='bbox 780 4581 872 4631; x_wconf 90' lang='lat' dir='ltr'><strong><em>multis</em></strong></span> <span class='ocrx_word' id='word_1_466' title='bbox 895 4583 978 4632; x_wconf 87' lang='lat' dir='ltr'><strong><em>nostri</em></strong></span> <span class='ocrx_word' id='word_1_467' title='bbox 1001 4583 1076 4648; x_wconf 82' lang='lat' dir='ltr'><strong><em>regni</em></strong></span> <span class='ocrx_word' id='word_1_468' title='bbox 1098 4585 1264 4647; x_wconf 88' lang='lat' dir='ltr'><strong><em>principibus</em></strong></span> <span class='ocrx_word' id='word_1_469' title='bbox 1287 4568 1502 4652; x_wconf 78' lang='lat' dir='ltr'><strong><em>congregatis,</em></strong></span> <span class='ocrx_word' id='word_1_470' title='bbox 1527 4583 1629 4632; x_wconf 89' lang='lat' dir='ltr'><strong><em>scilicet</em></strong></span> <span class='ocrx_word' id='word_1_471' title='bbox 1652 4581 1859 4646; x_wconf 84' lang='lat' dir='ltr'><strong><em>archiepiscopis</em></strong></span> <span class='ocrx_word' id='word_1_472' title='bbox 1910 4565 1914 4570; x_wconf 41' lang='lat'>⁵</span> 
     </span>
     <span class='ocr_line' id='line_1_40' title="bbox 208 4668 1857 4750; baseline -0.001 -16"><span class='ocrx_word' id='word_1_473' title='bbox 208 4687 339 4750; x_wconf 88' lang='lat' dir='ltr'><strong><em>episcopis</em></strong></span> <span class='ocrx_word' id='word_1_474' title='bbox 362 4685 475 4735; x_wconf 88' lang='lat' dir='ltr'><strong><em>ducibus</em></strong></span> <span class='ocrx_word' id='word_1_475' title='bbox 498 4686 648 4746; x_wconf 88' lang='lat' dir='ltr'><strong><em>comitibus,</em></strong></span> <span class='ocrx_word' id='word_1_476' title='bbox 672 4686 835 4750; x_wconf 88' lang='lat' dir='ltr'><strong><em>caeterisque</em></strong></span> <span class='ocrx_word' id='word_1_477' title='bbox 859 4669 956 4733; x_wconf 81' lang='lat' dir='ltr'><strong><em>deum</em></strong></span> <span class='ocrx_word' id='word_1_478' title='bbox 978 4686 1132 4735; x_wconf 89' lang='lat' dir='ltr'><strong><em>timentibus</em></strong></span> <span class='ocrx_word' id='word_1_479' title='bbox 1156 4686 1259 4735; x_wconf 89' lang='lat' dir='ltr'><strong><em>clericis</em></strong></span> <span class='ocrx_word' id='word_1_480' title='bbox 1286 4691 1311 4734; x_wconf 89' lang='lat' dir='ltr'><strong><em>et</em></strong></span> <span class='ocrx_word' id='word_1_481' title='bbox 1333 4686 1418 4748; x_wconf 87' lang='lat' dir='ltr'><strong><em>laicis,</em></strong></span> <span class='ocrx_word' id='word_1_482' title='bbox 1448 4671 1494 4734; x_wconf 77' lang='lat' dir='ltr'><strong><em>ita</em></strong></span> <span class='ocrx_word' id='word_1_483' title='bbox 1516 4669 1580 4734; x_wconf 81' lang='lat' dir='ltr'><strong><em>iliis</em></strong></span> <span class='ocrx_word' id='word_1_484' title='bbox 1604 4668 1857 4733; x_wconf 78' lang='lat' dir='ltr'><strong><em>diiudicantibus</em></strong></span> 
     </span>
     <span class='ocr_line' id='line_1_41' title="bbox 156 4771 1857 4858; baseline 0.002 -25"><span class='ocrx_word' id='word_1_485' title='bbox 156 4785 190 4833; x_wconf 75' lang='lat'><strong><em>40</em></strong></span> <span class='ocrx_word' id='word_1_486' title='bbox 209 4775 241 4837; x_wconf 94' lang='lat' dir='ltr'><strong><em>in</em></strong></span> <span class='ocrx_word' id='word_1_487' title='bbox 264 4783 374 4838; x_wconf 91' lang='lat' dir='ltr'><strong><em>nostra</em></strong></span> <span class='ocrx_word' id='word_1_488' title='bbox 398 4776 583 4857; x_wconf 87' lang='lat' dir='ltr'><strong><em>praesentia</em></strong></span> <span class='ocrx_word' id='word_1_489' title='bbox 606 4771 780 4837; x_wconf 87' lang='lat' dir='ltr'><strong><em>diffinitum</em></strong></span> <span class='ocrx_word' id='word_1_490' title='bbox 802 4781 866 4854; x_wconf 84' lang='lat' dir='ltr'><strong><em>est,</em></strong></span> <span class='ocrx_word' id='word_1_491' title='bbox 901 4781 937 4835; x_wconf 88' lang='lat' dir='ltr'><strong><em>ut</em></strong></span> <span class='ocrx_word' id='word_1_492' title='bbox 966 4773 1153 4858; x_wconf 86' lang='lat' dir='ltr'><strong><em>praedictae</em></strong></span> <span class='ocrx_word' id='word_1_493' title='bbox 1176 4774 1357 4838; x_wconf 86' lang='lat' dir='ltr'><strong><em>aecclesiae</em></strong></span> <span class='ocrx_word' id='word_1_494' title='bbox 1380 4774 1566 4839; x_wconf 90' lang='lat' dir='ltr'><strong><em>huiusmodi</em></strong></span> <span class='ocrx_word' id='word_1_495' title='bbox 1589 4775 1746 4837; x_wconf 89' lang='lat' dir='ltr'><strong><em>iniustitia</em></strong></span> <span class='ocrx_word' id='word_1_496' title='bbox 1770 4772 1857 4837; x_wconf 88' lang='lat' dir='ltr'><strong><em>dein·</em></strong></span> 
     </span>
     <span class='ocr_line' id='line_1_42' title="bbox 208 4873 1857 4962; baseline 0 -22"><span class='ocrx_word' id='word_1_497' title='bbox 208 4899 285 4961; x_wconf 89' lang='lat' dir='ltr'><strong><em>ceps</em></strong></span> <span class='ocrx_word' id='word_1_498' title='bbox 307 4875 396 4940; x_wconf 92' lang='lat' dir='ltr'><strong><em>nullo</em></strong></span> <span class='ocrx_word' id='word_1_499' title='bbox 419 4875 517 4941; x_wconf 91' lang='lat' dir='ltr'><strong><em>modo</em></strong></span> <span class='ocrx_word' id='word_1_500' title='bbox 541 4876 706 4957; x_wconf 88' lang='lat' dir='ltr'><strong><em>inferatur,</em></strong></span> <span class='ocrx_word' id='word_1_501' title='bbox 730 4897 807 4939; x_wconf 86' lang='lat' dir='ltr'><strong><em>nam</em></strong></span> <span class='ocrx_word' id='word_1_502' title='bbox 830 4873 883 4938; x_wconf 89' lang='lat' dir='ltr'><strong><em>ille</em></strong></span> <span class='ocrx_word' id='word_1_503' title='bbox 906 4876 1081 4960; x_wconf 88' lang='lat' dir='ltr'><strong><em>episcopus</em></strong></span> <span class='ocrx_word' id='word_1_504' title='bbox 1105 4876 1229 4940; x_wconf 89' lang='lat' dir='ltr'><strong><em>litteras</em></strong></span> <span class='ocrx_word' id='word_1_505' title='bbox 1252 4877 1435 4961; x_wconf 89' lang='lat' dir='ltr'><strong><em>apostolica</em></strong></span> <span class='ocrx_word' id='word_1_506' title='bbox 1460 4877 1566 4961; x_wconf 86' lang='lat' dir='ltr'><strong><em>sigillo</em></strong></span> <span class='ocrx_word' id='word_1_507' title='bbox 1585 4878 1756 4960; x_wconf 87' lang='lat' dir='ltr'><strong><em>insignitas</em></strong></span> <span class='ocrx_word' id='word_1_508' title='bbox 1773 4899 1857 4962; x_wconf 89' lang='lat' dir='ltr'><strong><em>quae</em></strong></span> 
     </span>
     <span class='ocr_line' id='line_1_43' title="bbox 206 4977 1857 5068; baseline 0.002 -26"><span class='ocrx_word' id='word_1_509' title='bbox 206 4979 288 5043; x_wconf 89' lang='lat' dir='ltr'><strong><em>haec</em></strong></span> <span class='ocrx_word' id='word_1_510' title='bbox 310 4981 356 5043; x_wconf 89' lang='lat' dir='ltr'><strong><em>ita</em></strong></span> <span class='ocrx_word' id='word_1_511' title='bbox 377 4979 446 5042; x_wconf 90' lang='lat' dir='ltr'><strong><em>fieri</em></strong></span> <span class='ocrx_word' id='word_1_512' title='bbox 472 4979 588 5044; x_wconf 91' lang='lat' dir='ltr'><strong><em>debere</em></strong></span> <span class='ocrx_word' id='word_1_513' title='bbox 606 4979 834 5062; x_wconf 87' lang='lat' dir='ltr'><strong><em>affirmarent,</em></strong></span> <span class='ocrx_word' id='word_1_514' title='bbox 866 4977 1067 5044; x_wconf 85' lang='lat' dir='ltr'><strong><em>ostendebat.</em></strong></span> <span class='ocrx_word' id='word_1_515' title='bbox 1114 4981 1323 5068; x_wconf 75' lang='lat' dir='ltr'><strong><em>Quapropter</em></strong></span> <span class='ocrx_word' id='word_1_516' title='bbox 1349 4999 1542 5062; x_wconf 78' lang='lat' dir='ltr'><strong><em>praecipientes</em></strong></span> <span class='ocrx_word' id='word_1_517' title='bbox 1570 4997 1692 5046; x_wconf 80' lang='lat' dir='ltr'><strong><em>iubemus</em></strong></span> <span class='ocrx_word' id='word_1_518' title='bbox 1718 5002 1760 5058; x_wconf 83' lang='lat' dir='ltr'><strong><em>uc,</em></strong></span> <span class='ocrx_word' id='word_1_519' title='bbox 1788 4997 1857 5047; x_wconf 83' lang='lat' dir='ltr'><strong><em>sicut</em></strong></span> 
     </span>
    </p>
   </div>
   <div class='ocr_carea' id='block_1_6' title="bbox 207 5095 1856 5162">
    <p class='ocr_par' dir='ltr' id='par_1_7' title="bbox 207 5095 1856 5162">
     <span class='ocr_line' id='line_1_44' title="bbox 207 5095 1856 5162; baseline 0.004 -16"><span class='ocrx_word' id='word_1_520' title='bbox 207 5098 323 5162; x_wconf 86' lang='lat' dir='ltr'><strong><em>reliquae</em></strong></span> <span class='ocrx_word' id='word_1_521' title='bbox 346 5104 454 5148; x_wconf 88' lang='lat' dir='ltr'><strong><em>sanctae</em></strong></span> <span class='ocrx_word' id='word_1_522' title='bbox 477 5099 519 5148; x_wconf 90' lang='lat' dir='ltr'><strong><em>dei</em></strong></span> <span class='ocrx_word' id='word_1_523' title='bbox 542 5098 686 5149; x_wconf 84' lang='lat' dir='ltr'><strong><em>aecclesiae</em></strong></span> <span class='ocrx_word' id='word_1_524' title='bbox 710 5113 777 5162; x_wconf 86' lang='lat' dir='ltr'><strong><em>quae</em></strong></span> <span class='ocrx_word' id='word_1_525' title='bbox 800 5115 847 5162; x_wconf 89' lang='lat' dir='ltr'><strong><em>per</em></strong></span> <span class='ocrx_word' id='word_1_526' title='bbox 869 5103 951 5148; x_wconf 89' lang='lat' dir='ltr'><strong><em>tot-am</em></strong></span> <span class='ocrx_word' id='word_1_527' title='bbox 975 5101 1115 5150; x_wconf 79' lang='lat' dir='ltr'><strong><em>l&#39;ranoiam</em></strong></span> <span class='ocrx_word' id='word_1_528' title='bbox 1139 5107 1165 5151; x_wconf 92' lang='lat' dir='ltr'><strong><em>et</em></strong></span> <span class='ocrx_word' id='word_1_529' title='bbox 1191 5101 1334 5152; x_wconf 83' lang='lat' dir='ltr'><strong><em>Saxoniam</em></strong></span> <span class='ocrx_word' id='word_1_530' title='bbox 1361 5095 1552 5151; x_wconf 71' lang='lat' dir='ltr'><strong><em>imminitatis⁸</em></strong></span> <span class='ocrx_word' id='word_1_531' title='bbox 1580 5102 1693 5151; x_wconf 88' lang='lat' dir='ltr'><strong><em>tuitione</em></strong></span> <span class='ocrx_word' id='word_1_532' title='bbox 1722 5102 1755 5152; x_wconf 89' lang='lat' dir='ltr'><strong><em>ab</em></strong></span> <span class='ocrx_word' id='word_1_533' title='bbox 1784 5107 1856 5152; x_wconf 89' lang='lat' dir='ltr'><strong><em>ante·</em></strong></span> 
     </span>
    </p>
   </div>
   <div class='ocr_carea' id='block_1_7' title="bbox 154 5203 1856 5477">
    <p class='ocr_par' dir='ltr' id='par_1_8' title="bbox 154 5203 1856 5477">
     <span class='ocr_line' id='line_1_45' title="bbox 206 5203 1856 5270; baseline 0.001 -18"><span class='ocrx_word' id='word_1_534' title='bbox 206 5203 356 5252; x_wconf 80' lang='lat' dir='ltr'><strong><em>caesoribus</em></strong></span> <span class='ocrx_word' id='word_1_535' title='bbox 378 5204 490 5264; x_wconf 87' lang='lat' dir='ltr'><strong><em>nastris,</em></strong></span> <span class='ocrx_word' id='word_1_536' title='bbox 523 5205 631 5269; x_wconf 86' lang='lat' dir='ltr'><strong><em>regibus</em></strong></span> <span class='ocrx_word' id='word_1_537' title='bbox 654 5203 780 5253; x_wconf 89' lang='lat' dir='ltr'><strong><em>videlicet</em></strong></span> <span class='ocrx_word' id='word_1_538' title='bbox 802 5207 827 5252; x_wconf 90' lang='lat' dir='ltr'><strong><em>et</em></strong></span> <span class='ocrx_word' id='word_1_539' title='bbox 850 5203 1069 5266; x_wconf 87' lang='lat' dir='ltr'><strong><em>imperatoribus,</em></strong></span> <span class='ocrx_word' id='word_1_540' title='bbox 1103 5206 1265 5268; x_wconf 88' lang='lat' dir='ltr'><strong><em>consistunt,</em></strong></span> <span class='ocrx_word' id='word_1_541' title='bbox 1300 5207 1338 5255; x_wconf 87' lang='lat' dir='ltr'><strong><em>ita</em></strong></span> <span class='ocrx_word' id='word_1_542' title='bbox 1360 5205 1472 5270; x_wconf 87' lang='lat' dir='ltr'><strong><em>praefati</em></strong></span> <span class='ocrx_word' id='word_1_543' title='bbox 1500 5204 1631 5269; x_wconf 85' lang='lat' dir='ltr'><strong><em>praesulis</em></strong></span> <span class='ocrx_word' id='word_1_544' title='bbox 1660 5209 1753 5253; x_wconf 87' lang='lat' dir='ltr'><strong><em>sancta</em></strong></span> <span class='ocrx_word' id='word_1_545' title='bbox 1781 5204 1856 5254; x_wconf 90' lang='lat' dir='ltr'><strong><em>sedes</em></strong></span> 
     </span>
     <span class='ocr_line' id='line_1_46' title="bbox 154 5305 1855 5374; baseline 0.002 -19"><span class='ocrx_word' id='word_1_546' title='bbox 154 5308 188 5355; x_wconf 71' lang='lat' dir='ltr'><strong><em>ib</em></strong></span> <span class='ocrx_word' id='word_1_547' title='bbox 206 5312 334 5370; x_wconf 88' lang='lat' dir='ltr'><strong><em>perpetua</em></strong></span> <span class='ocrx_word' id='word_1_548' title='bbox 357 5323 404 5371; x_wconf 89' lang='lat' dir='ltr'><strong><em>per</em></strong></span> <span class='ocrx_word' id='word_1_549' title='bbox 426 5308 477 5356; x_wconf 90' lang='lat' dir='ltr'><strong><em>hoc</em></strong></span> <span class='ocrx_word' id='word_1_550' title='bbox 500 5312 618 5356; x_wconf 84' lang='lat' dir='ltr'><strong><em>nosturm</em></strong></span> <span class='ocrx_word' id='word_1_551' title='bbox 640 5313 811 5372; x_wconf 88' lang='lat' dir='ltr'><strong><em>praeceptum</em></strong></span> <span class='ocrx_word' id='word_1_552' title='bbox 834 5305 939 5354; x_wconf 89' lang='lat' dir='ltr'><strong><em>damino</em></strong></span> <span class='ocrx_word' id='word_1_553' title='bbox 963 5307 1111 5370; x_wconf 86' lang='lat' dir='ltr'><strong><em>opitulante</em></strong></span> <span class='ocrx_word' id='word_1_554' title='bbox 1134 5310 1269 5372; x_wconf 87' lang='lat' dir='ltr'><strong><em>consistat,</em></strong></span> <span class='ocrx_word' id='word_1_555' title='bbox 1296 5311 1334 5359; x_wconf 89' lang='lat' dir='ltr'><strong><em>ita</em></strong></span> <span class='ocrx_word' id='word_1_556' title='bbox 1356 5314 1386 5360; x_wconf 92' lang='lat' dir='ltr'><strong><em>ut</em></strong></span> <span class='ocrx_word' id='word_1_557' title='bbox 1408 5309 1498 5358; x_wconf 91' lang='lat' dir='ltr'><strong><em>nullus</em></strong></span> <span class='ocrx_word' id='word_1_558' title='bbox 1520 5309 1600 5358; x_wconf 86' lang='lat' dir='ltr'><strong><em>iudex</em></strong></span> <span class='ocrx_word' id='word_1_559' title='bbox 1623 5307 1748 5372; x_wconf 90' lang='lat' dir='ltr'><strong><em>publicus</em></strong></span> <span class='ocrx_word' id='word_1_560' title='bbox 1770 5323 1855 5374; x_wconf 87' lang='lat' dir='ltr'><strong><em>neque</em></strong></span> 
     </span>
     <span class='ocr_line' id='line_1_47' title="bbox 206 5391 1855 5477; baseline 0.002 -21"><span class='ocrx_word' id='word_1_561' title='bbox 206 5407 260 5456; x_wconf 90' lang='lat' dir='ltr'><strong><em>alia</em></strong></span> <span class='ocrx_word' id='word_1_562' title='bbox 282 5407 422 5457; x_wconf 87' lang='lat' dir='ltr'><strong><em>iudiciaria</em></strong></span> <span class='ocrx_word' id='word_1_563' title='bbox 444 5413 570 5471; x_wconf 81' lang='lat' dir='ltr'><strong><em>potestas,</em></strong></span> <span class='ocrx_word' id='word_1_564' title='bbox 593 5391 692 5457; x_wconf 81' lang='lat' dir='ltr'><strong><em>duces</em></strong></span> <span class='ocrx_word' id='word_1_565' title='bbox 717 5410 825 5459; x_wconf 86' lang='lat' dir='ltr'><strong><em>comites</em></strong></span> <span class='ocrx_word' id='word_1_566' title='bbox 849 5414 895 5459; x_wconf 87' lang='lat' dir='ltr'><strong><em>sut</em></strong></span> <span class='ocrx_word' id='word_1_567' title='bbox 914 5411 1082 5461; x_wconf 87' lang='lat' dir='ltr'><strong><em>vicecomites</em></strong></span> <span class='ocrx_word' id='word_1_568' title='bbox 1100 5412 1142 5462; x_wconf 91' lang='lat' dir='ltr'><strong><em>vel</em></strong></span> <span class='ocrx_word' id='word_1_569' title='bbox 1166 5413 1238 5462; x_wconf 90' lang='lat' dir='ltr'><strong><em>missi</em></strong></span> <span class='ocrx_word' id='word_1_570' title='bbox 1262 5413 1387 5463; x_wconf 88' lang='lat' dir='ltr'><strong><em>dominici</em></strong></span> <span class='ocrx_word' id='word_1_571' title='bbox 1408 5430 1455 5476; x_wconf 91' lang='lat' dir='ltr'><strong><em>per</em></strong></span> <span class='ocrx_word' id='word_1_572' title='bbox 1478 5419 1597 5477; x_wconf 86' lang='lat' dir='ltr'><strong><em>tempora</em></strong></span> <span class='ocrx_word' id='word_1_573' title='bbox 1619 5412 1805 5473; x_wconf 85' lang='lat' dir='ltr'><strong><em>discurrentes,</em></strong></span> <span class='ocrx_word' id='word_1_574' title='bbox 1828 5413 1855 5460; x_wconf 90' lang='lat' dir='ltr'><strong><em>in</em></strong></span> 
     </span>
    </p>
   </div>
   <div class='ocr_carea' id='block_1_8' title="bbox 204 5512 1855 5582">
    <p class='ocr_par' dir='ltr' id='par_1_9' title="bbox 204 5512 1855 5582">
     <span class='ocr_line' id='line_1_48' title="bbox 204 5512 1855 5582; baseline 0.002 -21"><span class='ocrx_word' id='word_1_575' title='bbox 204 5513 270 5562; x_wconf 91' lang='lat' dir='ltr'><strong><em>locis</em></strong></span> <span class='ocrx_word' id='word_1_576' title='bbox 299 5512 372 5562; x_wconf 90' lang='lat' dir='ltr'><strong><em>illius</em></strong></span> <span class='ocrx_word' id='word_1_577' title='bbox 400 5513 569 5576; x_wconf 87' lang='lat' dir='ltr'><strong><em>episcopatus</em></strong></span> <span class='ocrx_word' id='word_1_578' title='bbox 598 5512 697 5578; x_wconf 86' lang='lat' dir='ltr'><strong><em>placita</em></strong></span> <span class='ocrx_word' id='word_1_579' title='bbox 725 5513 848 5564; x_wconf 85' lang='lat' dir='ltr'><strong><em>habenda</em></strong></span> <span class='ocrx_word' id='word_1_580' title='bbox 877 5515 919 5564; x_wconf 91' lang='lat' dir='ltr'><strong><em>vel</em></strong></span> <span class='ocrx_word' id='word_1_581' title='bbox 950 5515 1023 5565; x_wconf 87' lang='lat' dir='ltr'><strong><em>freda</em></strong></span> <span class='ocrx_word' id='word_1_582' title='bbox 1052 5517 1181 5582; x_wconf 74' lang='lat' dir='ltr'><strong><em>exigenda</em></strong></span> <span class='ocrx_word' id='word_1_583' title='bbox 1208 5516 1250 5567; x_wconf 90' lang='lat' dir='ltr'><strong><em>vel</em></strong></span> <span class='ocrx_word' id='word_1_584' title='bbox 1281 5515 1420 5580; x_wconf 89' lang='lat' dir='ltr'><strong><em>parafreda</em></strong></span> <span class='ocrx_word' id='word_1_585' title='bbox 1450 5521 1496 5565; x_wconf 76' lang='lat' dir='ltr'><strong><em>erut</em></strong></span> <span class='ocrx_word' id='word_1_586' title='bbox 1525 5520 1631 5580; x_wconf 87' lang='lat' dir='ltr'><strong><em>paratas</em></strong></span> <span class='ocrx_word' id='word_1_587' title='bbox 1654 5515 1789 5564; x_wconf 87' lang='lat' dir='ltr'><strong><em>faciendas</em></strong></span> <span class='ocrx_word' id='word_1_588' title='bbox 1813 5515 1855 5564; x_wconf 89' lang='lat' dir='ltr'><strong><em>vel</em></strong></span> 
     </span>
    </p>
   </div>
   <div class='ocr_carea' id='block_1_9' title="bbox 291 5699 638 5769">
    <p class='ocr_par' dir='ltr' id='par_1_10' title="bbox 291 5699 638 5769">
     <span class='ocr_line' id='line_1_49' title="bbox 291 5699 638 5769; baseline 0 -16"><span class='ocrx_word' id='word_1_589' title='bbox 291 5699 350 5753; x_wconf 83' lang='lat'>212.</span> <span class='ocrx_word' id='word_1_590' title='bbox 379 5699 473 5769; x_wconf 74' lang='lat' dir='ltr'><strong><em>[rona</em></strong></span> <span class='ocrx_word' id='word_1_591' title='bbox 562 5704 588 5764; x_wconf 72' lang='lat' dir='ltr'><strong><em>a)</em></strong></span> <span class='ocrx_word' id='word_1_592' title='bbox 607 5701 638 5754; x_wconf 77' lang='lat' dir='ltr'><strong><em>n.</em></strong></span> 
     </span>
    </p>
   </div>
   <div class='ocr_carea' id='block_1_10' title="bbox 0 0 2292 6420">
    <p class='ocr_par' dir='ltr' id='par_1_11' title="bbox 0 0 2292 6420">
     <span class='ocr_line' id='line_1_50' title="bbox 0 0 2292 6420; baseline 0 0"><span class='ocrx_word' id='word_1_593' title='bbox 0 0 2292 6420; x_wconf 95' lang='lat' dir='ltr'><strong><em> </em></strong></span> 
     </span>
    </p>
   </div>
  </div>
 </body>
</html>
