4560 6436
900 443 1025 502 ΟΤΤΟ
1047 447 1072 501 Ι.
1096 442 1168 502 971.
1792 439 1856 504 553

314 628 480 702 Howdlwty
502 631 663 702 aoqeoeben
685 630 817 699 socordes,
841 647 882 686 ow
904 631 1058 688 warochier
1076 629 1163 689 Stelle
1185 629 1250 688 ond
1263 632 1296 687 iw
1311 630 1512 704 oerldwqoriew
1526 631 1714 692 Buohsiubow
1729 635 1855 707 eiwtww.

313 733 379 791 Dos
393 732 505 802 Dictat,
528 749 597 805 wop
619 749 648 790 es
672 732 737 790 don
757 732 909 791 Sohreioer
927 731 1064 805 qdiefert
1086 733 1203 791 worden
1225 734 1289 792 seio
1311 733 1380 792 oder
1399 750 1479 806 poor
1501 734 1571 792 oder
1592 737 1765 809 wenwsiews
1787 754 1858 795 aum

316 835 400 893 Theil
421 853 476 893 oon
498 836 559 892 idm
581 835 667 894 setosi
689 839 844 906 stammew,
868 836 967 894 wcioid
990 837 1070 894 nicici
1085 836 1203 894 minder
1216 853 1273 894 ooo
1287 836 1353 894 dem
1368 837 1567 896 Herkommew
1582 839 1628 908 ab,
1651 839 1753 898 sumai
1768 839 1858 898 dorio

314 937 384 996 dass
410 939 459 995 ein
486 936 613 998 Weoitsel
640 938 690 996 des
718 938 849 1011 Suw'ects
878 939 991 996 eiwtritt
1019 939 1084 996 und
1112 939 1145 996 iw
1172 939 1238 996 dww
1266 942 1350 998 einen
1379 939 1467 1000 Sotae
1490 941 1632 1014 pidtriids
1657 941 1723 1001 Otto
1743 950 1784 1002 11.
1813 943 1858 1002 als

314 1040 423 1098 redend
445 1043 510 1100 wod
531 1041 576 1100 als
598 1060 639 1100 an
661 1041 714 1100 der
737 1041 911 1115 swenstorp
939 1041 1004 1100 wod
1032 1042 1262 1116 Bourkuwdwwq
1293 1045 1438 1118 beiheiliqt
1467 1044 1634 1118 eiapesstisrt
1662 1046 1747 1104 wird.
1791 1044 1858 1104 Asse

313 1144 409 1203 dieser
430 1147 497 1204 seisr
519 1146 741 1219 wwooscisiokiew
764 1147 860 1206 Weise
882 1146 935 1204 der
953 1146 1164 1219 Zrestimwuwp
1187 1146 1237 1205 des
1247 1147 1365 1220 jwwen
1378 1148 1504 1206 Kaisers
1527 1149 1688 1207 Awsdrrwk
1708 1167 1749 1207 aa
1768 1149 1859 1222 peden

312 1247 384 1306 oder
397 1248 445 1306 die
462 1249 605 1308 Urleuwde
622 1249 668 1308 ais
686 1267 750 1307 vom
767 1249 856 1307 Voter
878 1249 943 1307 wod
965 1249 1030 1308 dem
1047 1248 1143 1309 Sotae
1164 1249 1278 1308 ertheiit
1301 1250 1499 1310 oorwsteoeo
1521 1253 1644 1310 &aucit
1659 1252 1765 1326 jedoois
1785 1252 1859 1310 nocis

311 1353 391 1410 wicist
414 1354 469 1410 wit
490 1353 598 1412 Fictor
620 1354 717 1413 Beiir.
742 1357 770 1424 2,
794 1357 867 1424 134,
891 1353 1011 1411 weicher
1032 1353 1169 1412 doerdies
1191 1353 1333 1412 Foielwid
1354 1358 1412 1412 ersi
1428 1358 1493 1414 972
1507 1355 1636 1426 Bisciwf
1646 1355 1761 1414 werden
1775 1355 1857 1424 idest,

312 1456 453 1514 rodisrend
481 1457 584 1516 dessow
611 1455 805 1516 Awstsorstritt
833 1459 909 1516 noch
934 1455 1087 1528 Gersdorf
1111 1459 1152 1515 im
1181 1455 1243 1516 OD.
1275 1455 1345 1516 Soa.
1366 1466 1407 1528 11,
1431 1463 1461 1528 1,
1485 1454 1567 1518 ww.
1591 1462 1633 1519 16
1662 1460 1767 1518 bereiis
1795 1461 1858 1519 969

314 1558 480 1631 stottfowd,
507 1559 650 1634 pesolqwi
671 1579 712 1619 ew
734 1561 864 1632 werden,
893 1561 963 1619 dass
985 1561 1047 1619 siolo
1070 1560 1117 1618 die
1139 1560 1369 1634 Bewrkwsdwso
1391 1561 1435 1619 bis
1457 1563 1533 1620 noco
1554 1562 1620 1620 dem
1646 1563 1723 1621 Tode
1748 1561 1814 1622 ooo
1833 1569 1857 1621 1.

313 1667 459 1736 oeraoqert
481 1664 561 1721 iube.
599 1664 663 1721 Der
684 1662 874 1737 Empfdwper
896 1663 946 1722 des
969 1663 1134 1737 Blowqoeis
1156 1664 1236 1722 hatte
1257 1665 1331 1722 wohl
1352 1665 1430 1723 allero
1455 1664 1563 1726 Grursd
1585 1683 1641 1725 oon
1662 1666 1714 1725 ἄεν
1727 1667 1858 1726 &loco

312 1767 376 1825 wisa
404 1766 534 1825 dasselbe
564 1765 760 1838 oosrwfstliers
788 1767 1009 1840 ouidwooiiehst
1035 1766 1190 1826 Gebrowoh
1217 1785 1258 1824 eu
1285 1767 1416 1828 wwclsew.
1454 1767 1547 1824 Doro
1574 1767 1684 1825 kowww
1713 1767 1782 1826 dass
1812 1769 1860 1826 die

312 1869 497 1929 roidreieisen
518 1871 641 1944 Mdnqei
662 1871 726 1930 wid
740 1871 849 1929 Fohler
870 1870 963 1930 dieses
978 1870 1157 1930 Elaborotes
1179 1870 1255 1928 owed
1277 1874 1366 1927 water
1387 1869 1440 1928 der
1454 1868 1612 1928 Amwisme
1633 1874 1768 1944 spdterer
1783 1871 1860 1929 Erot-

312 1974 436 2048 steiswwy
456 1977 537 2033 wicht
559 1978 593 2033 iw
612 1977 814 2050 potastiyerew
837 1975 940 2033 Iiohie
962 1975 1140 2034 erscheioen.
1178 1974 1248 2031 Fiir
1269 1972 1318 2031 die
1342 1974 1547 2046 Zeiiqerwssen
1569 1974 1608 2032 ist
1631 1973 1764 2044 offwsbor
1784 1976 1860 2033 aweit

313 2079 346 2134 in
368 2078 477 2137 diesem
491 2078 577 2137 Folle
599 2079 647 2137 die
661 2078 892 2149 Beschaffeaieit
915 2078 967 2137 ἄεν
983 2076 1096 2149 schrift
1119 2077 1183 2136 uod
1205 2077 1255 2136 des
1279 2077 1352 2138 Stils
1375 2076 1424 2134 des
1442 2075 1603 2147 Contecies,
1627 2077 1729 2136 welche
1752 2081 1859 2152 wenis-

312 2185 391 2241 etews
415 2181 471 2239 den
493 2182 656 2256 wadipen
677 2182 722 2241 uls
745 2183 969 2256 kowsleiwidrip
991 2183 1159 2241 erseheiwow
1182 2185 1324 2251 moseten,
1352 2181 1434 2238 nield
1455 2195 1487 2238 so
1509 2182 1700 2254 wsossyebewd
1719 2197 1858 2254 yewesew,

313 2285 358 2342 cis
381 2285 429 2342 die
450 2286 656 2345 Kermreiodoo
678 2287 732 2344 der
752 2285 928 2344 theiiweisew
949 2284 1152 2359 Aufertiywwo
1174 2286 1238 2344 wod
1260 2285 1315 2343 der
1335 2283 1525 2358 Vollsieisww
1547 2285 1641 2344 durch
1658 2285 1707 2344 die
1721 2285 1858 2344 Kowslei.

314 2387 353 2445 In
381 2387 491 2447 diesem
513 2389 770 2462 etopesohrdwktew
793 2387 884 2448 sema
906 2389 1022 2448 werden
1044 2391 1119 2448 auch
1142 2392 1199 2447 wir
1219 2407 1275 2448 oon
1297 2391 1378 2446 einer
1402 2387 1749 2462 Orroiwolowsfertiqwnq
1770 2388 1861 2448 redeo

315 2490 442 2562 dorfen,
474 2493 547 2550 oime
574 2511 632 2552 mss
659 2511 701 2552 ew
728 2493 879 2552 oerlsehiers
906 2493 976 2554 does
1004 2496 1050 2554 bei
1071 2495 1195 2554 solehem
1215 2493 1366 2567 Voroorsqe
1389 2493 1444 2551 dos
1466 2493 1589 2566 Ds'piow
1611 2491 1667 2563 fiir
1688 2494 1750 2552 sicis
1771 2492 1861 2551 odeis

313 2593 473 2668 allerdiwps
495 2595 579 2654 tsine
600 2595 671 2654 oolle
692 2596 877 2670 Bairoseiwft
900 2596 997 2668 defdr
1018 2597 1169 2667 dorbietei,
1192 2596 1263 2656 does
1286 2613 1346 2655 was
1361 2595 1502 2655 Foloiwid
1524 2596 1588 2654 hier
1608 2594 1861 2655 aiederscisreioew

314 2697 381 2757 liess
403 2699 480 2757 aucis
498 2717 599 2772 ywsaw
620 2700 673 2758 der
695 2699 984 2773 Wiilerssdwsserwrsp
1007 2699 1059 2758 ἄεν
1079 2700 1191 2758 Kaiser
1213 2700 1376 2772 entsproch.

315 2921 373 3002 (Ο.)
394 2918 409 3002 ᾗ
430 2920 469 2984 In
491 2921 623 2985 nominc
646 2929 781 2986 sanctae
804 2929 836 2986 et
858 2921 1047 2986 individuae
1070 2923 1237 2987 trinitatis.
1283 2919 1362 2986 Otto
1386 2919 1498 2985 divina
1525 2919 1657 2985 favente
1687 2920 1860 2986 clementia

211 3024 390 3110 imperator
417 3032 586 3110 augustus.
686 3025 847 3090 Noverint
877 3046 990 3090 omnes
1018 3023 1132 3089 fideles
1162 3026 1265 3089 nostri
1295 3033 1464 3110 presentes
1494 3023 1621 3090 scilicet
1649 3035 1682 3089 ct
1709 3025 1824 3107 futuri,
1847 3024 1862 3104 ξ

213 3126 351 3214 qualiter
372 3127 556 3193 interventu
580 3126 783 3193 dilectissimi
805 3128 864 3192 filii
886 3130 991 3194 nostri
1009 3130 1216 3214 imperatoris
1232 3131 1363 3213 augusti
1381 3128 1476 3193 simul
1492 3137 1525 3192 et
1540 3127 1745 3194 Adalheidae
1760 3130 1861 3193 caris·

162 3232 314 3297 sosimas
338 3232 486 3316 coniugis
509 3241 642 3297 nostrae
673 3232 835 3318 quasdam
862 3257 914 3298 res
942 3235 1045 3299 nostri
1075 3233 1154 3297 iuris
1182 3233 1387 3297 Misanensi⁸
1413 3231 1553 3316 eclesiae
1583 3233 1634 3297 cui
1664 3230 1860 3297 venerabilis

211 3334 412 3400 Folcholdus
435 3337 609 3422 episcopus
632 3358 787 3422 praeesse
809 3337 1001 3420 dinoscitur,
1025 3336 1067 3401 ob
1084 3338 1214 3401 animae
1232 3345 1363 3401 nostrae
1381 3335 1560 3400 remedium
1578 3337 1612 3400 in
1628 3337 1860 3421 proprietatem

212 3440 451 3522 concessimus,
481 3438 545 3504 hoc
568 3437 626 3504 etb
647 3440 761 3506 tributi
784 3463 862 3527 pars
886 3442 1014 3506 decima
1037 3440 1126 3527 quod
1148 3444 1181 3504 in
1204 3440 1346 3528 quinque
1368 3442 1562 3527 provinciis,
1594 3439 1657 3505 hoc
1680 3437 1738 3505 etb
1760 3439 1861 3504 Dala-

212 3545 331 3628 minza‚
353 3546 489 3628 Nisane,
512 3546 658 3611 Diadesa
680 3555 714 3611 et
735 3546 895 3611 Milzsane
918 3554 951 3609 et
973 3545 1106 3628 Lusiza,
1139 3544 1295 3630 quicquid
1317 3545 1361 3610 ad
1382 3555 1530 3610 nostram
1552 3543 1755 3631 imperialem
1776 3543 1861 3608 utili·

212 3657 312 3714 tatem
335 3651 496 3734 pertinere
517 3649 665 3732 videtur,¹
678 3659 716 3714 ut
738 3658 837 3714 antea
859 3671 957 3735 quam
980 3670 1091 3714 comes
1115 3649 1292 3714 eamndem
1314 3650 1484 3734 regionum
1506 3657 1634 3734 partem
1653 3647 1714 3712 sibi
1730 3669 1750 3711 a
1765 3647 1861 3713 nobis

162 3763 196 3810 30
213 3774 407 3818 concessam
436 3753 564 3819 auferat
592 3764 690 3840 atque
720 3752 911 3836 distribuat,
943 3752 1087 3818 decimas
1115 3773 1175 3838 per
1201 3762 1307 3818 totum
1335 3762 1367 3818 et
1395 3775 1453 3838 per
1480 3755 1644 3836 integrum
1665 3753 1732 3816 iam
1754 3749 1861 3815 dictae

213 3865 348 3920 sanctae
370 3855 422 3920 dei
446 3854 586 3939 ecclesie
610 3855 787 3941 persolvat,
811 3855 845 3920 id
868 3865 917 3920 est
939 3857 974 3920 in
991 3854 1086 3920 melle
1106 3857 1237 3922 cmsina
1256 3856 1417 3922 solutione
1433 3859 1560 3941 argenti
1576 3856 1749 3941 mancipiis
1764 3857 1862 3920 vcsti-

212 3960 329 4024 mentis
353 3961 462 4044 porcis
485 3960 658 4042 frumento,
689 3967 721 4024 et
742 3968 779 4024 ut
801 3961 834 4024 in
858 3959 1048 4046 quirendis⁰
1070 3959 1167 4024 rebus
1191 3959 1280 4046 quod
1301 3959 1399 4045 vulgo
1424 3959 1693 4043 uberchoufunga
1714 3968 1861 4040 vocatur,

214 4061 369 4127 oblivioni
393 4062 606 4128 admonemus
629 4072 666 4127 ut
688 4085 755 4127 non
777 4059 961 4127 tradatur.‘¹
997 4062 1090 4127 Haec
1106 4084 1127 4126 a
1144 4064 1200 4148 pio
1216 4064 1364 4147 genitore
1379 4073 1490 4128 nostro
1510 4063 1705 4148 imperatore
1721 4070 1861 4146 augusto

212 4167 259 4229 ita
282 4165 414 4231 decreta
436 4175 534 4252 atque
558 4169 685 4232 sancita
708 4167 802 4232 simul
826 4177 859 4232 et
880 4170 970 4232 iussa
991 4169 1154 4232 novimus.
1200 4165 1409 4252 Quapropter
1430 4176 1467 4229 ut
1488 4166 1570 4230 haec
1599 4187 1677 4230 suae
1706 4164 1801 4230 simul
1830 4175 1863 4229 et

162 4286 196 4333 ss
214 4279 347 4334 nostrae
368 4270 592 4334 concessionis
615 4269 747 4336 traditio
771 4270 927 4356 deinceps
949 4270 1043 4334 firma
1066 4269 1258 4356 stabilisque
1280 4277 1486 4354 permaneat,
1517 4277 1643 4333 cartam
1670 4268 1756 4332 hanc
1784 4289 1861 4332 con-

216 4371 314 4437 scribi
336 4394 377 4436 ac
399 4373 502 4438 nostri
524 4373 738 4460 impressione
762 4374 860 4458 sigilli
882 4375 1036 4439 iussimus
1060 4374 1259 4456 consignari.

316 4528 330 4608 ᾗ
353 4525 489 4613 Signum
512 4528 635 4595 domini
659 4529 790 4596 Ottonis
815 4531 905 4610 (MR)
927 4531 1038 4613 magni
1061 4538 1093 4592 ct
1115 4529 1321 4592 invictissimi
1349 4527 1555 4613 imperatoris
1578 4527 1719 4610 augusti.
1763 4525 1860 4590 Anno

214 4641 325 4696 autem
346 4635 437 4717 regni
462 4634 520 4714 (SI.
537 4634 579 4715 5.)
600 4635 670 4698 eius
693 4635 858 4700 tricesimo
882 4636 994 4720 quinto
1018 4633 1116 4697 lacta
1140 4628 1154 4711 ξ

316 4749 330 4832 ξ
356 4752 517 4818 Uuillisus
551 4752 767 4819 cancellarius
801 4753 952 4819 advicem
984 4751 1142 4818 Rodberti
1177 4749 1432 4837 archicapellani
1465 4751 1588 4814 notavi.
1632 4749 1672 4812 ln
1705 4748 1863 4813 Muenna

163 4871 197 4918 ιο
215 4856 396 4940 civitates

301 5063 359 5118 ⁴⁰0.
387 5063 495 5132 [Sickel]
597 5067 623 5134 a)
640 5069 662 5118 si
680 5085 746 5118 corr.
765 5085 813 5117 oses
831 5070 854 5118 ci
873 5066 968 5117 odere
1072 5065 1100 5134 b)
1116 5065 1139 5116 A
1156 5071 1218 5116 esau
1236 5071 1276 5115 est
1374 5065 1397 5126 c)
1414 5061 1500 5112 iisdem
1517 5061 1565 5112 der
1584 5059 1720 5114 Scireilrer
1736 5062 1780 5112 dis
1797 5059 1863 5110 Pru-

382 5137 530 5199 postetam
548 5138 594 5186 mit
611 5137 662 5187 den
679 5154 729 5188 oon
746 5137 825 5188 sinen
842 5136 1003 5201 wwnqqsn
1020 5134 1122 5186 Wortca
1138 5151 1170 5184 su
1186 5133 1325 5185 εενὸίνιᾶενι
1342 5133 1436 5198 pstea,
1464 5130 1509 5181 lot
1527 5148 1555 5180 εν
1572 5131 1630 5182 nar
1646 5129 1715 5179 well
1737 5145 1863 5196 quaerere

385 5211 446 5256 stati
468 5203 514 5256 du
534 5205 681 5256 wldeham
703 5209 835 5273 inquirere
855 5204 1008 5271 petronem,¹
1032 5204 1087 5254 weit
1109 5221 1170 5253 sams
1192 5210 1253 5253 sicit
1275 5203 1365 5253 dureo
1389 5201 1553 5268 inquirendis
1577 5201 1658 5260 ἱαεπ,
1685 5216 1714 5248 ro
1731 5203 1802 5249 sadra
1818 5215 1865 5249 εον

385 5272 529 5324 ἄειινεᾶἄεη
544 5274 610 5325 noel
627 5278 656 5326 iu
672 5293 704 5326 zu
721 5281 845 5341 erytraea
947 5274 976 5334 d)
994 5273 1105 5340 sopleicls
1123 5273 1260 5324 cedma-t
1278 5289 1326 5322 aas
1343 5273 1463 5322 traditur.
