4560 6436
841 426 967 484 oreo
989 427 1013 482 1.
1038 421 1227 483 oso-ors.
1795 378 1865 484 629¹

215 627 388 686 conturbent,
411 625 456 676 sed
480 624 558 676 liceat
581 626 672 675 abbati
696 627 804 691 suisque
827 625 962 675 monachis
984 625 1034 674 sub
1058 624 1151 690 regula
1173 625 1257 674 sancti
1280 625 1417 675 Benedicti
1446 625 1541 692 degere
1564 631 1590 676 et
1613 625 1709 677 cotidie
1732 643 1779 691 pro
1802 628 1857 676 arii-

215 731 308 779 mabos
331 721 445 789 [nostrlis
460 745 476 776 a
492 729 584 778 latides
599 729 648 779 deo
664 728 758 779 offerre
774 745 797 779 a.
832 729 858 778 Si
875 731 934 794 quis
948 729 1030 794 igitur
1045 711 1267 777 contradictor
1289 733 1381 778 contra
1396 729 1438 779 dei
1454 732 1638 780 auctoritatem
1655 737 1681 781 et
1703 749 1719 779 a
1741 739 1858 782 sinistram

215 833 440 884 confirmationem
462 832 564 898 aliquid
587 847 665 898 agere
688 834 856 896 temptaverit
868 827 889 896 ',
918 835 984 883 sciat
1012 848 1040 884 se
1070 834 1277 897 compositurum
1306 834 1363 882 auri
1386 833 1446 897 puri
1470 833 1550 882 libras
1573 834 1644 884 mille
1666 851 1689 884 s.
1728 835 1806 896 Quod
1828 837 1857 885 ut

214 940 302 988 verius
325 937 447 988 credatur
469 943 495 988 et
517 939 551 988 ab
568 938 690 988 omnibus
708 937 881 1000 custodiatur,
904 952 984 986 manu
1007 938 1115 1001 propria
1137 936 1292 986 roborantes
1315 935 1394 1002 sigilli
1419 939 1501 987 nostri
1524 938 1687 1002 inpressione
1711 945 1856 1002 presentem

179 1047 195 1095 5
214 1045 339 1109 paginam
361 1044 485 1092 iussimus
507 1042 628 1108 insigniri
651 1041 769 1091 inferius.

317 1171 331 1252 i
353 1164 488 1250 Signum
512 1163 623 1229 domni
645 1162 785 1228 Ottoniu
808 1163 903 1249 primi
926 1164 1012 1246 regis
1036 1163 1241 1227 invictissimi
1263 1165 1277 1249 ξ
1298 1164 1363 1244 (Μ.)

317 1271 331 1352 ξ
354 1267 536 1333 Druiardus
560 1266 775 1333 cancellarius
797 1265 1006 1331 Hermannus
1030 1265 1321 1352 archiepiscopusu
1343 1268 1581 1353 recognovit.{
1677 1266 1761 1348 (SR.)
1787 1269 1857 1347 (SI.)

313 1408 403 1473 Data
423 1426 455 1472 v.
477 1408 550 1473 idus
574 1407 668 1494 april.
691 1429 776 1472 anno
797 1407 960 1472 dominice
982 1405 1240 1470 incarnatioonis
1253 1414 1267 1442 ¹¹
1291 1419 1485 1487 Dccccnxn,
1509 1405 1635 1490 imperii
1653 1426 1730 1468 vcro
1748 1403 1857 1468 domni

214 1513 418 1597 imperatoris
442 1511 599 1576 Hottonis
622 1514 752 1596 augusti
776 1511 912 1595 piissimi
935 1527 958 1590 1,
981 1508 1160 1573 indictione
1184 1526 1221 1590 νς
1249 1505 1370 1590 aot[um
1391 1505 1522 1593 Paplie3
1549 1507 1687 1572 feliciter
1709 1529 1814 1572 amen.

164 1757 195 1803 10
993 1730 1079 1803 lot.

946 1885 1121 1966 (ercbt.)

221 2026 301 2102 Otto
327 2026 467 2100 soltenlet
492 2025 572 2098 dens
599 2024 742 2097 Klostcr·
768 2023 806 2099 S.
826 2024 948 2097 Pistre
976 2025 1016 2097 io
1044 2024 1139 2100 Ototo
1168 2025 1203 2098 d'
1218 2051 1281 2097 oro
1308 2051 1354 2096 zo
1380 2023 1502 2096 Pooio
1529 2026 1607 2096 eine
1640 2023 1782 2120 Capella
1811 2029 1859 2099 im

217 2148 328 2220 'Ptolo
355 2148 569 2221 Belliozono
596 2147 675 2219 iered
700 2147 861 2244 bestiitipt
885 2146 959 2219 itio
985 2145 1228 2220 vorsctiodeoe
1255 2145 1494 2244 Besitzonpeo
1520 2144 1599 2217 aad
1624 2144 1760 2219 Redite.

1510 2300 1551 2310 —
1575 2271 1637 2328 919
1660 2267 1741 2328 Joni
1762 2271 1814 2330 25.

166 2478 195 2526 15
319 2460 458 2520 b'rkaodc
480 2459 530 2518 des
553 2461 603 2518 12.
621 2459 691 2517 oder
706 2463 756 2519 13.
774 2457 828 2518 Jb.
853 2461 885 2516 io
906 2457 1110 2530 Diplomform
1134 2460 1174 2516 im
1196 2459 1223 2516 t.
1245 2458 1447 2518 Stootsorcbio
1467 2475 1508 2516 eo
1531 2457 1672 2516 Moilood
1694 2456 1754 2536 (A).

315 2597 454 2656 Robolioi
475 2596 594 2655 Not-iaie
617 2597 649 2653 di
663 2597 758 2654 Poeta
771 2601 802 2667 2,
819 2601 882 2657 224
898 2598 986 2656 Eser.
1010 2630 1052 2639 -
1076 2595 1204 2669 Stamps
1223 2597 1297 2655 Atto
1320 2596 1434 2655 inedita
1455 2599 1519 2655 310
1541 2602 1576 2653 o⁰
1589 2599 1653 2657 219
1676 2613 1733 2655 aas
1755 2595 1793 2657 A.
1817 2632 1858 2640 -

316 2698 443 2771 Stantpf
461 2699 534 2772 Κεφ.
559 2701 637 2758 507⁰
658 2717 699 2758 so
721 2703 793 2759 972.

319 2837 378 2909 Vqr.
403 2833 471 2896 no.
489 2839 560 2896 coo.

317 3023 375 3104 (Ο.)
399 3022 413 3086 l
435 3023 474 3087 In
500 3025 631 3088 nomine
660 3021 783 3087 domini
809 3021 861 3086 dei
890 3024 1023 3086 aeterni.
1070 3021 1147 3087 Otto
1179 3022 1289 3087 divina
1318 3022 1449 3088 favente
1479 3024 1653 3090 clementia
1682 3027 1859 3111 imperator

162 3147 195 3193 tto
213 3137 380 3210 augustus.
469 3141 579 3192 Noverit
608 3128 717 3211 itaque
747 3141 864 3190 omnium
893 3145 984 3190 sancte
1012 3140 1053 3190 dei
1084 3140 1194 3190 ecclesie
1224 3140 1341 3192 fidelium
1364 3149 1566 3208 nostrorumque
1589 3145 1750 3208 presentium
1774 3145 1858 3195 silicet

213 3261 244 3294 no
267 3245 416 3295 futurorum
443 3245 587 3308 industria,
617 3251 656 3294 eo
680 3227 793 3313 quod⁵
816 3227 1012 3294 Adelbertus
1042 3259 1107 3294 mar·
1130 3227 1145 3310 Ξ
1166 3244 1226 3294 cliio
1255 3245 1420 3312 dilectusque
1443 3230 1529 3296 filius
1552 3253 1641 3298 noster
1663 3232 1859 3314 nostramqueb

214 3334 402 3420 suppliciter
425 3351 545 3400 exoravit
568 3331 741 3410 elementiab,
785 3355 916 3414 quatenus
939 3365 987 3414 pro
1011 3349 1052 3398 dei
1076 3365 1165 3398 artiore
1187 3345 1220 3399 et
1243 3349 1387 3400 remedium
1410 3350 1497 3401 anime
1520 3355 1608 3401 nostre
1632 3350 1760 3415 capellam
1780 3367 1858 3401 unam

214 3457 240 3504 in
261 3455 360 3508 honore
384 3438 477 3503 beate
501 3453 542 3504 slei
565 3454 701 3519 genitricis
725 3453 808 3503 blarie
831 3468 883 3518 que
906 3454 972 3502 seito
995 3468 1052 3502 esse
1075 3452 1222 3502 dinoscitur
1244 3455 1271 3502 in
1294 3453 1364 3502 valle
1387 3459 1449 3524 que
1472 3438 1591 3504 dicitur
1613 3455 1757 3518 Bellisone,
1780 3441 1858 3506 iuris

213 3544 316 3606 nostri
344 3539 529 3606 iuditialiab
559 3543 733 3606 comitatus
755 3540 1011 3606 Mediolanensis
1044 3540 1213 3605 monachis
1244 3540 1305 3605 deo
1336 3541 1570 3607 famulantibus
1600 3545 1634 3608 in
1660 3546 1857 3609 monasterio

162 3671 194 3719 25
214 3649 318 3711 sancti
334 3646 421 3711 Petri
438 3644 508 3710 Geli
531 3648 620 3710 aurei
644 3661 677 3711 ob
702 3661 744 3710 (lei
766 3661 941 3710 reverentiam
964 3665 1133 3724 nostrumque
1156 3665 1310 3725 perpetuam
1334 3661 1446 3712 salntem
1468 3663 1496 3711 in
1519 3663 1667 3712 subsidium
1690 3669 1716 3712 et
1738 3663 1858 3714 substen-

213 3769 338 3816 tationem
362 3771 452 3816 nostra
475 3749 664 3835 plenissima
683 3746 960 3814 concederemusb
983 3746 1204 3833 largitatem.b
1242 3763 1325 3814 Ouios
1348 3766 1471 3829 precibus
1494 3772 1664 3816 assensum
1687 3751 1859 3837 prebentes

213 3871 261 3919 too
286 3855 468 3918 serenitatis
492 3872 580 3918 nostre
602 3875 755 3932 preceptum
782 3875 825 3916 cx
848 3851 1044 3917 denunciata
1071 3851 1198 3938 capella
1220 3875 1283 3939 que
1305 3852 1443 3919 fundata
1465 3877 1537 3920 esse
1559 3857 1706 3920 noscitur
1727 3858 1761 3920 in
1784 3855 1858 3921 loco

212 3974 257 4038 qui
287 3973 383 4021 dicitur
405 3970 560 4034 plumesce,
591 3957 668 4019 iuris
698 3957 799 4022 nostri
831 3957 863 4020 in
887 3955 1002 4021 eodem
1032 3965 1146 4021 sancto
1174 3955 1312 4022 cenobio
1343 3957 1503 4022 donamus
1533 3990 1593 4024 oum
1616 3976 1739 4026 omnibus
1769 3959 1859 4024 adia-

213 4061 329 4123 centiis
352 4075 407 4123 suis
430 4066 462 4122 ei
484 4075 665 4138 pertinentiis,
695 4091 754 4124 cunr
778 4077 860 4125 servis
884 4081 910 4125 et
933 4075 1036 4124 ancillis
1059 4073 1197 4125 libellariis
1220 4081 1299 4140 atque
1322 4060 1508 4127 audionibnsb
1532 4079 1600 4128 iuste
1625 4085 1651 4128 et
1673 4078 1793 4144 legaliter
1816 4063 1859 4128 ad

163 4183 197 4232 so
214 4161 352 4226 eandem
376 4161 537 4246 capellam
559 4179 767 4240 pertinentibus,
798 4161 969 4247 [necnon]
992 4171 1024 4226 et
1047 4164 1216 4246 assignata
1239 4185 1354 4228 mansa
1378 4164 1420 4229 ad
1444 4165 1581 4231 eandem
1605 4166 1764 4252 capellam
1787 4190 1859 4252 per·

216 4266 350 4328 tinentia
366 4263 505 4328 describi
529 4265 699 4328 iussimus:
724 4275 774 4329 est
789 4288 929 4352 namque
945 4288 1028 4331 unus
1052 4289 1093 4329 ex
1109 4265 1173 4330 illis
1196 4267 1322 4350 positus
1338 4267 1372 4331 in
1386 4265 1465 4331 villa
1482 4291 1544 4353 que
1560 4269 1678 4334 dicitur
1694 4267 1858 4353 Citiaeos,

215 4378 246 4432 ct
270 4367 352 4432 nlius
375 4370 408 4431 in
423 4367 502 4431 villa
519 4367 699 4454 Comagra;
723 4371 754 4432 in
771 4369 850 4433 villa
867 4368 1041 4433 Comarino
1066 4379 1141 4433 sunt
1163 4380 1331 4436 manentes
1352 4370 1427 4453 duo,
1451 4394 1552 4457 prope
1575 4375 1681 4458 ipsam
1697 4375 1858 4460 capellam

214 4474 247 4536 in
264 4470 438 4535 Plumasca
455 4480 529 4535 sunt
548 4493 679 4535 mansos
703 4471 785 4536 duos
809 4482 840 4536 et
862 4495 944 4538 unus
968 4475 1001 4536 in
1023 4472 1103 4537 villa
1119 4472 1300 4556 Legumino
1327 4471 1379 4557 [et]
1405 4475 1489 4539 alter
1509 4477 1542 4538 in
1566 4475 1638 4540 loco
1663 4479 1717 4560 qui
1740 4477 1859 4542 dicitur

214 4575 386 4658 luti-agna,
415 4595 489 4638 cum
519 4575 669 4659 pessaria
698 4585 729 4638 et
757 4575 952 4640 molendinis
976 4575 1103 4641 duobus
1127 4598 1200 4640 cum
1225 4579 1311 4640 omni
1340 4576 1409 4640 iure
1436 4587 1468 4640 et
1495 4577 1686 4642 adiacentiis
1708 4588 1740 4643 et
1763 4582 1858 4664 porti-

162 4701 195 4748 35
213 4681 348 4760 irentiis,
379 4677 532 4743 videlicet
567 4699 641 4741 curn
671 4680 758 4742 omni
787 4678 909 4743 honore
933 4701 1007 4744 cum
1030 4680 1114 4743 fotro
1139 4700 1212 4743 cum
1236 4678 1437 4763 albergarias
1461 4701 1535 4744 cnm
1558 4683 1684 4766 campis
1707 4681 1859 4746 vicenisb

214 4785 314 4868 pratis
352 4781 443 4846 silvis
478 4780 627 4846 stalareis
661 4783 751 4866 rupis
785 4782 909 4866 rupinis
944 4780 1109 4846 montibus
1144 4781 1353 4866 planioibusb
1387 4784 1630 4869 piscacionibus
1663 4785 1859 4850 molendinis

146 4937 151 4952 .
212 4889 307 4972 aquis
330 4907 489 4972 aquarum
512 4883 665 4951 ductibus
689 4886 791 4949 servis
815 4894 847 4949 et
870 4884 998 4950 ancillis
1026 4907 1066 4948 ac
1088 4885 1219 4950 familiis
1242 4888 1408 4973 utriusque
1432 4909 1542 4952 sexus.
1586 4887 1629 4952 Et
1659 4887 1701 4952 do
1731 4891 1764 4953 in
1793 4888 1858 4953 alio

211 4991 284 5054 loco
309 4992 341 5054 in
365 4991 504 5056 eodemc
527 4989 795 5075 supranominato
825 4987 963 5053 cenobio
988 4988 1042 5075 qui
1073 4988 1192 5052 dicitur
1213 4989 1377 5053 Besozola
1407 5012 1466 5053 sex
1495 5011 1644 5073 mansos,
1672 4991 1756 5054 sicut
1784 4999 1859 5055 sunt

213 5095 460 5176 determinatas,
490 5116 563 5159 oum
586 5095 689 5179 pratis
712 5091 840 5158 vineisd
868 5091 960 5158 silvis
983 5103 1113 5158 etcum
1136 5115 1195 5157 sex
1220 5091 1378 5157 sedimine
1400 5093 1445 5158 ibi
1469 5095 1609 5158 iacentia
1633 5093 1729 5178 [cum]
1756 5097 1858 5160 servis

162 5218 196 5266 to
213 5206 245 5260 ct
267 5197 394 5262 ancillis
411 5218 485 5261 cum
502 5197 589 5261 omni
609 5196 731 5261 honore
754 5197 839 5261 fotro
855 5195 1059 5280 albergarias
1083 5207 1115 5260 et
1138 5217 1213 5261 cnm
1237 5198 1324 5261 omni
1344 5195 1490 5262 districto
1514 5219 1587 5261 cum
1606 5199 1762 5282 pascuis⁰
1784 5220 1858 5263 cum

212 5299 378 5384 gressibus
407 5308 440 5364 et
466 5298 678 5384 ingressibus.
723 5299 767 5365 Et
796 5300 838 5366 do
868 5299 1015 5365 similiter
1043 5302 1076 5365 in
1105 5299 1221 5365 eodem
1250 5303 1449 5367 monasterio
1473 5311 1539 5366 tres
1565 5325 1699 5369 mansos
1728 5304 1761 5368 in
1784 5303 1857 5370 loco

297 5469 358 5524 410.
386 5473 414 5532 v)
433 5473 574 5537 teptaverit
591 5471 656 5522 obse
674 5471 950 5539 eonsummatos

299 5573 356 5628 ibi.
385 5573 679 5644 [Laschitzer-Jaksch]
785 5577 810 5640 s)
831 5577 903 5643 quod
926 5575 987 5626 tiber
1009 5575 1057 5626 aar
1079 5575 1149 5626 Zeila
1173 5575 1361 5642 neclecti-open
1465 5576 1532 5644 b)A
1637 5577 1661 5645 c)
1683 5578 1790 5630 inodem
1812 5581 1859 5630 att

161 5711 195 5760 4⁵
384 5643 510 5765 ἐξεόν
527 5641 597 5695 bile
613 5645 873 5712 neclecti-operiente
978 5643 1088 5710 d)solqt
1103 5643 1219 5712 petitote»
1236 5648 1263 5712 pi
1280 5646 1497 5756 (piscacionibus)
1600 5645 1624 5712 e)
1640 5663 1707 5698 em.
1726 5665 1774 5698 om
1797 5664 1858 5714 pas·
