4560 6420
887 410 1012 467 ΟΤΤΟ
1034 411 1058 466 Ι.
1084 403 1156 466 946ss
1788 404 1850 470 163

196 605 306 679 pertus
329 591 404 678 pos't
427 593 613 678 edificatam
636 592 810 678 ecclesiam
838 602 870 656 et
899 593 1048 657 officinas
1079 591 1213 658 claustri
1244 616 1325 680 quas
1357 593 1452 658 simul
1482 603 1750 678 construxerant,
1785 596 1847 661 sibi

196 698 293 782 clegit
316 696 524 762 abbatemet
547 720 581 761 se
604 718 679 761 cnm
703 695 852 760 omnibus
876 719 958 782 quos
981 699 1178 761 accersierat
1200 697 1368 762 monacbis
1392 699 1555 763 commisit
1577 697 1770 782 regendum,
1802 698 1847 763 illi

196 802 305 886 potins
329 822 363 863 se
387 821 485 884 quam
509 799 638 863 sibimet
661 801 723 884 ipsi
753 798 901 862 credens.
945 799 1048 882 Igitur
1076 801 1153 885 qnia
1181 800 1276 865 bonis
1306 800 1461 866 debemus
1490 801 1729 865 amminiculari
1759 803 1847 884 viris,

194 916 231 970 ut
259 913 372 969 nostra
401 904 534 969 valeant
564 905 699 974 tuitione
731 901 877 984 defendi,
911 904 1001 986 regia
1031 903 1275 986 magnificentia
1302 926 1342 968 ac
1365 906 1482 969 virtute
1512 914 1625 969 nostra
1654 904 1848 971 roboramus

161 1023 177 1070 5
196 1009 390 1074 auctoritate
407 1006 562 1094 quicquid
582 1009 653 1092 ipse
672 1005 809 1070 contulit
830 1004 877 1070 illi
901 1005 1039 1090 ecclesie
1055 1005 1208 1070 videlicet
1223 1009 1257 1071 in
1274 1005 1479 1073 Gemblansb
1501 1032 1540 1072 ac
1558 1008 1713 1095 quicquid
1729 1009 1848 1074 exinde

195 1110 432 1176 venerabilium
454 1112 599 1174 virorum
621 1109 792 1192 largitione
816 1109 877 1174 deo
903 1109 1000 1174 fuerit
1030 1121 1191 1175 annuente
1222 1134 1431 1196 concessum,
1465 1123 1502 1178 ut
1531 1112 1638 1178 nullus
1668 1113 1847 1178 infidelium

196 1215 248 1280 vel
273 1215 390 1302 aliquis
414 1217 483 1280 eins
505 1215 660 1279 heredum
682 1214 793 1300 aliqua
817 1215 997 1278 temeritate
1020 1215 1194 1298 infringere
1222 1215 1356 1298 audeat,
1392 1216 1450 1280 sed
1480 1219 1589 1302 potins
1619 1217 1848 1284 inconvulsum

197 1342 326 1404 semper
348 1328 548 1404 permaneat.
594 1318 750 1382 Habeant
773 1340 851 1381 sane
874 1326 1086 1402 potestatem,
1111 1318 1195 1381 sicut
1217 1320 1280 1404 ipsi
1303 1342 1323 1382 a
1345 1321 1441 1385 nobis
1464 1323 1683 1407 expetierunt,
1708 1321 1847 1407 eligendi

197 1424 394 1508 regularem,
428 1422 482 1486 vel
509 1424 543 1486 in
565 1421 620 1485 illo
643 1421 718 1486 loco
740 1420 792 1485 vel
815 1420 1012 1507 ubicumque
1035 1423 1082 1485 eis
1106 1421 1221 1487 melius
1244 1425 1349 1489 visum
1370 1423 1482 1506 fucrit,
1518 1424 1671 1490 abbatem
1694 1434 1725 1490 ct
1748 1426 1848 1491 advo-

147 1538 178 1586 10
196 1537 305 1592 catum
334 1527 389 1612 qui
418 1525 498 1590 inibi
528 1524 621 1588 datas
649 1548 701 1589 res
734 1524 805 1608 lege
840 1525 983 1589 detineat
1016 1535 1128 1590 nostra
1157 1525 1208 1589 vel
1240 1529 1397 1592 comitum
1429 1539 1615 1593 nostrorum
1649 1529 1846 1594 defensione.
1951 1581 1954 1588 .

197 1629 323 1711 Quibus
346 1629 461 1694 eodem
484 1630 635 1692 iussionis
658 1650 729 1712 mee
752 1630 888 1712 imperio
912 1628 1053 1692 faciendi
1081 1628 1251 1694 castellum
1280 1630 1480 1696 concedatur
1511 1641 1672 1716 potestas,
1707 1655 1727 1694 a
1755 1632 1848 1696 falsis

195 1735 348 1819 quatinus
372 1729 565 1796 Christianis
588 1730 639 1795 vel
663 1733 801 1817 paganis
825 1732 962 1816 pignora
992 1741 1179 1796 sanctorum
1209 1756 1271 1819 que
1299 1732 1379 1797 inibi
1409 1733 1507 1817 digno
1537 1734 1670 1798 condita
1694 1745 1769 1799 sunt
1791 1735 1847 1799 ho-

194 1858 273 1900 nore
305 1834 484 1917 sahentnr,
520 1834 646 1919 deoque
668 1835 864 1899 famulantes
888 1835 930 1899 ab
956 1837 1042 1900 omni
1069 1843 1282 1921 protegantur
1304 1836 1518 1919 adversitate3
1551 1837 1722 1923 nullusque
1751 1837 1847 1903 nobis

196 1941 375 2005 succedens
399 1965 457 2004 rex
485 1941 519 2003 in
548 1949 692 2024 eternum
723 1939 858 2024 aliquod
888 1940 1008 2004 audeat
1038 1962 1081 2004 cx
1111 1939 1227 2004 eodem
1256 1940 1329 2004 loco
1360 1950 1513 2026 expetere
1544 1943 1711 2005 servitium
1741 1950 1849 2026 preter

145 2062 177 2110 15
195 2046 307 2109 munia
338 2045 521 2108 orationum
551 2043 593 2106 ab
626 2043 777 2129 omnique
808 2043 1019 2109 subiectionis
1050 2066 1209 2107 excussus
1242 2067 1338 2108 onere
1365 2067 1477 2128 regum
1501 2056 1659 2130 perpetua
1681 2044 1849 2109 firmetur·

196 2150 342 2213 tuitione.
387 2147 455 2210 Nee
479 2149 595 2231 quovis
618 2146 717 2210 modo
741 2146 858 2232 aliquis
882 2149 1057 2233 episcopus
1081 2149 1115 2211 in
1137 2149 1229 2211 cuius
1253 2146 1376 2212 diocesi
1404 2148 1490 2213 idem
1513 2150 1624 2213 existit
1652 2148 1760 2230 locus,
1792 2148 1848 2212 ali-

196 2274 293 2337 quam
315 2253 381 2314 vim
405 2259 519 2314 contra
542 2249 743 2313 voluntatem
765 2249 896 2315 abbatis
919 2250 1040 2315 babeat
1062 2274 1123 2316 neo
1147 2252 1309 2335 synodum
1333 2274 1487 2336 peragere
1510 2275 1570 2316 nec
1594 2252 1695 2316 ullam
1716 2254 1847 2315 omnino

194 2378 263 2420 rem
285 2377 461 2436 exornare,
490 2355 552 2416 nisi
576 2353 802 2418 tantummodo
833 2355 1011 2419 monachos
1036 2356 1181 2420 eiusdem
1204 2354 1334 2418 abbatis
1359 2354 1525 2437 ordinare,
1549 2364 1624 2440 post
1646 2366 1847 2440 mortemque

195 2461 263 2523 eius
294 2460 471 2523 accersitus
503 2459 596 2520 iuxta
621 2457 768 2541 regulam
802 2458 928 2522 sanctit
957 2459 1126 2523 Benedicti
1162 2458 1299 2522 consilio
1334 2459 1568 2523 monachorum
1602 2469 1848 2544 ceterorumque

144 2578 177 2624 20
195 2561 508 2647 conprovincialium
532 2583 650 2625 nomen
675 2561 726 2624 dei
753 2563 936 2626 timentium
965 2564 1165 2648 imperioque
1195 2562 1280 2645 regis
1311 2560 1450 2626 electum
1479 2559 1653 2625 benedicat
1684 2560 1847 2642 abbatem,

195 2670 305 2753 sicque
328 2665 448 2731 nullius
471 2667 613 2730 muneris
637 2675 774 2750 accepto
799 2667 931 2730 servitio
956 2675 1063 2750 preter
1085 2665 1297 2729 constitutam
1320 2663 1521 2748 prebendam
1543 2665 1638 2748 panis
1662 2665 1765 2727 sancti
1786 2663 1847 2728 sal·

194 2772 317 2835 vetoris
342 2769 385 2832 ad
412 2779 532 2832 statum
560 2767 671 2832 redeat
698 2769 829 2853 proprie
860 2767 957 2831 sedis.
1003 2768 1047 2831 Et
1070 2770 1146 2853 quia
1170 2767 1229 2831 sub
1252 2776 1365 2830 nostra
1388 2767 1538 2830 consistit
1564 2766 1703 2849 ditione,
1733 2767 1847 2829 annui-

195 2896 265 2938 mus
289 2871 402 2937 abbati
426 2871 657 2935 cancellarium
682 2871 743 2936 sibi
767 2872 964 2936 constituere
988 2893 1226 2957 quemcumque
1249 2869 1388 2934 voluerit
1411 2893 1453 2933 ex
1477 2872 1560 2952 suis,
1592 2869 1738 2935 similiter
1766 2893 1847 2935 mer·

195 2987 305 3043 catum
327 2998 554 3062 percussuram
577 2985 706 3058 monete
727 2973 930 3040 matheriam.
969 2974 1037 3037 Nec
1061 2997 1119 3059 per
1141 2996 1259 3058 gyrum
1280 2975 1383 3059 ipsius
1399 2972 1552 3056 abbathie
1569 2972 1722 3059 quislibet
1737 2995 1846 3038 comes

143 3093 176 3139 ‘25
196 3083 265 3145 sive
297 3080 424 3163 legatus
458 3078 642 3142 dominicus
675 3077 742 3141 ulla
775 3087 885 3142 utatur
918 3086 1078 3162 potestate
1114 3079 1183 3141 sine
1219 3078 1431 3162 permissione
1462 3075 1592 3140 abbatis
1622 3085 1654 3139 ct
1683 3075 1847 3160 advocati,

197 3184 363 3268 isdemque
386 3182 479 3246 locus
502 3180 673 3246 absolutus
697 3183 738 3244 sit
761 3181 803 3245 ab
828 3183 914 3246 omni
938 3180 1104 3262 theloneo,
1136 3204 1196 3244 nec
1220 3183 1253 3245 in
1277 3183 1409 3245 civitate
1432 3204 1492 3245 nec
1515 3183 1550 3245 in
1572 3181 1706 3246 castello
1729 3203 1790 3245 nec
1813 3183 1847 3245 in

195 3287 273 3352 villa
294 3309 354 3352 nec
379 3307 477 3371 snper
500 3308 603 3372 aquas
627 3308 686 3349 nec
709 3286 743 3349 in
766 3286 920 3370 pontibus
943 3308 1003 3350 nec
1027 3288 1060 3350 in
1082 3285 1179 3350 ullius
1209 3287 1336 3371 imperii
1365 3287 1467 3350 nostri
1499 3285 1571 3350 loco
1601 3285 1758 3350 tributum
1785 3284 1847 3351 sol·

195 3400 283 3455 vant.
329 3391 373 3453 Et
399 3388 585 3453 huiusmodi
614 3412 673 3475 per
702 3389 911 3455 succedentia
940 3400 1088 3475 tempora
1117 3389 1209 3454 locus
1237 3389 1292 3453 ille
1319 3411 1434 3473 regum
1463 3396 1593 3453 tueatur
1619 3390 1775 3473 regimine
1807 3410 1847 3453 ac

196 3494 398 3576 defensione,
423 3504 458 3557 nt
480 3501 512 3556 et
534 3515 595 3557 nos
618 3503 650 3557 et
673 3492 884 3558 succedentes
907 3516 1000 3578 reges
1024 3516 1136 3558 eorum
1158 3502 1368 3578 protegamur
1391 3495 1546 3558 oratione.
1590 3494 1692 3558 Porro
1714 3492 1777 3557 boc
1800 3493 1847 3556 uti

144 3608 178 3655 30
195 3607 326 3662 maneat
347 3607 455 3662 ratum
477 3606 509 3661 et
532 3619 589 3681 per
612 3595 822 3661 succedentia
845 3606 993 3682 tempora
1015 3597 1258 3680 inconvulsum,
1287 3596 1377 3661 anuli
1399 3599 1500 3662 nostri
1523 3598 1737 3682 impressione
1761 3594 1847 3680 sigil-

195 3702 254 3766 lari
278 3702 431 3765 iussimus
454 3723 493 3764 ac
517 3723 616 3764 manu
638 3710 753 3764 nostra
777 3701 890 3766 subtus
913 3699 1144 3784 firmavimus.)

299 3838 436 3924 Signum
459 3838 569 3903 domni
594 3837 724 3903 Ottonis
748 3841 812 3921 (M.)
835 3841 1032 3904 serenissimi
1056 3840 1152 3924 regis.

298 3944 389 4008 Brun
413 3943 627 4008 cancellarius
651 3942 800 4008 advicem
822 3943 984 4009 Friduriei
1008 3942 1262 4029 archicapellani
1285 3945 1473 4027 recognovi.
1498 3943 1567 4023 (SR.
1591 3943 1667 4022 Nu.)

298 4080 386 4145 Data
402 4099 463 4144 ΧΗ.
479 4079 547 4144 kal.
565 4080 708 4145 octobris
724 4090 834 4145 actum
850 4103 935 4147 anno
954 4082 1191 4146 incarnationis
1215 4079 1338 4147 domini
1361 4096 1573 4162 Dccccxuw,
1597 4079 1774 4144 indictione
1797 4086 1846 4159 1¹¹,

145 4192 178 4240 35
195 4207 281 4250 auno
306 4184 427 4250 domini
452 4182 583 4249 Ottonis
607 4201 662 4265 xl;
686 4193 794 4248 actum
818 4185 851 4248 in
874 4183 1011 4248 Leodio.

991 4423 1051 4496 83.

204 4581 283 4658 Ouo
307 4582 467 4678 bastdtipt
493 4581 573 4653 dem
599 4579 740 4653 Klostcr
767 4578 972 4653 Reicbcaau
1005 4579 1162 4651 probrare
1190 4573 1449 4676 Scbeakaayeu
1477 4578 1589 4650 seinos
1623 4575 1848 4675 Vorpttapers
1953 4683 1955 4690 y

195 4703 291 4777 Kcrl
316 4717 379 4776 ΙΙΙ.
408 4701 488 4773 aad
500 4700 593 4798 fttpt
618 4701 696 4772 aiae
723 4696 936 4796 Seleukeia,
962 4700 1002 4771 iu
1028 4698 1263 4772 Litzctstettea
1289 4698 1408 4770 tiozo.

1286 4838 1459 4909 Frankfurt
1483 4839 1545 4897 946
1567 4835 1730 4894 November
1751 4838 1803 4894 28.

144 5039 178 5089 40
300 5029 549 5103 Oriyimddiplom
572 5027 623 5105 (A)
648 5029 711 5086 uad
732 5029 847 5087 auelles
870 5028 1035 5100 Exemplar
1056 5027 1257 5100 conplector
1278 5026 1388 5096 Hand,
1423 5028 1494 5085 aber
1516 5026 1589 5084 ohne
1612 5023 1706 5097 sieqel
1730 5021 1782 5101 (B)
1806 5024 1849 5080 im

295 5135 407 5208 prosali.
428 5133 792 5192 Gerasi-hoodesorebiv
813 5149 853 5189 aa
873 5130 1050 5190 Kartsrube.

296 5269 415 5345 Μωρέ
436 5272 509 5344 Περ.
533 5270 612 5330 Bad.
636 5272 677 5330 85
699 5276 733 5328 n⁰
754 5273 797 5330 24
820 5287 877 5328 aas
899 5269 938 5330 A.
961 5302 1003 5312 -
1027 5267 1156 5342 Stamps
1173 5270 1245 5342 Ray.
1271 5271 1336 5329 152
1356 5288 1397 5328 ru
1420 5273 1491 5330 947.

299 5411 422 5472 Genaua
437 5411 646 5483 Verpleietuuy
661 5427 716 5467 coa
733 5409 763 5468 A
785 5409 849 5467 aad
864 5409 894 5467 B
916 5410 1012 5467 marm
1034 5406 1259 5479 rmrwctselbuft
1282 5407 1351 5466 dass
1374 5405 1442 5466 BA.
1466 5409 1567 5465 suerat
1581 5407 1666 5479 jones
1688 5404 1753 5464 med
1774 5404 1850 5462 met

297 5516 367 5586 ili-m,
390 5513 531 5572 oielles’eht
554 5513 619 5570 weil
641 5531 670 5573 es
693 5514 823 5573 eiuselue
837 5515 945 5572 Felrler
966 5513 1094 5582 cntkielt,
1118 5513 1148 5571 B
1169 5512 1234 5570 und
1254 5529 1337 5570 suar
1351 5513 1405 5569 mit
1421 5511 1503 5568 mehr
1517 5509 1651 5583 Sorofalt
1666 5509 1850 5583 peschrieben

146 5711 180 5760 to
300 5698 341 5753 82.
369 5703 392 5762 s)
411 5696 465 5759 AO,
484 5699 592 5750 firmiter
609 5700 636 5750 B
717 5703 737 5766 t)
755 5699 786 5764 A,
805 5701 877 5750 beati
896 5701 949 5752 ΒΟ
1025 5699 1054 5765 u)
1072 5713 1100 5750 ro
1119 5700 1147 5748 in
1163 5699 1187 5750 A
1205 5698 1259 5762 corf
1268 5697 1357 5750 Bucar
1374 5695 1430 5748 aad
1445 5712 1495 5748 oon
1513 5694 1623 5746 raderer
1639 5694 1730 5758 Hand,
1752 5705 1775 5744 11
1793 5689 1849 5742 Bc.

1584 5797 1643 5860 21*
