4546 6420
416 431 480 498 554
1010 439 1466 496 KAISERURKUNDEN.

1196 619 1281 694 107.
1329 649 1332 658 ¹

428 774 508 851 Otto
534 775 676 850 sclienltt
701 775 779 847 dem
807 775 1020 848 Vocetiooer
1047 775 1171 848 Vitolt's
1197 773 1414 849 Coodtooos
1443 773 1513 846 deo
1540 771 1608 848 Ort
1635 773 1732 846 Isolo
1759 775 1800 846 in
1823 773 1975 845 [sotto.

1590 899 1733 956 Roocrmo
1756 900 1820 956 972
1843 896 1976 956 Jootuar
2000 897 2030 953 8.

522 1070 770 1144 Ονῑρὶηαῑᾶίρῐωη
792 1071 835 1128 tro
849 1068 959 1128 Archiv
980 1070 1030 1128 des
1050 1068 1168 1140 (broten
1183 1070 1378 1142 Frooqipoce
1391 1088 1432 1128 eu
1447 1071 1585 1142 Perpetto
1607 1067 1666 1147 (A).
1690 1103 1732 1111 -
1756 1067 1845 1141 Copia
1870 1069 1920 1126 cles
1945 1071 1999 1126 13.
2017 1067 2072 1126 Jlr.

517 1178 551 1233 in
573 1175 629 1234 den
651 1177 827 1247 Perpomcm'
849 1175 1004 1248 capitulari
1029 1178 1056 1244 1,
1082 1176 1122 1234 45
1146 1175 1195 1232 cles
1220 1174 1448 1246 Capitelorclrios
1471 1192 1512 1231 ru
1535 1171 1699 1251 Oioidole(
1728 1172 1748 1250 ).
2089 1182 2105 1226 5

523 1315 623 1374 Wottr
644 1316 677 1372 in
700 1315 806 1373 Ronbe
829 1313 936 1372 Jahrb.
960 1318 1003 1382 1⁶,
1026 1314 1089 1372 156
1112 1314 1159 1370 cit.
1184 1345 1226 1354 -
1248 1311 1386 1369 Kondlcr
1408 1311 1470 1370 OD.
1485 1312 1627 1370 ‘Istriouo
1649 1328 1690 1368 ru
1712 1313 1775 1369 973
1800 1309 1928 1368 Jonuor
1946 1312 1990 1368 10
2013 1326 2072 1367 uus

518 1416 555 1477 A.
579 1450 621 1458 —
644 1415 775 1490 Stumpf
792 1417 867 1474 Aeto
889 1416 965 1474 roeo.
991 1419 1031 1476 19
1049 1421 1084 1473 o⁰
1102 1419 1159 1475 13⁰
1181 1433 1237 1474 aus
1254 1413 1343 1487 Copia
1365 1415 1414 1474 des
1436 1416 1558 1485 Rubris,
1581 1417 1636 1472 mit
1658 1413 1848 1474 vl1.id.ian.
1873 1447 1917 1454 —
1941 1411 2076 1486 Stumpf

517 1522 590 1594 aar.
615 1523 686 1580 501.

518 1658 582 1716 Der
602 1657 740 1716 Dictator
761 1656 833 1716 lclsst
855 1657 917 1715 sich
938 1657 1017 1714 nicht
1039 1657 1217 1714 bestimmeo.
1255 1655 1448 1714 Gesocrieben
1469 1657 1508 1713 ist
1531 1655 1585 1713 das
1601 1655 1640 1712 D.
1656 1655 1710 1711 mit
1725 1653 1903 1712 meramors
1919 1652 1976 1709 der
1991 1650 2070 1710 Sub-

519 1759 733 1833 reaptantes
756 1760 882 1818 Kaisers
904 1777 959 1818 oon
981 1760 1024 1817 It.
1040 1759 1089 1828 B„
1113 1757 1236 1829 worout
1254 1759 1294 1816 It.
1312 1759 1349 1818 E.
1374 1758 1421 1816 die
1443 1760 1516 1816 croci
1538 1757 1643 1814 tetriore
1661 1756 1762 1814 Zeilcn
1783 1753 1983 1828 hieracefuct
2006 1755 2068 1812 bot.
2090 1767 2121 1812 10

521 1865 613 1923 Uebcr
635 1863 683 1921 dic
704 1864 892 1936 moretoin
913 1862 968 1936 opt.
992 1861 1088 1922 Strbel
1109 1862 1205 1922 Beitr.
1228 1880 1287 1921 rur
1307 1861 1390 1934 Dipl.
1416 1865 1445 1932 8,
1469 1865 1541 1921 172.

517 2044 591 2128 {In
611 2050 743 2114 nomine
767 2058 901 2113 sanctae
924 2058 957 2113 et
982 2048 1172 2113 individuae
1201 2049 1365 2113 trinitatis.
1411 2046 1489 2112 Otto
1520 2047 1631 2112 divina
1660 2045 1855 2112 ordinante*
1885 2044 2069 2110 clemencia

415 2154 594 2240 imperator
622 2162 788 2237 augustus.
885 2152 1012 2216 Noscat
1041 2153 1183 2216 omnium
1214 2161 1348 2216 sanctae
1377 2151 1429 2216 dei
1458 2151 1618 2216 ecclesiae
1641 2172 1680 2214 ac
1702 2159 1890 2216 nostrorum
1916 2147 2068 2214 fidelium

415 2260 621 2342 presencium
651 2257 775 2322 scilicet
803 2268 836 2322 et
863 2254 1072 2323 futurorumb
1094 2253 1108 2333 l
1130 2253 1305 2337 industria,
1338 2277 1377 2319 eo
1401 2253 1489 2341 quod
1511 2253 1651 2318 Adeleid
1674 2275 1785 2318 comes
1808 2255 1912 2318 nostri
1936 2253 2068 2337 imperii

415 2371 548 2426 nostrae
570 2360 734 2426 humiliter
757 2362 925 2445 suggeritc
947 2360 1138 2444 magestati,
1170 2356 1336 2444 q[uatinus
1364 2358 1473 2422 locum
1502 2360 1557 2442 qui
1585 2355 1830 2443 nuncu]paturl
1858 2356 1975 2422 Insula
2004 2379 2068 2442 que
2089 2375 2119 2422 rs

415 2473 465 2528 est
494 2464 557 2529 sita
586 2466 619 2528 in
647 2462 760 2545 Istria‚
790 2485 864 2528 cum
888 2465 954 2527 suis
983 2464 1212 2549 pectinentiisc
1234 2463 1337 2528 Uitali
1360 2463 1519 2528 Uenetico
1544 2461 1714 2528 Gaudiano
1743 2463 1886 2528 tribuere
1914 2461 2067 2546 dignare-

416 2590 496 2631 mur.
543 2564 643 2631 Cuius
673 2569 874 2651 suggestioni
903 2565 1042 2631 libenter
1070 2566 1246 2631 adsensum
1276 2566 1447 2650 prebentes
1477 2566 1586 2631 locum
1615 2567 1669 2652 qui
1697 2566 1817 2630 dieitur
1845 2565 1961 2631 Insula
1991 2588 2069 2630 cum

415 2671 483 2734 suis
511 2669 693 2754 apendiciis
723 2679 790 2733 tam
818 2669 903 2733 infra
924 2671 1100 2734 civitatem
1122 2670 1334 2755 Iustinopolis
1357 2691 1454 2754 quam
1478 2681 1587 2752 extra,
1623 2691 1704 2754 eque
1727 2672 1760 2733 in
1783 2668 1950 2734 montibus
1974 2679 2011 2733 ut
2034 2672 2067 2733 in

416 2773 565 2858 planiciis
589 2771 766 2856 paludibus
790 2773 857 2836 sive
880 2775 1012 2858 pascuis
1036 2776 1129 2858 aquis
1153 2795 1374 2858 aquarumque
1399 2772 1549 2836 ductibus
1573 2773 1735 2837 fontaneis
1757 2771 1955 2836 molendinis
1974 2794 2067 2836 casa-

415 2875 513 2941 liuisc
536 2875 694 2940 clausuris
717 2878 820 2940 vineis
844 2880 946 2962 pratis
970 2875 1061 2941 silvis
1084 2876 1180 2941 cultis
1204 2886 1237 2941 et
1258 2875 1390 2941 incultis
1413 2877 1559 2961 ripaticis
1582 2875 1841 2960 piscacionibus,
1868 2877 1916 2939 ita
1939 2879 2067 2960 integre
2085 2892 2117 2939 20

415 2981 462 3043 uti
493 2981 525 3042 in
554 2988 669 3044 nostra
699 2982 879 3064 permansit
901 2989 1081 3064 potestate,
1116 2979 1325 3044 concedimus
1349 2987 1446 3064 atque
1471 2979 1641 3064 largimur,
1676 2988 1713 3042 ut
1734 2978 1878 3044 donandi
1900 2979 2069 3045 vendendi

415 3083 579 3148 alienandi
607 3106 667 3169 pro
695 3085 806 3148 anima
834 3082 1001 3149 iudicandi
1029 3083 1082 3147 vel
1113 3081 1268 3170 quicquid
1296 3084 1366 3150 eius
1394 3081 1575 3147 decreverit
1603 3084 1730 3147 animus
1762 3083 1906 3148 faciendi
1942 3081 2069 3148 habeat

415 3195 629 3273 potestatem,
661 3209 699 3251 eo
722 3186 875 3252 videlicet
904 3187 1016 3253 ordine
1046 3187 1198 3271 quatinus
1226 3185 1334 3250 nullus
1363 3184 1432 3250 dux
1460 3184 1605 3250 marchio
1635 3187 1810 3271 episcopus
1839 3205 1955 3250 comes
1981 3187 2067 3250 vice-

415 3312 526 3355 comes
556 3290 728 3356 scudasius
757 3290 939 3374 gastaldius
961 3289 1013 3354 vel
1037 3287 1158 3376 aliquis
1178 3288 1330 3374 publicae
1352 3292 1399 3353 rei
1422 3300 1559 3354 exactor
1580 3311 1640 3352 nec
1663 3311 1729 3354 non
1752 3310 1873 3373 magna
1896 3311 2069 3374 parvaque

414 3395 518 3460 nostri
546 3396 673 3480 imperii
700 3416 842 3479 persona
870 3395 1071 3479 inquietate⁰
1099 3402 1156 3458 aut
1184 3393 1360 3458 molestare
1388 3403 1556 3478 presumat
1583 3401 1640 3456 aut
1667 3391 1825 3477 placitum
1855 3401 1969 3456 tenere
1996 3393 2066 3456 sive
2083 3407 2114 3454 15

415 3496 550 3584 aliquod
573 3497 718 3562 officium
741 3506 929 3562 construere
952 3496 1015 3560 nisi
1044 3499 1113 3560 eius
1141 3496 1283 3562 licentia.
1329 3497 1364 3562 si
1387 3497 1459 3582 quis
1481 3518 1558 3559 vero
1582 3493 1677 3558 huius
1700 3498 1803 3560 nostri
1825 3497 1974 3580 precepti
1997 3497 2066 3560 vio-

414 3601 500 3665 lator
522 3601 699 3682 exstiterit,
724 3601 807 3664 sciat
829 3622 864 3664 se
885 3599 1000 3685 procul
1024 3598 1123 3665 dubio
1147 3601 1405 3685 compositurum
1428 3598 1515 3664 mille
1537 3598 1637 3678 libras
1661 3600 1731 3662 auri
1755 3599 1884 3683 optimi,
1907 3597 2066 3664 medieta-

414 3713 479 3768 tem
503 3714 634 3769 nostrae
656 3703 811 3768 kamerac
833 3703 1105 3788 medietatemque
1129 3704 1329 3789 supralibato
1352 3705 1511 3769 Uenetieo
1534 3703 1589 3788 qui
1611 3711 1816 3788 nuncupatur
1837 3701 1961 3767 Uitalis
1985 3704 2066 3768 suis-

413 3801 478 3894 que
499 3806 674 3872 heredibus
698 3807 817 3892 quibus
839 3806 1022 3872 molestiam
1045 3806 1198 3873 intulerit.
1236 3809 1280 3873 Et
1302 3819 1338 3873 ut
1359 3809 1422 3873 hoc
1446 3806 1636 3871 inconvulse
1660 3815 1805 3870 servetur
1827 3807 1860 3868 in
1884 3817 2066 3890 posterum,

414 3911 510 3975 huius
539 3912 679 3996 paginae
706 3919 896 3996 preceptum
924 3933 1024 3975 manu
1052 3920 1166 3975 nostra
1195 3910 1307 3976 subter
1333 3911 1526 3977 roborantes
1558 3909 1678 3974 annulo
1702 3919 1814 3974 nostro
1838 3911 1994 3974 iussimus
2018 3911 2065 3974 in·
2083 3921 2114 3969 30

416 4013 538 4096 signiri.

517 4145 532 4228 ll
554 4148 690 4234 Signum
712 4149 823 4216 domni
847 4152 1044 4215 serenissimi
1067 4151 1274 4236 imperatoris
1298 4149 1389 4216 Otto·
1413 4153 1502 4233 (ΜΡ.)
1523 4153 1584 4216 nis.
1608 4150 1622 4234 ξ

517 4249 667 4331 {Petrus
697 4252 912 4318 cancellarius
940 4254 1090 4319 advicem
1118 4253 1235 4319 Uberti
1262 4255 1409 4340 episcopi
1438 4263 1472 4318 et
1499 4252 1783 4319 arhicancellarii⁰
1812 4255 2006 4336 recognovit
2034 4263 2067 4318 et

417 4356 619 4442 subscripsit.
641 4353 656 4436 ἕξ
1934 4359 1992 4437 (sl.
2012 4358 2065 4436 D.)

516 4494 606 4558 Data
622 4511 668 4556 vl.
684 4492 727 4557 id.
744 4495 882 4559 ianuarii
899 4517 986 4562 anno
1006 4496 1166 4580 dominice
1189 4497 1430 4562 incarnacionis
1454 4511 1690 4578 Dccccnxxm,
1713 4495 1838 4579 imperii
1853 4515 1932 4558 vero
1950 4494 2062 4559 domni
2082 4513 2113 4560 ³5

416 4595 548 4662 Ottonis
571 4615 618 4679 xl,
641 4595 804 4661 indicione
827 4616 891 4681 xv3
914 4609 1023 4663 actum
1045 4599 1218 4683 Rauenne3
1242 4599 1302 4665 deo
1326 4601 1474 4686 propicio
1497 4600 1659 4664 feliciter‘*
1681 4621 1785 4663 amen.

1194 4785 1281 4860 108.

348 5005 351 5008 .
425 4937 505 5015 Otto
533 4940 694 5041 bestdttpt
719 4942 797 5015 door
824 4941 969 5015 Kloster
994 4937 1033 5016 S.
1053 4937 1193 5038 Sophia
1218 4967 1263 5014 zu
1281 4941 1465 5015 Beneoeot
1486 4942 1553 5015 olle
1570 4941 1808 5039 Besitzunpcn
1830 4941 1912 5012 und
1929 4940 2065 5013 Besitc·

416 5061 487 5133 titel
513 5061 592 5134 und
616 5062 762 5135 verledtt
786 5063 859 5134 ibon
885 5062 1108 5135 Iocmunc'td't.
1668 5082 1744 5140 Rom
1765 5084 1830 5142 972
1851 5079 1946 5153 April
1966 5085 2021 5142 22.

522 5269 769 5343 Ortpiooldiplom
791 5272 833 5328 im
856 5271 992 5329 Arctiot'o
1015 5269 1080 5330 dell’
1097 5270 1298 5342 Orsonctrorio
1320 5271 1485 5342 fernmius’le
1505 5289 1546 5329 ru
1568 5271 1716 5330 Bcoeocot
1736 5267 1799 5348 (A).
1823 5303 1867 5312 -
1889 5271 2068 5343 Reperiam
2086 5287 2120 5335 40

516 5390 540 5433 a.
561 5373 688 5448 Sophiae
708 5393 773 5433 oom
796 5376 829 5435 J.
847 5380 930 5436 1119
955 5375 978 5447 f.
1003 5374 1086 5448 126',
1103 5378 1178 5450 jetrt
1203 5377 1270 5436 Ood.
1294 5377 1384 5436 Votic.
1409 5379 1493 5436 4939
1517 5375 1569 5434 der
1587 5374 1810 5434 Vaticontsclien
1831 5374 2004 5433 Bibliotlrck
2027 5393 2069 5432 eu

517 5477 595 5536 Rom
619 5475 682 5555 (Β).
1428 5495 1429 5500 ’

501 5642 560 5697 4⁰7.
588 5642 742 5715 [Ottenthal]
836 5649 863 5710 a)
882 5648 1010 5711 ordinate,
1028 5649 1113 5700 felicit
1131 5648 1196 5699 ohne
1214 5647 1482 5712 Ablrtlmmqmr'cbco
1499 5650 1527 5697 in
1546 5647 1565 5697 A
1660 5647 1688 5710 b)
1705 5651 1734 5696 tu
1752 5644 1813 5696 titur
1830 5645 1878 5696 der
1895 5645 1969 5697 Zeila
1985 5646 2071 5698 norb·

583 5721 706 5780 catapan
723 5715 792 5768 snt
897 5715 960 5781 c)A
1065 5720 1093 5783 d)
1111 5724 1214 5784 erederet
1231 5718 1298 5768 noct
1319 5719 1351 5769 B.
