4560 6420
879 404 1005 461 ΟΤΤΟ
1027 405 1050 459 1.
1075 400 1148 460 948.
1775 396 1836 462 183

186 598 218 652 et
241 596 352 671 sancte
375 596 407 652 et
428 589 616 670 intemerate
647 608 774 670 semper
796 588 930 668 virginis
953 585 1056 670 Marie
1085 587 1250 669 genitricis
1279 585 1425 650 eiusdem
1455 586 1506 650 dei
1529 595 1561 651 et
1583 586 1705 651 domini
1732 592 1834 653 nostri

185 693 260 755 Iesu
283 689 402 754 Christi
426 712 485 754 nec
514 713 581 754 non
609 701 641 754 et
668 691 776 772 anime
805 699 914 772 nostre
944 688 1064 770 salute,
1098 691 1280 754 interventu
1311 711 1439 775 quoque
1467 689 1611 754 fidelium
1638 700 1834 774 nostrorum,

186 795 309 859 scilicet
338 793 501 866 Fridurici
529 794 767 878 archiepiscopi
797 803 829 856 et
860 791 968 857 dilecti
998 795 1143 876 germani
1173 794 1276 856 nostri
1306 793 1470 857 Brimonis
1493 803 1525 857 et
1548 791 1713 858 Ouonradi
1742 794 1834 858 ducis

185 908 282 984 atque
297 897 489 962 Herimanni
513 897 605 962 ducis
629 909 660 962 et
682 908 864 962 ceterorum
886 895 1041 978 fidelium,
1065 895 1276 961 concedimus
1292 919 1312 960 a
1328 895 1380 960 die
1398 907 1547 982 presente
1565 907 1598 961 et
1618 897 1700 962 hora
1723 908 1835 982 sancte

150 1001 286 1085 oMarie
315 999 359 1064 ad
387 1000 499 1065 sedem
527 1000 773 1066 Cameracensis
803 999 940 1082 ecclesie
973 1002 1025 1064 eui
1054 997 1249 1063 venerabilis
1277 999 1452 1064 Fulbertus
1486 1001 1660 1086 episcopus
1689 1000 1749 1065 deo
1778 1024 1834 1065 an-

183 1113 302 1170 nuente
326 1103 490 1188 presidere
512 1103 655 1186 videtur,
689 1103 857 1168 abbatiam
888 1104 992 1167 saneti
1017 1101 1191 1186 Gangeriei
1220 1123 1350 1166 omnem
1372 1125 1414 1167 ex
1436 1105 1562 1188 integro
1586 1126 1660 1169 cum
1684 1105 1834 1186 omnibus

184 1207 280 1272 rebus
302 1219 334 1272 et
356 1207 619 1293 possessionibus
633 1207 730 1270 domi
755 1217 911 1292 extraque
942 1205 1192 1290 pertinentibus,
1227 1206 1321 1269 sicuti
1349 1207 1428 1270 iuris
1459 1210 1560 1272 nostri
1589 1217 1722 1272 actenus
1751 1211 1834 1273 iuste

184 1335 224 1376 ac
246 1312 393 1396 legaliter
414 1315 486 1375 visa
508 1321 557 1375 est
579 1312 696 1392 luisse,
731 1332 889 1374 concessa
917 1311 1039 1395 pariter
1062 1311 1149 1374 omni
1172 1308 1304 1393 publiea
1330 1309 1497 1374 functione
1519 1310 1571 1374 vel
1595 1314 1768 1377 exactione
1791 1311 1834 1376 ed

183 1418 249 1480 iam
271 1417 373 1480 fatum
397 1416 502 1479 sancti
526 1415 712 1478 monasterii
735 1414 845 1479 locum
867 1415 1057 1498 pertinente,
1079 1422 1116 1477 ut
1137 1411 1244 1476 nullus
1267 1433 1377 1476 comes
1400 1411 1451 1476 vel
1475 1412 1611 1498 quilibet
1633 1416 1679 1478 rei
1702 1413 1833 1500 publice

135 1530 166 1576 10
184 1520 330 1583 minister
357 1517 426 1582 illic
454 1526 649 1602 potestatem
676 1515 797 1580 habeat
825 1526 881 1581 aut
909 1515 1044 1580 mallum
1070 1515 1202 1579 tenendi
1231 1514 1283 1578 vel
1310 1514 1456 1579 bannum
1483 1516 1533 1579 vel
1563 1517 1657 1582 freda
1680 1517 1832 1600 exigendi

183 1631 239 1686 aut
266 1621 411 1707 aliquam
437 1620 673 1684 districtionem
699 1620 856 1702 faciendi,
891 1618 949 1683 sed
971 1642 1030 1705 per
1053 1621 1161 1684 omnia
1184 1621 1230 1682 ita
1253 1618 1313 1682 sub
1337 1627 1499 1703 potestate
1522 1621 1587 1683 sint
1608 1621 1755 1706 episcopi
1778 1623 1831 1705 qui

184 1725 244 1789 deo
267 1711 431 1810 prestbntc
455 1746 513 1808 per
536 1723 776 1788 successionem
799 1722 904 1787 eidem
934 1724 1089 1807 prefuerit
1117 1722 1253 1806 ecclesie
1286 1723 1439 1809 deinceps
1468 1733 1500 1787 et
1527 1726 1562 1788 in
1591 1727 1724 1809 perenni
1753 1736 1833 1790 tem-

183 1850 278 1914 pore,
302 1831 396 1893 sicuti
420 1851 522 1914 usque
545 1826 643 1893 modo
666 1829 745 1891 iuris
767 1828 897 1891 fuerunt
918 1828 1090 1911 potestatis
1113 1837 1232 1910 nostre.
1270 1826 1315 1890 Et
1335 1837 1372 1890 ut
1393 1826 1454 1891 hec
1477 1838 1587 1912 nostre
1611 1831 1833 1894 concessionis

183 1934 360 1996 auctoritas
390 1954 449 2017 per
477 1931 721 1996 succedentium
750 1929 912 1994 curricula
941 1939 1125 2015 temporum
1154 1929 1426 2014 inrefragabiliter
1448 1929 1623 1995 firmiorem
1644 1933 1679 1995 in
1702 1931 1752 1994 dei
1775 1954 1832 1995 no-

132 2045 164 2090 15
182 2037 266 2099 mine
290 2034 436 2100 obtineat
457 2036 619 2118 vigorem,
653 2056 752 2098 manu
778 2034 912 2118 propria
940 2041 1053 2097 nostra
1081 2032 1195 2097 subtus
1224 2055 1297 2097 eam
1324 2033 1525 2097 firmavimus
1553 2043 1585 2097 et
1612 2033 1701 2098 anuli
1729 2039 1832 2100 nostri

181 2140 394 2225 impressione
417 2138 623 2230 corroborari
650 2137 865 2222 precepimus.

283 2273 297 2354 Ξ
319 2275 456 2361 Signum
479 2275 590 2340 domni
615 2273 746 2339 Ottonis
769 2275 832 2355 (M.)
857 2275 1059 2338 invictissimi
1082 2276 1178 2358 regis.
1201 2269 1215 2352 l

282 2376 297 2456 ξ
318 2380 408 2444 Brun
431 2378 646 2443 cancellarius
670 2378 819 2442 edvioem
841 2377 998 2442 Rodberti
1021 2376 1297 2462 archicappellani
1320 2378 1507 2463 recognovi.
1529 2377 1543 2456 l
1565 2380 1621 2459 (SI.
1648 2382 1688 2462 1.)
1748 2383 1830 2462 (SR.)

283 2517 373 2581 Data
388 2535 424 2581 11.
440 2517 507 2581 kal.
523 2519 599 2581 mai.
615 2538 701 2580 anno
725 2514 887 2599 dominice
910 2516 1145 2580 lneamationis
1168 2531 1388 2598 nccccxnvn,
1412 2515 1589 2579 indictione
1605 2533 1652 2598 v1,
1676 2529 1832 2600 regnante

128 2645 162 2692 ρο
180 2623 234 2706 pio
257 2643 332 2704 rege
356 2618 477 2686 Ottone
500 2642 586 2684 anno
609 2637 692 2701 xm3
715 2626 826 2684 actum
848 2617 1047 2704 Aquisgrani
1070 2619 1206 2705 palacii3
1229 2621 1263 2683 in
1286 2619 1419 2684 domino
1443 2619 1578 2683 feliciter
1600 2641 1707 2684 amen.

964 2860 1049 2934 101.

189 3015 269 3092 Otto
297 3017 458 3116 bestdtiqt
483 3016 553 3090 dee
583 3014 817 3093 Cenoailcera
843 3015 908 3087 der
930 3015 1089 3088 Kirehee
1111 3041 1156 3088 ze
1178 3015 1320 3088 Rasson
1341 3015 1422 3089 aad
1441 3015 1635 3088 Littemala
1661 3016 1738 3088 ihre
1760 3016 1830 3088 Be-

178 3139 363 3236 sitzanpee
384 3138 464 3211 aad
484 3137 610 3212 Recbte
631 3137 711 3211 aad
730 3136 877 3209 uerledtt
898 3135 1007 3208 idaeo
1030 3136 1254 3210 Immeaitttt.
1396 3172 1515 3232 Am„
1539 3177 1602 3234 948
1624 3173 1714 3247 April
1735 3177 1785 3233 30.

280 3363 404 3438 Diplom
425 3362 642 3434 ewetfelhester
666 3362 858 3436 Ota‘piaalitc'i't
880 3363 923 3419 im
944 3362 972 3422 k.
997 3361 1201 3421 Staetsarchiv
1221 3382 1262 3422 su
1284 3360 1470 3434 Dasseldorf
1491 3361 1502 3442 (
1532 3362 1552 3442 ).

280 3519 384 3592 lasea
397 3519 467 3579 ΕΑ.
491 3515 555 3590 18⁶,
579 3524 643 3581 300
665 3523 736 3580 a⁰2
757 3536 814 3578 eas
830 3517 859 3577 A
880 3522 1008 3579 214947.
1033 3553 1074 3562 -
1102 3520 1182 3594 Quis
1201 3519 1302 3578 Geseh.
1318 3538 1374 3578 eoa
1389 3520 1567 3578 Battselteid
1584 3519 1716 3598 (Aeolica
1731 3519 1829 3598 1834)

281 3628 343 3683 199
366 3630 433 3684 n⁰1
458 3641 515 3684 aas
535 3624 671 3683 Vidimus
693 3641 758 3682 eom
780 3622 813 3682 J.
831 3626 924 3682 1677.
948 3657 991 3666 —
1014 3623 1181 3682 Dizeomblet
1204 3623 1410 3682 Niederrheia.
1433 3624 1497 3684 ΠΒ.
1521 3628 1551 3694 1,
1576 3627 1617 3684 56
1639 3630 1673 3681 a⁰
1689 3624 1751 3684 '100
1774 3643 1830 3684 eas

206 3733 209 3738 “
280 3725 311 3785 Α
332 3744 372 3785 aa
394 3731 467 3788 947.
493 3761 531 3771 —
556 3727 695 3786 Berliaer
716 3727 834 3786 Attila.
858 3730 888 3797 3,
915 3726 983 3796 Taf.
1009 3730 1060 3786 18.
1084 3760 1127 3770 —
1150 3726 1279 3800 Stumps
1297 3729 1370 3801 Rea.
1395 3731 1468 3789 162.

282 3883 345 3941 Von
367 3883 703 3956 Kaaeleioassertipunq
726 3884 807 3941 kene
828 3901 890 3941 aar
911 3887 1000 3941 aeder
1022 3882 1075 3941 der
1093 3884 1331 3958 Vereussetaenp
1354 3883 1388 3963 (s.
1413 3903 1472 3944 was
1494 3903 1534 3943 sa
1557 3883 1623 3944 DO.
1640 3888 1681 3944 94
1705 3885 1830 3943 benterkt

280 3984 330 4064 ist)
353 3988 401 4044 die
422 3988 505 4047 Reda
526 3990 589 4046 seia
611 3988 681 4046 dass
704 3990 752 4045 ein
774 3977 926 4059 hele’ebiper
947 3987 1011 4044 aad
1032 3988 1113 4045 nield
1133 3989 1255 4059 peeoter
1278 3988 1429 4048 Schreiber
1455 3990 1519 4047 hier
1541 3991 1584 4046 im
1606 3987 1754 4062 Aaftraqe
1775 4007 1831 4049 reon

280 4089 349 4149 BA.
377 4092 533 4163 pearbeitet
561 4092 625 4150 aad
652 4093 739 4150 dohet
767 4090 974 4148 instesondere
1001 4089 1057 4160 fiir
1083 4089 1138 4148 des
1165 4090 1320 4150 Huatdmol
1341 4095 1406 4150 eine
1429 4092 1662 4166 schreibvorleqe
1683 4093 1831 4152 desselben

280 4196 399 4252 henuttt
422 4196 502 4254 liobe.
547 4196 606 4254 Die
627 4197 762 4254 Eelithcit
784 4195 860 4253 wird
882 4195 975 4253 durch
996 4195 1051 4254 dus
1074 4193 1142 4254 ΒΑ.
1166 4195 1389 4268 entspreeheade
1410 4196 1560 4255 Protoltoll
1581 4197 1646 4255 aad
1668 4195 1761 4254 durch
1783 4197 1831 4254 die

280 4299 478 4368 aeitqenutsse,
495 4298 602 4370 jedoch
622 4298 702 4355 ablu
725 4300 758 4356 ia
780 4297 833 4356 der
853 4299 980 4356 Kaaslei
1003 4299 1193 4358 eatstaadene
1214 4299 1356 4372 Fossam
1377 4299 1524 4372 verberet.

282 4501 341 4581 (C.)
370 4498 384 4579 l
411 4501 451 4564 In
479 4504 609 4567 nomine
638 4512 771 4566 sanctae
800 4512 833 4566 et
860 4502 1048 4567 individuae
1078 4504 1240 4567 trinitatis.
1292 4502 1370 4568 Otto
1400 4503 1511 4568 divina
1540 4503 1737 4589 propitiante
1766 4502 1829 4566 ele·

176 4605 299 4666 mentia
316 4625 385 4667 rex.
473 4604 632 4670 Noverint
655 4627 767 4669 omnes
790 4604 903 4668 fideles
926 4607 1027 4670 nostri
1050 4616 1217 4690 presentes
1240 4603 1254 4686 ξ
1276 4606 1401 4670 scilicet
1424 4615 1456 4671 et
1477 4607 1588 4688 futuri,
1612 4605 1751 4692 qualiter
1768 4629 1829 4671 nos

126 4740 159 4788 35
178 4726 236 4789 pro
260 4704 312 4770 dei
337 4727 447 4770 amore
471 4729 545 4772 cum
568 4730 731 4772 consensu
753 4717 785 4770 et
808 4707 1036 4793 deprecatione
1052 4709 1224 4773 Faraberti
1248 4711 1394 4795 episcopi
1418 4719 1662 4794 ceterorumque
1684 4707 1828 4773 fidelium

176 4819 361 4875 nostrorum
383 4834 435 4876 res
460 4835 541 4897 quas
563 4813 699 4898 Pipinus
722 4822 754 4876 et
776 4815 921 4878 coniunx
945 4835 1004 4877 sua
1026 4813 1203 4878 Bliotrudis
1227 4811 1362 4876 donavit
1385 4811 1428 4876 ed
1449 4812 1604 4877 basilicas
1631 4821 1828 4896 sanctorum,

176 4914 327 4978 videlicet
349 4917 453 4979 sancti
475 4917 563 4981 Petri
587 4918 756 5001 sanctique
779 4917 921 4998 Martini,
945 4938 1091 5001 quasque
1115 4914 1287 4978 Clodulfus
1309 4916 1414 4979 maior
1437 4915 1553 4979 domus
1575 4916 1609 4978 in
1631 4914 1726 4978 villas
1748 4938 1829 4980 nun·

177 5027 313 5101 cupatas
336 5017 472 5083 Hreotio
497 5029 529 5083 et
551 5018 727 5084 Littemala
752 5016 931 5083 subteriore
954 5021 1153 5101 construxit,
1178 5040 1290 5082 omnes
1314 5041 1356 5083 ex
1378 5021 1503 5103 integro
1527 5017 1693 5083 reddimus
1716 5029 1828 5084 nostra

177 5123 370 5184 auctoritate
394 5121 437 5186 ad
460 5122 566 5188 dictas
588 5122 743 5188 basilicas
767 5131 799 5185 et
821 5129 978 5208 quantum
1007 5125 1077 5207 ipse
1105 5125 1139 5185 in
1168 5123 1257 5206 ipsas
1287 5122 1383 5187 villas
1412 5123 1479 5186 filio
1504 5145 1562 5188 suo
1586 5122 1730 5187 Aunulfo
1760 5147 1828 5189 mo·

126 5256 160 5303 40
176 5225 262 5288 riens
291 5224 476 5312 dereliquit,
510 5237 615 5291 totum
643 5237 676 5291 et
702 5225 746 5290 ad
773 5229 935 5309 integrum
964 5224 1007 5289 ad
1029 5224 1218 5290 matriculas
1241 5241 1346 5288 xxnn
1375 5227 1429 5311 qui
1455 5228 1489 5289 in
1511 5228 1592 5312 ipsis
1616 5225 1826 5310 synodochiis

178 5324 297 5391 debent
324 5327 466 5392 residere
494 5339 526 5392 et
554 5328 594 5392 de
622 5328 730 5395 fructu
760 5333 841 5416 qni⁸
867 5333 900 5394 in
931 5331 1012 5416 ipsis
1034 5329 1121 5393 villis
1148 5329 1291 5394 laborari
1319 5328 1515 5414 dinoscitur,
1550 5331 1730 5416 plenariam
1754 5332 1828 5396 sub·

176 5432 332 5520 stantiam
360 5429 480 5495 debent
506 5430 663 5514 habereb,
697 5441 734 5498 ut
764 5435 918 5498 attentius
948 5435 994 5496 eis
1023 5432 1162 5498 delectet
1189 5454 1249 5518 pro
1271 5432 1415 5497 remedio
1439 5434 1621 5499 animarum
1643 5443 1828 5499 nostrarum

263 5617 319 5672 llll.
347 5618 448 5687 [Feltz]
552 5623 579 5683 a)
596 5638 644 5671 eor
660 5625 706 5689 qni
724 5623 813 5674 Bam·
920 5626 950 5686 b)
967 5623 1003 5674 da
1026 5623 1074 5674 der
1098 5625 1233 5677 scarnen
1253 5624 1309 5674 dies
1334 5623 1402 5674 Wort
1425 5624 1588 5688 mapeleraen
1610 5622 1693 5682 hatte,
1721 5629 1779 5689 (ηις
1802 5637 1830 5673 cr

346 5689 627 5742 masadam
650 5691 1266 5761 humanansmqoderzeoeremh
