4576 6420
857 431 981 489 ΟΤΤΟ
1003 432 1027 486 Ι.
1052 424 1244 486 esc—957.
1809 417 1871 482 269

227 637 289 680 nos
312 615 522 681 dilectissime
544 615 657 680 matris
679 624 789 680 nostre
812 612 991 678 Mahthilde
1013 615 1124 698 regine
1147 611 1363 698 peticionibus
1388 609 1575 676 obedientes
1604 609 1794 695 speluncam
1816 609 1871 674 ubi

230 719 369 806 quedam
385 718 548 802 Liutburg
563 717 729 804 quondam
743 718 804 782 fuit
818 716 955 798 inclusa,
979 726 1011 781 et
1026 715 1200 800 ecclesiam
1221 715 1342 780 ibidem
1357 716 1390 778 in
1408 713 1565 778 honorem
1581 715 1686 778 sancti
1702 711 1871 777 Michaelis

228 822 415 906 archangeli
438 831 659 887 constructam
682 843 756 886 cum
785 819 934 885 omnibus
963 818 1040 885 illuc
1068 821 1137 884 iure
1164 817 1398 904 pertinentibus
1428 825 1461 880 et
1489 818 1635 904 quicquit
1655 839 1716 882 nos
1740 819 1773 881 in
1794 816 1872 901 Egi-

227 923 399 991 ninkisrod
422 923 464 988 ad
487 924 624 990 candem
647 924 822 1009 ecclesiam
843 924 1065 988 concessimus
1087 931 1119 986 et
1142 923 1366 1006 prenominata
1395 920 1605 986 dilectissima
1632 929 1736 985 mater
1761 929 1872 985 nostra

194 1045 210 1092 s
229 1031 261 1094 in
276 1027 535 1114 Ripcrtingisrod
551 1027 672 1093 ibidem
687 1026 832 1109 donavit,
856 1048 930 1090 cum
947 1025 1096 1090 omnibus
1119 1025 1324 1111 apendiciis*
1346 1026 1491 1112 quicquit
1513 1023 1577 1088 dici
1601 1024 1690 1088 aud*
1711 1025 1871 1089 nominari

227 1139 344 1218 potest,
369 1131 479 1195 omnia
501 1153 543 1194 ex
566 1132 691 1214 integro
716 1129 874 1194 tradimus
891 1127 1150 1208 Quitilincaburc
1172 1138 1329 1214 perpetuo
1353 1130 1421 1192 iure
1439 1125 1683 1212 possidendum.
1715 1126 1872 1191 Iussimus

210 1243 260 1300 et
280 1234 343 1298 hoc
365 1255 498 1318 presens
523 1241 712 1318 preceptum
733 1231 852 1297 exinde
875 1229 1037 1295 conscribi
1061 1240 1093 1295 et
1116 1252 1215 1296 manu
1243 1234 1375 1316 propria
1405 1231 1515 1296 subter
1543 1233 1742 1315 signavimus
1770 1232 1872 1295 anuli-

228 1360 289 1424 que
311 1339 414 1403 nostri
436 1338 649 1422 impressione
671 1335 818 1401 roborari
840 1335 988 1416 fecimus,
1012 1344 1047 1399 ut
1069 1356 1127 1419 per
1150 1334 1346 1399 decedencia
1368 1343 1517 1418 tempora
1540 1355 1560 1396 a
1581 1332 1731 1398 fidelibus
1752 1335 1872 1398 nostris

225 1441 334 1505 verius
357 1439 509 1504 credatur
531 1449 563 1503 et
583 1439 717 1504 firmiter
741 1438 937 1504 observetur.

177 1592 209 1640 ιο
329 1583 343 1664 3
365 1577 501 1662 Signum
524 1576 635 1642 domni
659 1575 789 1642 Ottonis
812 1576 875 1657 (Μ.)
898 1576 1095 1640 serenissimi
1117 1576 1213 1659 regis.
1236 1576 1250 1658 ξ
1772 1655 1773 1658 ¹

326 1683 340 1765 ᾖ
362 1679 536 1745 Liudulfus
552 1679 769 1745 cancellarius
784 1679 932 1744 advicem
947 1679 1112 1744 Brunonis
1129 1677 1380 1762 archicapellani
1396 1679 1594 1762 recognovit.
1613 1679 1627 1763 ξ
1646 1678 1729 1759 (SR.)
1756 1678 1812 1758 (SI.
1829 1677 1870 1758 1.)

327 1819 418 1883 Data
445 1841 531 1882 anno
564 1817 725 1883 dominice
753 1819 987 1883 incarnationis
1015 1831 1204 1897 Dccccnw,
1233 1838 1309 1879 non.
1339 1814 1408 1880 dcc.
1438 1823 1593 1899 regnante
1621 1816 1766 1899 piissimo
1795 1837 1872 1900 rege

227 1918 349 1986 Ottone
371 1943 456 1986 anno
481 1938 573 2003 xxn3
596 1931 707 1986 actum
729 1918 974 2002 Immunlebal3
997 1920 1134 1984 feliciter
1156 1941 1261 1983 amen.

1010 2125 1093 2199 187.

176 2309 207 2357 15
234 2279 315 2356 Otto
336 2280 477 2355 retente
498 2281 562 2354 elec
583 2281 719 2356 Kirebc
739 2307 784 2354 ze
806 2281 1032 2381 Magdeburg
1053 2281 1175 2354 scinco
1198 2280 1315 2353 Besitz
1336 2307 1381 2353 za
1403 2281 1597 2355 Roclestedt.

280 2453 285 2464 .
1327 2423 1488 2482 Memlcbee
1511 2425 1573 2483 956
1595 2425 1754 2483 December
1768 2428 1827 2484 ’12

324 2611 543 2684 Moqdebeerqer
565 2607 744 2684 Copialbucb
765 2611 814 2670 des
837 2615 888 2671 15.
912 2611 966 2672 Jb.
989 2611 1013 2681 f.
1037 2609 1067 2672 2
1090 2613 1132 2670 im
1153 2613 1181 2670 Ιι.
1205 2612 1408 2672 Stcetsercbie
1429 2631 1469 2670 ae
1491 2612 1676 2686 Magdeburg
1699 2609 1761 2690 (D).

325 2748 463 2807 Leibaite
484 2749 565 2807 Ama.
589 2752 619 2818 3,
644 2751 663 2808 6
686 2749 757 2821 Rcy.
781 2767 837 2808 aas
854 2748 1019 2809 Ohertelar
1034 2768 1075 2809 eu
1090 2753 1153 2811 956
1169 2750 1233 2809 aad
1247 2754 1276 2820 3,
1292 2754 1334 2809 24
1353 2768 1393 2807 ιιι
1408 2752 1480 2810 957.
1504 2783 1546 2793 -
1569 2749 1698 2823 Stempf
1708 2750 1778 2823 Req.
1795 2753 1870 2810 249.

327 2885 461 2958 Verfeset
483 2905 538 2946 coa
564 2885 675 2960 orpes.

173 3094 206 3142 20
428 3073 467 3136 In
489 3074 621 3137 nomine
644 3081 756 3138 sancte
779 3081 812 3136 et
833 3072 1000 3138 individue
1023 3074 1186 3138 trinitatis.
1233 3071 1310 3138 Otto
1336 3074 1446 3138 divina
1469 3073 1667 3139 concedente
1694 3075 1872 3140 clemencia

223 3198 293 3239 rex.
380 3174 516 3240 Noverit
539 3179 682 3242 omnium
704 3177 849 3242 fidelium
871 3187 1057 3243 nostrorum
1079 3179 1279 3262 presentium
1303 3177 1427 3243 scilicet
1449 3187 1481 3242 et
1501 3178 1684 3244 futurorum
1701 3177 1872 3261 industria,

223 3276 362 3364 qualiter
387 3300 449 3344 nos
476 3281 659 3346 interventu
687 3280 804 3345 dilecte
833 3276 982 3365 coniugis
1011 3289 1121 3345 nostre
1149 3281 1260 3365 regine
1290 3279 1484 3365 abbatisque
1497 3291 1510 3318 ¹*
1538 3283 1640 3346 nostri
1669 3281 1810 3346 Richcrii
1840 3291 1873 3346 et

223 3382 372 3465 primitus
393 3383 428 3445 in
450 3404 594 3447 amorem
616 3383 669 3448 dci
693 3393 943 3470 sanctorumque
966 3386 1035 3448 eius
1058 3383 1195 3449 ecclesie
1215 3387 1249 3448 in
1267 3384 1472 3469 Magdeburg
1495 3386 1645 3471 quitquid
1667 3388 1770 3450 nostri
1792 3387 1871 3450 iuris

222 3484 282 3548 fuit
303 3485 338 3547 in
362 3483 554 3550 occidentali
576 3486 756 3561 Rochastet
776 3489 810 3551 in
829 3509 914 3573 pago
930 3487 1051 3573 Engila
1072 3489 1107 3552 in
1129 3490 1288 3552 comitatu
1304 3487 1486 3553 Hundharii
1510 3489 1647 3571 comitis,
1670 3491 1703 3553 in
1726 3492 1871 3575 proprie·

172 3599 205 3647 25
223 3594 323 3652 tatem
346 3590 576 3673 concessimus,
600 3612 674 3655 cum
696 3590 842 3655 curtibus
865 3589 1001 3656 edificiis
1024 3593 1127 3676 pratis
1151 3593 1282 3677 pascuis
1307 3590 1396 3656 silvis
1411 3593 1506 3677 aquis
1522 3613 1744 3678 aquarumque
1759 3593 1871 3658 decur-

223 3688 313 3755 sibus
336 3690 530 3756 molendinis
553 3692 796 3776 piscacionibus
819 3695 945 3778 campis
968 3695 1030 3758 viis
1053 3703 1085 3758 et
1107 3695 1203 3758 inviis
1227 3695 1361 3780 quesitis
1384 3702 1417 3758 et
1438 3693 1639 3780 inquirendis
1657 3694 1871 3781 omnibusque

222 3794 290 3858 iure
318 3793 524 3880 legitimeque
554 3795 598 3860 ad
626 3795 809 3881 predictum
838 3786 987 3881 predium
1016 3796 1262 3882 pertinentibus.
1307 3797 1351 3861 Et
1378 3806 1414 3861 ut
1446 3797 1507 3861 hec
1540 3806 1650 3862 nostre
1683 3797 1870 3884 largicionis

222 3899 391 3963 concessio
414 3919 473 3983 per
495 3897 676 3964 futurorum
699 3899 861 3966 curricula
883 3909 1066 3983 temporum
1089 3902 1196 3965 verius
1218 3900 1407 3986 firmiusque
1429 3899 1472 3965 ab
1497 3900 1647 3966 omnibus
1675 3901 1870 3984 crederetur,

223 4002 375 4065 iussimus
397 4000 483 4065 hanc
506 4009 630 4066 cartam
655 4001 752 4067 scribi
776 4002 952 4088 annulique
975 4006 1077 4068 nostri
1099 4005 1301 4089 inpressione
1325 4003 1470 4088 sigillari.

172 4145 205 4193 30
325 4135 535 4242 Lindolffusl
564 4139 779 4205 cancellarius
808 4139 959 4205 advicem
987 4140 1185 4206 Wiliehelmi
1219 4141 1495 4227 archicappellani
1528 4144 1704 4227 recognovi
1734 4152 1766 4207 et
1796 4143 1870 4208 sub·

223 4262 350 4326 scrrpsr.

323 4379 414 4443 Data
435 4396 472 4443 11.
497 4379 541 4443 id.
565 4379 745 4445 decembris
769 4403 855 4445 anno
878 4382 1113 4447 incarnationis
1136 4383 1299 4449 dominice
1321 4401 1502 4469 Dccccnw,
1525 4387 1615 4469 regni
1636 4383 1765 4450 Ottonis
1784 4387 1869 4469 regis

222 4503 308 4546 anno
332 4499 419 4565 xxn,
444 4482 621 4548 indictione
644 4500 712 4566 x113
736 4492 846 4548 actum
869 4486 901 4548 in
925 4484 997 4550 loco
1021 4485 1185 4567 Imaleba3
1209 4505 1329 4552 amen:

1005 4708 1090 4783 188.

171 4881 203 4928 ss
231 4858 311 4935 Otto
334 4861 480 4935 verledtt
500 4862 580 4935 dem
602 4863 748 4937 Klostcr
768 4863 924 4961 Psdvcrs
946 4865 1160 4938 Immenite't
1180 4865 1259 4938 aad
1283 4865 1491 4939 Weblrecht.

821 5001 822 5008 ’
1376 5007 1484 5065 Pohlde
1507 5010 1570 5068 957
1591 5009 1753 5068 November
1774 5011 1824 5068 26.

327 5190 504 5250 Τναιιιειιιηι
526 5189 590 5250 eoric
612 5192 645 5252 J.
671 5195 754 5253 1656
772 5211 805 5266 p.
830 5197 872 5254 83
895 5196 936 5252 tm
958 5193 1069 5253 Archiv
1089 5212 1145 5254 een
1166 5195 1292 5265 Pfttrers
1314 5214 1354 5254 ee
1377 5195 1407 5255 S.
1428 5197 1535 5256 Getica
1557 5193 1569 5276 (
1598 5196 1617 5275 ).

324 5326 472 5385 nesteron
493 5327 573 5387 Am.
598 5330 641 5388 ec.
661 5338 685 5400 1,
709 5336 739 5400 3,
764 5333 826 5392 ιιι
848 5333 919 5406 neq.
944 5366 985 5376 -
1008 5333 1159 5392 seeum
1180 5333 1282 5407 spese.
1300 5332 1381 5404 cus,
1400 5337 1485 5407 pros.
1509 5340 1553 5395 27
1573 5342 1607 5393 nv
1621 5341 1661 5399 ιι
1686 5349 1742 5395 aas
1765 5337 1803 5395 Β.
1827 5369 1868 5380 -

324 5428 454 5488 Bchmer
476 5431 548 5505 neq.
571 5437 646 5503 222,
663 5433 726 5492 'elle
745 5452 786 5492 ee
808 5437 880 5495 958.
912 5469 954 5478 -
984 5434 1111 5508 Stempf
1129 5436 1201 5510 Περ.
1225 5439 1299 5496 250.
1327 5470 1368 5480 -
1395 5437 1509 5496 Hidbcr
1530 5439 1601 5511 leq.
1626 5442 1712 5499 1052
1731 5457 1773 5497 ze
1794 5439 1866 5498 958,

169 5601 203 5648 40
310 5594 366 5648 let.
395 5595 503 5664 [Siclsel]
606 5597 675 5662 a)A
779 5602 808 5663 b)
827 5619 843 5653 s
861 5619 926 5655 coer.
944 5621 992 5654 arse
1010 5621 1032 5657 e.

310 5677 366 5731 187.
396 5679 530 5749 [Paukert]
635 5687 661 5746 a)
681 5687 830 5754 ablatisque
849 5688 877 5739 D
979 5691 1007 5753 b)
1026 5690 1177 5742 Lludelffus
1196 5692 1232 5743 D.
