4530 6434
877 445 1003 503 euno
1024 448 1049 503 1.
1074 443 1145 503 111.
1756 439 1850 512 '459'

188 624 310 691 ibidem
334 642 447 693 contulit
468 660 494 694 a.
537 644 650 709 Insuper
672 649 699 694 et
721 659 763 694 res
786 644 819 694 de
841 644 939 710 quibus
960 629 1057 694 Perto
1081 644 1165 696 abbas
1187 645 1362 695 instrumenta
1384 650 1516 696 1111111111
1538 648 1582 713 111
1610 651 1734 716 memorie
1760 635 1834 720 Pip-

189 732 258 818 pini
281 745 397 798 ostendit
417 761 465 811 por
487 763 538 813 quq
560 747 664 798 nobiles
686 747 737 797 viri
760 752 787 798 et
808 748 906 815 femine
928 749 1013 800 eidem
1036 751 1195 800 monasterio
1218 749 1339 800 sollemni
1363 733 1535 800 devotione
1554 752 1731 815 contulerunt,
1753 754 1837 804 idest

189 867 232 901 111
255 850 359 901 Sturaci
382 855 408 901 et
430 850 503 900 Petri
524 848 572 900 filii
595 851 652 900 eius
674 855 701 901 et
722 866 765 901 res
784 850 855 902 Celsi
877 857 904 902 et
925 853 1016 902 uxoris
1039 843 1115 912 [eius]
1138 858 1164 902 et
1185 867 1228 902 res
1250 853 1418 904 Zabennonis
1441 857 1468 904 et
1489 854 1580 904 uxoris
1603 855 1673 918 eius,
1700 871 1742 905 res
1763 856 1837 906 Petri

190 955 281 1021 clerici
310 952 342 1004 de
371 953 524 1016 Camerino,
557 967 599 1004 res
627 948 756 1004 Arialdi¹
781 956 920 1019 presbiteri
948 961 975 1007 et
997 957 1094 1007 sororis
1117 957 1188 1019 ains,
1223 971 1265 1006 res
1287 956 1405 1006 Azilouis
1427 957 1567 1021 presbiteri
1589 963 1616 1008 et
1637 957 1766 1023 Alprandi
1788 959 1837 1010 filii

157 1058 173 1104 t
192 1057 306 1124 Sicipori
327 1063 354 1109 et
375 1072 417 1108 res
439 1056 570 1108 Astemari
593 1063 620 1108 et
641 1058 768 1108 Iohannis
783 1063 810 1106 st
824 1057 939 1109 'I'eudini
961 1059 1081 1121 fratrum,
1104 1055 1662 1125 11111111118111111111181111111
1684 1061 1732 1112 filii
1748 1061 1836 1114 Scam-

192 1163 274 1228 perti,
295 1175 338 1212 ras
360 1155 445 1212 Ursi²
467 1165 494 1210 et
515 1162 606 1211 uxoris
629 1161 687 1212 eius
710 1166 737 1212 et
757 1162 878 1225 Luponis
902 1167 928 1212 et
949 1162 1058 1212 Atterisi
1086 1162 1197 1212 fratrum
1220 1168 1246 1213 st
1267 1179 1309 1214 res
1332 1163 1511 1214 Teudimundi
1540 1167 1643 1230 nepotis
1666 1182 1771 1230 eornm,
1795 1183 1836 1217 res

193 1265 301 1318 Scatolii
319 1272 346 1316 et
359 1259 599 1332 Formose'uxoris
623 1267 680 1316 eius
703 1270 729 1316 et
751 1266 878 1316 Iohannis
900 1265 949 1316 filii
972 1268 1029 1317 eius
1051 1281 1117 1332 quas
1140 1266 1185 1316 illc
1208 1282 1255 1331 per
1277 1267 1393 1317 cartulas
1417 1252 1591 1318 oblationis
1615 1285 1662 1320 seu
1686 1269 1837 1322 donationis

193 1371 227 1421 ad
249 1369 318 1420 idem
341 1369 453 1419 contulit
476 1369 664 1419 monasterium
685 1384 714 1430 a,
737 1384 779 1418 ree
801 1368 916 1435 Eniimiq
939 1369 1035 1436 ancille
1058 1369 1101 1420 dei
1123 1369 1214 1434 relicte
1237 1369 1370 1434 quondam
1387 1370 1523 1435 Lamperti
1545 1366 1578 1420 ct
1599 1387 1641 1423 111
1659 1374 1747 1424 Mauri
1764 1390 1835 1439 pres·

193 1477 271 1526 111111
299 1475 424 1540 Firmani}
452 1475 581 1535 civitatis,
613 1479 666 1522 res
694 1455 900 1542 Theophanii
928 1459 1056 1524 comitis
1085 1467 1118 1522 et
1145 1458 1285 1542 Patricia
1320 1459 1469 1542 coniugis
1502 1460 1587 1541 eius,
1621 1481 1681 1524 nec
1708 1483 1774 1525 non
1806 1472 1838 1526 et

144 1576 175 1623 10
192 1563 401 1628 Rauennonis
431 1571 477 1626 11
490 1559 695 1646 Theophanii
724 1569 756 1624 et
776 1561 958 1646 Razipergq
981 1562 1094 1625 uxoris
1118 1563 1202 1642 eius,
1234 1591 1275 1626 ras
1304 1575 1434 1626 Hndeaei
1460 1577 1543 1640 patris
1567 1576 1676 1626 Audulfi
1698 1572 1730 1628 et
1751 1563 1836 1628 Zan-

192 1668 304 1752 gronis
333 1675 365 1730 et
393 1664 541 1747 Probati,
579 1665 709 1730 Picenis
739 1675 772 1730 et
799 1663 959 1729 Grimaldi
988 1664 1138 1747 fratrum,
1176 1685 1228 1728 111
1260 1685 1388 1750 qnoque
1416 1664 1503 1728 Petri
1533 1663 1573 1729 de
1602 1665 1752 1750 Furcone
1779 1665 1838 1730 filii

192 1768 392 1855 Rodepaldi,
429 1791 481 1833 res
511 1765 681 1832 cuiusdam
712 1766 873 1852 Guinigisi
902 1766 994 1832 ducis
1023 1767 1075 1830 vel
1105 1766 1289 1852 Mainsindq
1322 1789 1403 1854 quas
1436 1770 1509 1853 ipsa
1538 1765 1628 1832 dedit
1656 1769 1690 1834 in
1719 1769 1838 1834 finibus

191 1871 410 1939 Balbeneibus
443 1880 475 1936 et
507 1871 711 1936 Furconinie·
756 1886 810 1937 Res
842 1902 905 1937 vero
939 1901 1029 1937 omnes
1064 1888 1186 1951 superius
1220 1889 1382 1952 conscriptas
1416 1903 1476 1937 cum
1510 1888 1632 1936 omnibns
1660 1887 1694 1937 ad
1722 1904 1751 1939 11
1780 1905 1837 1954 111-

191 1993 337 2044 tinentibus
365 1992 408 2042 vel
442 1992 632 2056 aspicientibus
660 1991 804 2041 mobilibus
832 1991 888 2042 sive
917 1990 1098 2040 immobilibus
1126 2008 1155 2052 1,
1189 1992 1259 2040 sicut
1287 2005 1331 2040 eas
1358 1990 1453 2055 prefati
1481 1990 1601 2040 homines
1636 1975 1715 2041 olim
1749 2008 1838 2056 posse-

142 2097 174 2145 15
192 2096 288 2148 derunt
310 2103 337 2148 et
358 2112 405 2162 per
426 2096 602 2146 instrumenta
624 2080 810 2145 donationis
833 2101 945 2143 eorum
973 2098 1147 2144 memoratum
1170 2093 1322 2143 venerabile
1350 2094 1539 2142 monasterium
1567 2080 1669 2143 tenuit
1690 2078 1742 2143 vel
1765 2102 1839 2166 pos·

192 2185 291 2267 sedit,
327 2193 359 2274 11
388 2201 458 2249 sicut
480 2200 603 2264 superius
625 2199 724 2249 dictum
747 2203 788 2249 est
810 2203 849 2246 ea
872 2203 933 2268 qut}
957 2212 991 2247 ex
1013 2195 1200 2248 munificentiis
1222 2211 1314 2262 regum
1337 2197 1540 2262 reginarumque
1562 2195 1717 2261 pontificum
1741 2198 1838 2248 ducum

191 2302 386 2369 gastaldionum
414 2301 458 2353 vel
486 2318 522 2378 ex¹
547 2301 651 2352 collatis
678 2301 772 2367 populi
800 2303 857 2352 sive
886 2306 1034 2367 ceterorum
1063 2299 1181 2350 fidelium
1208 2299 1331 2365 largitate
1358 2299 1401 2350 vel
1429 2301 1508 2349 etiam
1531 2301 1721 2351 monachorum
1742 2304 1788 2368 qui
1809 2305 1837 2352 in

192 2406 261 2458 idem
289 2405 477 2456 monasterium
505 2420 567 2455 suas
595 2405 697 2455 animas
725 2404 828 2454 salvare
857 2405 993 2469 cupientes
1021 2405 1187 2454 intraverunt
1209 2420 1238 2465 1,
1273 2402 1372 2452 ibidem
1394 2419 1410 2450 a
1433 2402 1555 2468 delegata
1578 2397 1652 2453 sunt
1675 2399 1772 2476 atque
1795 2414 1837 2455 ex

193 2496 345 2581 preterito
370 2513 396 2560 et
417 2509 543 2560 moderno
566 2513 683 2573 ternpore
706 2515 783 2580 sepe
807 2507 906 2558 dictum
929 2508 1117 2557 monasterinm
1143 2505 1277 2570 possidere
1300 2505 1418 2568 videtur,
1453 2521 1513 2555 curn
1541 2507 1707 2556 monasteriis
1735 2508 1839 2560 cellulis

141 2612 175 2659 20
192 2612 364 2663 xenodochiis
392 2611 511 2676 qcclesiis
540 2611 660 2661 curtibus
688 2609 760 2659 villis
787 2609 877 2660 fundis
898 2609 942 2660 111
965 2609 1098 2659 casalibus
1120 2609 1241 2674 piscariis
1264 2624 1324 2658 cnm
1347 2610 1524 2673 piscatoribus
1547 2610 1602 2659 suis
1625 2611 1708 2660 servis
1734 2612 1838 2662 ancillis

192 2715 330 2766 libellariis
352 2713 488 2766 cartrdatis
511 2714 611 2766 oti'ertis
633 2713 795 2778 opilionibus
818 2712 923 2779 gualdis
945 2711 1120 2774 molendinis,
1155 2711 1205 2761 sub
1229 2712 1301 2762 omni
1328 2713 1479 2777 integritate
1502 2712 1536 2762 ad
1557 2699 1664 2784 ipsum
1687 2709 1838 2766 venerabile

193 2821 381 2871 monasterium
402 2821 500 2870 nostris
522 2819 671 2884 futurisque
692 2818 857 2882 temporibus
880 2799 1066 2866 omnimodo
1090 2815 1283 2866 confirmamus.
1327 2814 1506 2880 Prqcipientes
1529 2831 1591 2882 ergo
1614 2817 1736 2868 iubemus
1758 2824 1837 2883 atque

192 2939 239 2988 per
260 2923 329 2973 hanc
351 2929 440 2988 nostrq
463 2923 628 2973 auctoritatis
650 2920 875 2972 confirmationem
897 2922 1038 2983 sancimus,
1062 2922 1132 2971 sicut
1153 2921 1181 2968 in
1204 2902 1342 2967 aliorum
1359 2912 1572 2987 augustorum
1590 2915 1623 2970 et
1640 2925 1753 2990 regum
1776 2938 1837 2972 cou-

192 3028 291 3076 tinetnr
318 3026 464 3091 preceptis,
498 3031 528 3075 ut
554 3025 644 3075 nullus
671 3024 790 3089 pontifex
818 3025 960 3089 episcopus
989 3028 1036 3074 aut
1058 3023 1141 3073 abbas
1164 3020 1218 3071 dux
1240 3021 1388 3088 gastaldius
1411 3023 1572 3073 actionarius
1595 3039 1642 3074 seu
1665 3025 1778 3091 quilibet
1800 3026 1838 3075 rei

142 3132 175 3182 21
192 3129 300 3195 publice
322 3133 478 3194 procurator
500 3145 516 3176 a
538 3109 681 3178 memorato
704 3109 842 3176 Iohanni
865 3125 1011 3177 venerabili
1033 3127 1125 3176 abbati
1147 3125 1189 3176 vel
1212 3126 1410 3176 successoribus
1433 3128 1490 3177 eins
1512 3129 1568 3178 sive
1591 3129 1731 3194 agentibus
1754 3130 1837 3193 ipsius

193 3233 345 3284 monasterii
375 3230 408 3282 de
436 3231 558 3282 omnibus
587 3231 666 3281 rebus
695 3232 817 3296 superius
847 3231 988 3280 nominatis
1016 3228 1060 3280 111
1088 3229 1120 3279 (11
1149 3229 1190 3280 his
1218 3247 1270 3297 quq
1298 3230 1333 3280 ad
1362 3247 1407 3281 eos
1436 3233 1568 3296 pertinent
1591 3238 1617 3283 et
1639 3249 1690 3299 quq
1713 3234 1837 3298 deinceps

194 3333 286 3384 divina
308 3334 437 3401 largiente
459 3333 547 3400 gratia
568 3333 665 3384 ibidem
689 3334 788 3384 fuerint
809 3334 967 3399 condonata,
989 3334 1072 3384 ullam
1095 3334 1254 3385 calumniam
1277 3341 1324 3385 aut
1345 3336 1470 3386 iniustam
1493 3337 1690 3388 infestationem
1712 3337 1799 3388 facere
1821 3355 1838 3388 a

192 3437 248 3488 ullo
277 3453 402 3503 nmquam
429 3443 547 3502 tempore
575 3442 725 3501 presumat,
759 3438 806 3488 sed
833 3438 914 3489 liceat
942 3437 1026 3488 eidem
1049 3437 1173 3502 ,predicto
1202 3439 1293 3490 abbati
1316 3439 1566 3505 successoribusque
1589 3442 1644 3490 auis
1667 3440 1772 3490 easdem
1795 3456 1837 3490 ree

192 3543 282 3607 quieto
305 3540 397 3591 ordine
419 3545 507 3590 tenere
531 3545 557 3590 et
578 3539 721 3604 possidere.
762 3542 927 3608 Pracipimus
950 3545 1029 3592 etiarn
1051 3548 1089 3604 nt,
1112 3543 1135 3592 si
1157 3543 1216 3607 quis
1239 3546 1378 3594 temerario
1401 3559 1466 3594 ausu
1491 3561 1581 3595 servos
1604 3551 1630 3596 et
1651 3545 1762 3595 ancillas
1783 3547 1837 3595 iam

142 3629 271 3694 30111111
294 3645 447 3696 monasterii
468 3645 565 3695 iniuste
589 3644 710 3696 occidere
732 3649 934 3712 presumpserit,
958 3648 1110 3697 emunitatis
1133 3653 1222 3712 nostre
1245 3648 1324 3696 sicuti
1346 3646 1379 3697 de
1401 3649 1495 3713 ceteris
1518 3648 1598 3698 rebus
1621 3655 1731 3714 cogatur
1753 3648 1837 3699 exsol-

191 3763 253 3799 vere
276 3761 412 3798 summam.
457 3745 584 3798 Similiter
605 3749 728 3798 iubemus
750 3755 830 3815 atque
853 3751 1012 3816 precipimus
1035 3755 1065 3800 nt
1087 3748 1177 3799 nullus
1200 3765 1245 3800 eos
1268 3750 1300 3800 de
1322 3751 1533 3816 quibuscumque
1556 3751 1635 3801 rebus
1657 3752 1714 3802 sine
1736 3752 1838 3816 publici
1909 3791 1910 3794 ,

192 3851 264 3902 malli
289 3851 490 3916 compellatione
519 3852 662 3917 dispoliare
690 3852 733 3903 vel
762 3853 794 3904 de
823 3855 903 3904 rebus
932 3855 1086 3904 monasterii
1115 3854 1278 3902 invasionem
1308 3852 1395 3902 facere
1423 3857 1564 3917 presumat.
1602 3853 1658 3904 Nec
1680 3869 1734 3903 uon
1756 3860 1782 3903 11
1804 3853 1849 3904 de'

192 3956 315 4006 omnibus
337 3954 469 4004 animaliis
491 3957 643 4006 monasterii
666 3957 694 4004 in
716 3954 814 4007 finibus
837 3957 949 4007 ducatus
972 3957 1108 4024 Spoletani
1132 3958 1170 4005 ita
1192 3955 1331 4006 definimus
1354 3959 1433 4020 atquc
1455 3956 1592 4018 iubemus,
1622 3961 1651 4004 nt
1678 3958 1707 4006 in
1729 3958 1836 4021 pascuis

191 4058 306 4124 publicis
328 4060 400 4109 omni
421 4063 540 4122 tempore
562 4058 677 4109 debeant
699 4060 822 4124 pabulari
844 4061 887 4111 111
909 4063 1013 4124 nutriri,
1037 4062 1093 4110 1111
1117 4060 1164 4110 illa
1181 4077 1197 4107 a
1215 4059 1271 4109 sive
1293 4058 1428 4108 hominnm
1451 4042 1538 4108 illiue
1556 4045 1755 4127 monasterii,
1779 4061 1836 4110 sine

140 4163 262 4213 31111111
285 4162 392 4213 datione
414 4161 588 4228 gastaldatico
612 4165 726 4227 qscatico
748 4165 884 4214 herbatico
907 4164 950 4215 vel
972 4163 1133 4230 glandatico,
1157 4169 1183 4213 11
1205 4161 1305 4211 nnllam
1330 4161 1477 4212 molestiam
1500 4177 1586 4227 neque
1606 4163 1634 4212 ia
1652 4169 1732 4228 ponte
1750 4178 1836 4228 neque

190 4267 218 4314 in
241 4267 286 4314 via
306 4279 392 4329 neque
414 4265 442 4312 in
464 4263 650 4329 qualicumque
672 4266 731 4315 loco
753 4267 897 4330 patiantur,
920 4267 966 4317 sed
988 4282 1092 4331 semper
1113 4265 1216 4316 illibata
1234 4283 1250 4313 a
1268 4264 1404 4314 ambulent
1426 4265 1472 4314 nbi
1495 4265 1604 4330 publica
1625 4264 1752 4315 animalia
1775 4282 1835 4316 con-

191 4373 267 4418 sucta
290 4371 352 4417 suat
373 4365 503 4430 pabulari.
538 4366 713 4417 Concedimns
736 4383 841 4432 quoque
864 4369 983 4422 similiter
1005 4371 1094 4419 omnia
1116 4369 1267 4418 communia
1289 4382 1396 4432 pascua,
1419 4367 1470 4418 hoc
1493 4373 1532 4418 est
1550 4367 1686 4434 figvaidas‚
1709 4374 1740 4417 ut
1757 4370 1835 4420 sicuti

191 4472 230 4521 illi
251 4472 372 4522 homines
398 4471 443 4536 qui
466 4485 507 4520 res
531 4485 592 4520 suas
614 4471 717 4535 prefato
739 4473 898 4522 monasterio
922 4471 1051 4522 dederunt
1073 4478 1100 4522 et
1122 4487 1166 4522 eas
1189 4487 1236 4536 per
1264 4471 1368 4522 diversa
1398 4462 1565 4530 [habuerunt]
1595 4471 1668 4535 loca,
1701 4473 1740 4521 ita
1762 4472 1835 4522 nullo

191 4575 388 4627 contradicente
411 4589 455 4624 ess
479 4589 539 4638 pars
566 4575 717 4624 monasterii
747 4579 835 4624 teneat
863 4579 890 4624 et
916 4574 1051 4639 possideat
1079 4574 1182 4626 laboret
1211 4581 1237 4625 et
1266 4555 1403 4634 exerceat,
1441 4574 1601 4638 ubicumque
1630 4581 1731 4639 partem
1761 4589 1836 4624 suam

140 4683 174 4732 40
191 4681 345 4745 cognoverit
365 4680 441 4728 iuxta
462 4676 533 4743 qnod
556 4677 594 4727 eis
609 4693 625 4724 a
641 4678 706 4727 utile
728 4678 816 4740 fuerit,
840 4683 865 4728 11
886 4678 966 4728 liceat
988 4678 1041 4728 illis
1063 4681 1197 4744 propriam
1220 4684 1316 4728 terram
1337 4677 1490 4728 monasterii
1514 4678 1585 4727 omni
1607 4682 1724 4742 tempore
1747 4677 1835 4728 defen-

192 4782 254 4832 dere
276 4788 355 4847 atquc
377 4783 509 4847 integrare
532 4785 586 4829 tam
609 4781 637 4828 11
659 4779 741 4830 Reate
762 4781 792 4830 iu
813 4781 872 4831 loco
895 4783 941 4846 qni
964 4782 1061 4832 dicitnr
1083 4782 1181 4848 Lingla
1202 4788 1228 4831 et
1250 4780 1444 4842 Quintilianum
1466 4785 1493 4830 et
1515 4781 1542 4828 in
1565 4781 1700 4831 Amiterno
1723 4781 1750 4829 in
1776 4780 1835 4830 loco

192 4886 238 4951 qui
259 4879 394 4936 vocatur¹
415 4865 592 4935 Lauuanucl
614 4897 745 4950 quamque
769 4889 794 4934 st
816 4885 844 4934 in
867 4886 995 4935 comitatu
1017 4886 1143 4936 Firmano
1166 4900 1213 4935 seu
1235 4885 1263 4934 in
1285 4883 1450 4950 quibuslibet
1472 4883 1581 4949 reliquis
1603 4882 1684 4944 locis,
1715 4883 1758 4934 vel
1780 4883 1835 4932 ani-

192 4987 273 5037 malia
294 5001 384 5038 eorum
407 4987 440 5036 ad
462 4986 644 5051 pabulandum
666 4987 769 5038 mittere
792 4989 892 5056 absque
916 4988 1059 5039 cuiuslibet
1076 5004 1192 5056 persone
1213 4988 1256 5038 111
1279 4990 1418 5052 potestatis
1441 4989 1634 5039 contrarietate.
1674 4987 1786 5052 Insuper
1809 4993 1836 5037 et

192 5092 281 5140 omnia
302 5105 353 5154 que
375 5107 391 5138 a
413 5105 487 5156 reges
505 5091 755 5158 Langobardorum,
778 5091 806 5142 id
829 5099 869 5141 est
891 5092 1071 5157 Liutprandus
1094 5098 1120 5143 et
1142 5091 1307 5154 Haistnlfus,
1331 5091 1456 5157 itatgisus
1479 5106 1510 5141 ac
1532 5089 1687 5140 Desiderius
1710 5106 1759 5140 nec
1781 5107 1835 5140 non

139 5199 217 5248 4111
239 5193 320 5243 duces
368 5193 423 5242 sive
447 5200 508 5263 que
531 5195 575 5260 pic
597 5196 721 5260 memorie
744 5181 956 5265 imperatores
979 5198 1086 5262 augusti
1109 5212 1155 5262 per
1178 5203 1237 5246 sua
1259 5201 1386 5261 precepta
1408 5181 1472 5265 ipsi
1501 5193 1646 5245 venerabili
1675 5195 1834 5244 monasterio

191 5303 298 5364 propter
320 5311 435 5346 amorem
452 5312 468 5343 a
486 5295 527 5345 dei
550 5301 577 5346 et
599 5297 698 5348 domini
720 5299 803 5349 nostri
826 5299 887 5348 Iesu
904 5298 1002 5348 Christi
1024 5305 1051 5349 et
1073 5305 1164 5365 sancte
1187 5305 1266 5365 atque
1288 5301 1443 5366 intemerate
1464 5298 1600 5365 genitricis
1622 5283 1690 5346 eius
1713 5298 1741 5345 in
1758 5299 1835 5348 cuius

192 5402 296 5452 nomine
319 5417 335 5448 a
358 5397 507 5448 dedicatum
530 5415 586 5450 esse
609 5403 779 5466 cognoscitur
800 5419 830 5465 a,
853 5409 1041 5453 concesserunt
1063 5409 1089 5454 et
1111 5402 1347 5463 confirmaverunt,
1369 5418 1417 5468 per
1438 5403 1489 5454 hoc
1513 5407 1639 5473 quoque
1662 5405 1752 5466 nosbe
1774 5417 1835 5451 auc·
1912 5407 1913 5410 ’

192 5505 306 5556 toritatis
332 5507 486 5568 preceptum
508 5520 524 5552 1
546 5503 730 5555 confirmamus
759 5510 838 5570 atque
866 5506 1043 5558 concedimus.
1087 5507 1123 5556 Et
1145 5507 1250 5572 quando
1276 5506 1382 5571 quidem
1412 5507 1503 5556 divina
1532 5506 1671 5556 vocatione
1699 5504 1835 5569 predictus

276 5659 334 5714 117.
362 5657 518 5720 xidrnaldi
540 5657 624 5712 VU.1
723 5663 751 5728 y)
773 5661 830 5712 VU.
846 5673 870 5726 1,
899 5663 1021 5714 Scamma
1044 5663 1069 5714 Β
1177 5665 1201 5728 a)
1224 5665 1281 5714 Arsi
1305 5663 1388 5715 Vtar
1495 5663 1521 5724 a)
1540 5661 1673 5713 Amiterno
1698 5663 1744 5713 ubi
1769 5661 1835 5712 dici·

138 5732 173 5780 to
361 5725 448 5780 11110
552 5729 581 5790 b)
602 5727 633 5790 0,
662 5731 797 5781 Laurianr'r
815 5731 849 5782 Β.

1573 5815 1631 5879 58*
