4560 6426
870 412 1066 470 KONRAD
1088 413 1112 468 I.
1137 409 1209 468 912.
1848 404 1869 467 5

318 600 494 673 cinqcrciht,
519 598 586 656 lucil
608 597 801 658 Erkeabolds
826 597 890 656 Tod
912 614 964 656 am
985 596 1174 670 sttpliclrsten
1195 614 1265 674 zum
1282 573 1314 656 J.
1333 597 1398 656 912
1418 601 1529 670 pesetst
1551 597 1643 655 wird:
1667 613 1693 657 s.
1709 595 1871 656 Dssmmler

320 703 429 763 Jahrb.
453 702 505 760 des
528 703 614 775 ostsr.
639 704 748 762 Reicies
772 706 801 782 2,
826 705 899 764 615.

420 839 460 905 In
483 841 613 905 nomine
637 847 748 904 sancte
771 849 805 904 et
825 839 992 905 individue
1015 840 1180 904 trinitatis.
1215 834 1410 902 Chunradus
1434 836 1544 901 divina
1568 837 1738 902 ordinante
1760 837 1869 922 provi-

216 942 332 1008 dencia
354 967 423 1008 rex.
503 944 640 1008 Noverit
663 944 807 1009 omnium
828 943 974 1008 fidelium
995 941 1182 1008 nostrorum
1203 943 1408 1027 presencium
1432 941 1556 1005 scilicet
1578 950 1610 1004 et
1624 942 1806 1006 futurorum
1821 942 1868 1004 in-

182 1063 198 1110 5
218 1048 359 1131 dustria,
384 1049 460 1133 quia
483 1049 533 1112 vir
554 1046 752 1113 venerabilis
775 1047 1008 1112 Erkenboldus
1023 1047 1231 1131 Eystetensis
1254 1045 1391 1110 ecclesie
1412 1046 1587 1130 episcopus
1604 1067 1666 1130 que
1682 1055 1870 1110 constructa

220 1151 325 1215 estin
347 1151 470 1215 bonore
487 1153 591 1215 sancti
609 1149 791 1216 Salvatoris
815 1153 848 1216 in
871 1175 958 1237 pago
980 1149 1218 1234 Nordgbvcnse
1244 1150 1277 1214 in
1299 1149 1373 1213 loco
1394 1148 1512 1233 Eystet
1533 1159 1732 1234 nuncupato,
1755 1148 1871 1212 detulit

216 1257 382 1321 serenitati
405 1263 515 1320 nostre
539 1256 749 1319 emunitatem
773 1277 870 1339 quam
894 1255 1033 1319 domnus
1048 1253 1192 1318 Karolus
1207 1253 1294 1318 bone
1309 1255 1464 1319 memorie
1486 1275 1548 1317 nac
1570 1275 1636 1318 non
1658 1254 1757 1317 ceteri
1780 1261 1869 1317 ante

215 1382 362 1424 cessores
385 1360 499 1442 nostri,
522 1357 676 1423 videlicet
691 1381 785 1443 reges
809 1382 866 1423 scu
889 1361 1103 1444 imperatores
1127 1380 1265 1444 quorum
1286 1359 1419 1423 nomina
1441 1358 1576 1443 longum
1598 1366 1648 1421 est
1670 1379 1869 1440 enumcrare,

214 1486 274 1549 pro
302 1462 464 1528 mercedis
493 1485 550 1527 sue
577 1470 753 1548 augmento
776 1463 842 1526 ad*
864 1463 1046 1548 predictum
1075 1463 1183 1528 locum
1206 1463 1268 1526 visi
1293 1471 1370 1527 sunt
1392 1462 1620 1545 confirmasse,
1651 1464 1685 1526 in
1708 1484 1772 1548 qua
1794 1484 1870 1528 con-

166 1583 199 1632 10
216 1568 382 1633 tinebatur
404 1567 544 1653 qualiter
566 1568 684 1653 prefati
708 1567 957 1651 predecessores
979 1568 1083 1631 nostri
1107 1567 1365 1652 suprascriptum
1384 1568 1612 1651 episcopatum
1634 1589 1699 1631 una
1722 1588 1796 1631 cum
1819 1588 1888 1630 ec·¹

216 1671 324 1737 clesiis
346 1672 400 1736 vel
424 1670 574 1736 omnibus
597 1670 642 1734 ad
666 1693 700 1734 se
722 1673 806 1734 iuste
835 1693 875 1734 ac
903 1671 1148 1735 racionabiliter
1176 1669 1412 1756 pertinentibus
1441 1669 1501 1734 sub
1531 1670 1719 1735 defensione
1748 1679 1781 1735 et
1810 1669 1869 1734 sub

217 1778 403 1842 emunitatis
425 1777 557 1841 nomine
579 1775 641 1838 visi
666 1783 741 1839 sunt
766 1777 940 1860 recepisse.
979 1774 1046 1839 Sed
1067 1798 1127 1861 pro
1150 1775 1313 1838 firmitatis
1337 1773 1445 1837 studio
1476 1775 1575 1859 peciit
1597 1772 1785 1859 predictusl
1810 1774 1871 1838 Er-

216 1880 400 1945 kenboldus
434 1881 618 1944 serenitatis
642 1889 753 1943 nostre
779 1880 1006 1962 clemenciam,
1041 1888 1077 1943 ut
1106 1880 1213 1944 denno
1238 1887 1373 1965 propter
1399 1888 1543 1943 eternam
1572 1880 1871 1944 remuneracionem

216 1983 296 2047 talia
325 1970 505 2048 concedere
534 1991 589 2046 ete
617 1983 811 2048 confirmare
840 1982 1048 2065 deberemus,
1083 1985 1175 2047 cuius
1203 1984 1358 2069 peticioni
1382 2005 1441 2068 pro
1465 1983 1576 2047 divino
1600 2006 1711 2048 amore
1733 1983 1872 2048 libenter

167 2101 199 2148 15
217 2090 389 2154 annuimus
412 2090 500 2152 etin
524 2088 674 2152 omnibus
697 2097 729 2151 et
751 2096 919 2172 presentes
948 2096 981 2151 et
1008 2087 1107 2151 futuri
1135 2087 1249 2151 fideles
1274 2095 1386 2151 sancte
1409 2087 1461 2151 dci
1485 2087 1622 2152 ecclesie
1645 2096 1678 2151 ct
1699 2089 1802 2152 nostri
1823 2089 1871 2152 ita

216 2215 408 2258 concessum
431 2202 529 2279 atque
552 2202 709 2278 perpetuo
733 2216 754 2256 a
775 2192 872 2257 nobis
896 2193 1124 2257 confirmatum
1147 2215 1219 2256 esse
1243 2199 1455 2276 cognoscant.
1493 2191 1623 2286 idcirco
1645 2203 1779 2279 propter
1801 2194 1871 2257 eius

216 2299 411 2383 peticionem
434 2298 500 2362 tale
521 2296 715 2363 beneficium
739 2299 772 2362 in
795 2298 1008 2363 elemosinam
1022 2307 1168 2362 nostram
1184 2296 1228 2360 ad
1243 2297 1426 2383 predictum
1448 2295 1557 2361 locum
1580 2298 1812 2382 concessimus,
1835 2307 1872 2363 ut

216 2402 324 2467 nullus
347 2402 448 2467 iudex
470 2401 622 2487 publicus
643 2424 748 2488 neque
772 2402 927 2488 quislibet
949 2425 992 2467 cx
1015 2403 1186 2468 iudiciaria
1209 2411 1372 2487 potestate
1395 2422 1499 2486 neque
1529 2401 1683 2485 quislibet
1704 2426 1747 2466 ex
1769 2401 1872 2466 fideli-

215 2507 278 2571 bus
293 2509 414 2572 nostris
429 2508 464 2570 in
480 2506 627 2570 ecclesiis
643 2516 701 2570 aut
716 2507 798 2570 locis
820 2507 874 2571 vel
897 2510 986 2592 agris
1010 2530 1067 2571 seu
1089 2506 1223 2592 reliquis
1246 2503 1510 2591 possessionibus
1531 2513 1710 2570 memorate
1734 2505 1871 2569 ecclesie

166 2637 200 2684 20
218 2634 300 2698 quas
323 2611 479 2676 moderno
503 2620 649 2695 tempore
672 2632 731 2695 per
753 2610 952 2675 donaciones
974 2634 1088 2696 regum
1111 2610 1361 2694 reginarumque
1381 2607 1434 2670 vel
1450 2617 1632 2674 ceterorum
1647 2610 1791 2675 fidelium
1810 2634 1871 2674 nec

216 2739 282 2781 non
305 2716 401 2780 etde
424 2711 631 2799 conparatu‘l
661 2715 694 2776 in
723 2713 922 2798 quibuslibet
950 2716 1046 2799 pagis
1074 2712 1126 2775 vel
1156 2713 1325 2775 territoriis
1347 2713 1439 2796 regni
1462 2713 1565 2776 nostri
1589 2721 1622 2776 et
1644 2713 1727 2777 iuste
1750 2712 1871 2778 babere

216 2820 269 2884 vel
285 2819 454 2905 possidere
471 2818 660 2899 dinoscitur,
682 2817 736 2880 vel
756 2817 915 2902 quidquid
938 2819 1036 2880 etiam
1060 2815 1214 2900 deinceps
1236 2817 1270 2878 in
1292 2817 1362 2879 iure
1384 2817 1487 2900 ipsius
1510 2816 1573 2879 loci
1596 2815 1736 2879 voluerit
1759 2815 1871 2880 divina

218 2925 324 3008 pietas
357 2923 487 3006 augeri,
522 2920 566 2984 ad
594 2942 712 2983 causas
743 2920 923 2985 audiendas
952 2920 1005 3000 vel
1039 2921 1123 2985 freta
1157 2918 1320 3002 exigenda
1353 2927 1411 2982 aut
1438 2921 1625 2983 mansiones
1655 2919 1708 2983 vcl
1736 2930 1871 3005 paratas

217 3027 387 3091 faciendas
414 3027 483 3090 ned
502 3025 713 3089 fideiussores
741 3024 904 3088 tollendos
933 3033 990 3088 aut
1017 3023 1179 3088 homines
1193 3023 1297 3106 ipsius
1326 3023 1464 3086 ecclesie
1490 3031 1558 3087 tem
1586 3024 1745 3108 ingenuos
1774 3046 1871 3110 quam

168 3155 201 3203 26
220 3152 332 3194 servos
354 3131 473 3194 iniuste
497 3128 738 3214 distringendos
761 3151 822 3192 nec
844 3126 929 3192 ullas
950 3128 1179 3192 redibuciones
1202 3125 1259 3190 a'ut
1281 3126 1423 3190 inlicitas
1446 3128 1637 3191 occasiones
1658 3127 1872 3213 requirendas

217 3233 284 3298 ullo
306 3255 462 3319 umquam
484 3244 630 3319 tempore
653 3232 779 3318 ingredi
802 3232 924 3298 audeat
945 3232 998 3296 vel
1026 3234 1114 3318 exigi
1144 3239 1326 3318 presumat,
1362 3230 1420 3296 sed
1447 3231 1545 3296 liceat
1572 3230 1719 3318 predicto
1750 3233 1872 3319 presuli

218 3339 350 3424 suisque
379 3337 623 3402 successoribus
652 3361 706 3401 res
734 3336 881 3423 predicte
910 3336 1048 3401 ecclesie
1071 3337 1131 3402 sub
1155 3339 1342 3402 emunitatis
1365 3338 1507 3402 tuicione
1530 3337 1699 3424 possidere
1721 3347 1754 3402 et
1776 3336 1872 3402 nobis

217 3429 356 3506 fideliter
384 3442 548 3506 deservire
577 3450 676 3528 atque
707 3464 766 3528 pro
796 3450 910 3506 nostra
940 3440 1118 3506 stabilitate
1146 3440 1199 3506 vel
1227 3443 1334 3506 tocius
1361 3443 1452 3527 regni
1465 3464 1497 3531 va
1520 3441 1582 3507 deo
1605 3441 1700 3506 nobis
1723 3442 1872 3506 concessi

217 3553 316 3630 atque
345 3545 563 3611 conservandi
590 3569 656 3611 una
685 3569 760 3611 cum
789 3545 877 3611 clero
908 3554 1007 3633 atque
1037 3543 1160 3631 populo
1191 3544 1253 3609 sibi
1282 3545 1428 3610 subiecto
1462 3545 1585 3611 domini
1614 3547 1871 3613 misericordiam

167 3675 201 3722 30
218 3673 365 3716 exorare.
399 3651 467 3715 Εῐθ
489 3659 525 3714 ut
546 3651 606 3716 hcc
630 3653 810 3717 auctoritas
828 3652 949 3715 nostris
964 3645 1169 3734 futurisque‘
1190 3649 1391 3734 temporibus
1408 3648 1539 3715 domino
1555 3659 1747 3736 protegente
1761 3650 1873 3716 valeat

217 3755 411 3819 inconvulsa
432 3778 574 3837 manere,
597 3778 697 3820 manu
720 3764 833 3822 nostra
855 3775 929 3818 eam
944 3753 1145 3817 firmavimus
1169 3752 1332 3840 anuloque
1355 3753 1471 3818 subtus
1493 3755 1641 3840 insigniri
1663 3756 1827 3821 iussimus.

320 3885 445 3950 Datum
468 3894 501 3949 et
523 3895 642 3951 cetera.

1027 4027 1050 4099 5

218 4171 377 4247 Kourad
402 4172 562 4271 bastdtipt
587 4170 667 4244 ders
693 4169 834 4246 Kloster
860 4169 899 4248 S.
927 4170 1056 4248 Gallae
1083 4172 1142 4247 die
1168 4170 1397 4264 Immunitdt,
1427 4170 1493 4245 das
1515 4169 1768 4269 Inquisitious-
1795 4171 1875 4248 aad

167 4319 200 4366 as
219 4296 285 4368 das
311 4295 526 4385 Walrlreclrt,
553 4295 660 4367 socole
679 4295 822 4393 gemisse
844 4291 1103 4393 Sclecrrlcaapcn
1125 4294 1185 4367 des
1207 4293 1314 4367 Abtes
1335 4290 1519 4369 Salomon.

1371 4417 1554 4492 Strassbary
1578 4421 1642 4480 912
1663 4418 1756 4477 Mara
1779 4422 1829 4480 14.

325 4575 539 4650 Gleiclracitipc
560 4574 719 4648 Absclrrist
742 4572 794 4652 (A)
818 4573 885 4633 und
906 4575 1008 4633 swcite
1030 4594 1083 4634 am
1105 4573 1162 4634 dos
1185 4573 1217 4634 J.
1234 4576 1319 4633 1000
1345 4573 1546 4648 anyeserliytc
1574 4573 1731 4648 Abschrr'st
1755 4574 1807 4654 (B)
1831 4578 1873 4636 im

321 4678 515 4750 Stistsarclriv
535 4697 577 4738 aa
598 4679 629 4739 S.
650 4678 770 4738 Gallen.

322 4810 463 4884 Neaqart
494 4809 558 4872 01).
587 4810 687 4873 Alam.
712 4815 741 4885 1,
764 4814 828 4872 500
850 4818 885 4871 n⁰
908 4814 973 4872 682
1002 4829 1038 4872 ec
1067 4811 1178 4872 collect.
1208 4810 1284 4885 dipl.
1313 4811 1352 4871 D.
1376 4808 1415 4871 Ε.
1447 4809 1483 4870 de
1506 4810 1616 4871 Hallcr
1637 4813 1809 4872 Beruenses
1832 4835 1872 4866 =

327 4916 479 4976 Wirtemb.
501 4916 567 4976 UB.
584 4919 614 4990 1,
629 4919 695 4977 208
710 4923 745 4974 πθ
761 4919 833 4989 179,
857 4940 898 4969 =
922 4916 1054 4976 Bruma
1067 4917 1107 4979 A.
1128 4917 1218 4978 Gonr.
1235 4919 1255 4975 9
1278 4922 1313 4975 a⁰
1335 4918 1366 4975 4.
1388 4949 1431 4959 —
1451 4917 1635 4976 Wartmarm
1651 4917 1681 4978 S.
1702 4917 1784 4979 Gall.
1807 4919 1874 4978 UB.

323 5023 355 5090 2,
378 5021 442 5080 308
464 5027 500 5078 πθ
524 5024 588 5078 767
611 5037 670 5080 aas
692 5019 763 5084 AB.
786 5055 828 5066 -
853 5019 928 5082 00r.
949 5021 1044 5081 Gotw.
1069 5024 1110 5081 94
1132 5021 1223 5084 Facs.
1247 5039 1305 5080 voa
1327 5019 1356 5078 A
1383 5019 1436 5098 (=
1452 5020 1491 5080 N.
1515 5021 1619 5082 Traitl
1641 5023 1710 5096 Tus.
1729 5022 1784 5102 09)
1807 5022 1874 5083 aad
1987 5045 1990 5054 ·

324 5128 387 5183 106
409 5125 501 5184 Face.
523 5143 582 5184 voa
604 5125 642 5186 Β.
665 5159 708 5170 —-
729 5126 862 5185 Bbbmer
883 5126 961 5199 Ray.
985 5126 1063 5202 Imp.
1087 5129 1117 5196 3,
1141 5129 1218 5200 Ray.
1243 5126 1323 5187 Kar.
1346 5127 1441 5186 1235.
1464 5158 1507 5168 —
1529 5126 1648 5184 Hidber
1669 5129 1746 5201 Req.
1769 5131 1842 5188 960.

324 5255 472 5330 Fassaap
495 5256 561 5314 aad
581 5255 777 5330 Absclsrs'sten
798 5257 841 5314 im
863 5256 990 5316 Kloster
1011 5258 1203 5318 erstanden.

427 5408 466 5473 In
489 5411 620 5475 nomine
643 5419 755 5494 sancte
778 5419 812 5475 et
832 5409 1001 5497 individue
1023 5412 1190 5477 trinitatis.
1226 5409 1444 5476 Chuonradus
1468 5408 1598 5476 divinae
1621 5408 1783 5495 largitatis
1805 5433 1874 5478 mu·

171 5533 205 5581 40
223 5536 298 5580 nere
319 5537 390 5578 rex.
478 5513 615 5579 Noverit
643 5516 786 5578 omnium
815 5513 960 5578 fidelium
988 5524 1173 5582 nostrorum
1200 5518 1399 5603 presentium
1422 5513 1547 5578 scilicet
1570 5523 1603 5579 et
1624 5515 1806 5581 futurorum
1828 5519 1875 5582 in-

342 5650 367 5704 4.
394 5649 516 5778 [giwii
601 5653 629 5772 p)
638 5651 715 5772 qued
802 5653 831 5718 b)
849 5653 1044 5719 predilectusA
1126 5654 1151 5716 c)
1163 5653 1308 5717 fehlts'nd
1390 5653 1610 5716 meonperatus
1693 5655 1718 5716 e)
1730 5645 1876 5717 fihlt's‘nA

435 5738 583 5788 nosrisque
613 5762 618 5774 .
663 5758 670 5772 .
