<?xml version="1.0" encoding="UTF-8"?>
<!DOCTYPE html PUBLIC "-//W3C//DTD XHTML 1.0 Transitional//EN"
    "http://www.w3.org/TR/xhtml1/DTD/xhtml1-transitional.dtd">
<html xmlns="http://www.w3.org/1999/xhtml" xml:lang="en" lang="en">
 <head>
  <title>
</title>
<meta http-equiv="Content-Type" content="text/html;charset=utf-8" />
  <meta name='ocr-system' content='tesseract 3.04.00' />
  <meta name='ocr-capabilities' content='ocr_page ocr_carea ocr_par ocr_line ocrx_word'/>
</head>
<body>
  <div class='ocr_page' id='page_1' title='image "./monumentagerman00gescgoog_0282.png"; bbox 0 0 4560 6420; ppageno 0'>
   <div class='ocr_carea' id='block_1_1' title="bbox 822 405 1876 486">
    <p class='ocr_par' dir='ltr' id='par_1_1' title="bbox 822 405 1876 486">
     <span class='ocr_line' id='line_1_1' title="bbox 822 405 1876 486; baseline -0.005 0"><span class='ocrx_word' id='word_1_1' title='bbox 822 427 948 486; x_wconf 77' lang='lat' dir='ltr'><strong>orno</strong></span> <span class='ocrx_word' id='word_1_2' title='bbox 970 429 995 486; x_wconf 91' lang='lat'><strong>1.</strong></span> <span class='ocrx_word' id='word_1_3' title='bbox 1018 423 1210 485; x_wconf 79' lang='lat' dir='ltr'><strong>asa-954.</strong></span> <span class='ocrx_word' id='word_1_4' title='bbox 1777 417 1841 482; x_wconf 76' lang='lat'><strong>253</strong></span> <span class='ocrx_word' id='word_1_5' title='bbox 1870 405 1876 416; x_wconf 88' lang='lat'>&#39;</span> 
     </span>
    </p>
   </div>
   <div class='ocr_carea' id='block_1_2' title="bbox 295 609 1841 883">
    <p class='ocr_par' dir='ltr' id='par_1_2' title="bbox 295 609 1841 883">
     <span class='ocr_line' id='line_1_2' title="bbox 298 609 1841 691; baseline -0.001 -20"><span class='ocrx_word' id='word_1_6' title='bbox 298 610 499 691; x_wconf 73' lang='lat' dir='ltr'><strong>(Klaiuraym)</strong></span> <span class='ocrx_word' id='word_1_7' title='bbox 521 611 663 682; x_wconf 71' lang='lat' dir='ltr'><strong>Jooaaa,</strong></span> <span class='ocrx_word' id='word_1_8' title='bbox 685 609 764 670; x_wconf 73' lang='lat' dir='ltr'><strong>Aah.</strong></span> <span class='ocrx_word' id='word_1_9' title='bbox 789 613 853 672; x_wconf 87' lang='lat'><strong>180</strong></span> <span class='ocrx_word' id='word_1_10' title='bbox 874 616 909 669; x_wconf 62' lang='grc' dir='ltr'><strong>πθ</strong></span> <span class='ocrx_word' id='word_1_11' title='bbox 932 614 972 672; x_wconf 90' lang='grc'><strong>66</strong></span> <span class='ocrx_word' id='word_1_12' title='bbox 994 629 1051 672; x_wconf 80' lang='lat' dir='ltr'><strong>aus</strong></span> <span class='ocrx_word' id='word_1_13' title='bbox 1074 610 1104 669; x_wconf 91' lang='lat' dir='ltr'><em>B</em></span> <span class='ocrx_word' id='word_1_14' title='bbox 1126 633 1166 663; x_wconf 93' lang='lat'><strong><em>=</em></strong></span> <span class='ocrx_word' id='word_1_15' title='bbox 1188 610 1322 670; x_wconf 82' lang='lat' dir='ltr'><strong>Felicetti</strong></span> <span class='ocrx_word' id='word_1_16' title='bbox 1347 613 1381 670; x_wconf 74' lang='lat' dir='ltr'><strong>to</strong></span> <span class='ocrx_word' id='word_1_17' title='bbox 1403 611 1497 671; x_wconf 79' lang='lat' dir='ltr'><strong>Beitr.</strong></span> <span class='ocrx_word' id='word_1_18' title='bbox 1520 628 1579 669; x_wconf 75' lang='lat' dir='ltr'><strong>eur</strong></span> <span class='ocrx_word' id='word_1_19' title='bbox 1599 610 1710 670; x_wconf 78' lang='lat' dir='ltr'><strong>Krmde</strong></span> <span class='ocrx_word' id='word_1_20' title='bbox 1732 609 1841 672; x_wconf 79' lang='lat' dir='ltr'><strong>Steter-</strong></span> 
     </span>
     <span class='ocr_line' id='line_1_3' title="bbox 295 712 1839 790; baseline 0 -16"><span class='ocrx_word' id='word_1_21' title='bbox 295 716 388 774; x_wconf 72' lang='lat' dir='ltr'><strong>murk.</strong></span> <span class='ocrx_word' id='word_1_22' title='bbox 416 713 698 790; x_wconf 65' lang='lat' dir='ltr'><strong>Gmcticmqtcelleo</strong></span> <span class='ocrx_word' id='word_1_23' title='bbox 726 715 755 786; x_wconf 82' lang='lat'><strong>5,</strong></span> <span class='ocrx_word' id='word_1_24' title='bbox 786 717 829 776; x_wconf 87' lang='grc'><strong>98</strong></span> <span class='ocrx_word' id='word_1_25' title='bbox 856 712 946 774; x_wconf 67' lang='lat' dir='ltr'><strong>mm.</strong></span> <span class='ocrx_word' id='word_1_26' title='bbox 978 717 998 775; x_wconf 90' lang='grc'><em>6</em></span> <span class='ocrx_word' id='word_1_27' title='bbox 1027 715 1100 789; x_wconf 69' lang='lat' dir='ltr'><strong>aeq.</strong></span> <span class='ocrx_word' id='word_1_28' title='bbox 1130 747 1173 759; x_wconf 98' lang='lat'>-</span> <span class='ocrx_word' id='word_1_29' title='bbox 1200 715 1330 776; x_wconf 73' lang='lat' dir='ltr'><strong>aalma</strong></span> <span class='ocrx_word' id='word_1_30' title='bbox 1350 714 1422 790; x_wconf 69' lang='lat'><strong><em>1209.</em></strong></span> <span class='ocrx_word' id='word_1_31' title='bbox 1445 718 1519 777; x_wconf 78' lang='grc'><strong>204.</strong></span> <span class='ocrx_word' id='word_1_32' title='bbox 1551 747 1589 758; x_wconf 97' lang='grc'><strong>-</strong></span> <span class='ocrx_word' id='word_1_33' title='bbox 1619 713 1748 788; x_wconf 73' lang='lat' dir='ltr'><strong>Stumpf</strong></span> <span class='ocrx_word' id='word_1_34' title='bbox 1765 715 1839 788; x_wconf 66' lang='lat' dir='ltr'><strong>Rea.</strong></span> 
     </span>
     <span class='ocr_line' id='line_1_4' title="bbox 295 824 369 883; baseline -0.041 -1"><span class='ocrx_word' id='word_1_35' title='bbox 295 824 369 883; x_wconf 83' lang='grc'><strong>231.</strong></span> 
     </span>
    </p>
   </div>
   <div class='ocr_carea' id='block_1_3' title="bbox 297 973 899 1045">
    <p class='ocr_par' dir='ltr' id='par_1_3' title="bbox 297 973 899 1045">
     <span class='ocr_line' id='line_1_5' title="bbox 297 973 899 1045; baseline -0.003 -9"><span class='ocrx_word' id='word_1_36' title='bbox 297 974 398 1036; x_wconf 74' lang='lat' dir='ltr'><strong>(ilaicb</strong></span> <span class='ocrx_word' id='word_1_37' title='bbox 418 975 485 1037; x_wconf 81' lang='grc' dir='ltr'><strong>ΒΟ.</strong></span> <span class='ocrx_word' id='word_1_38' title='bbox 509 978 573 1037; x_wconf 86' lang='grc'><strong>170</strong></span> <span class='ocrx_word' id='word_1_39' title='bbox 594 991 651 1034; x_wconf 78' lang='lat' dir='ltr'><strong>von</strong></span> <span class='ocrx_word' id='word_1_40' title='bbox 671 973 739 1035; x_wconf 74' lang='lat' dir='ltr'><strong>LA.</strong></span> <span class='ocrx_word' id='word_1_41' title='bbox 762 973 899 1045; x_wconf 80' lang='lat' dir='ltr'><strong>ocrfusst.</strong></span> 
     </span>
    </p>
   </div>
   <div class='ocr_carea' id='block_1_4' title="bbox 144 1211 1846 2853">
    <p class='ocr_par' dir='ltr' id='par_1_4' title="bbox 159 1211 1842 1715">
     <span class='ocr_line' id='line_1_6' title="bbox 159 1211 1842 1282; baseline -0.001 0"><span class='ocrx_word' id='word_1_42' title='bbox 159 1234 175 1282; x_wconf 81' lang='grc'><em>5</em></span> <span class='ocrx_word' id='word_1_43' title='bbox 398 1213 438 1277; x_wconf 95' lang='lat' dir='ltr'><strong>In</strong></span> <span class='ocrx_word' id='word_1_44' title='bbox 464 1214 596 1279; x_wconf 90' lang='lat' dir='ltr'><strong>nomine</strong></span> <span class='ocrx_word' id='word_1_45' title='bbox 623 1223 736 1277; x_wconf 87' lang='lat' dir='ltr'><strong>sancte</strong></span> <span class='ocrx_word' id='word_1_46' title='bbox 764 1222 797 1276; x_wconf 88' lang='lat' dir='ltr'><strong>et</strong></span> <span class='ocrx_word' id='word_1_47' title='bbox 823 1211 987 1277; x_wconf 85' lang='lat' dir='ltr'><strong>individue</strong></span> <span class='ocrx_word' id='word_1_48' title='bbox 1016 1214 1179 1278; x_wconf 81' lang='lat' dir='ltr'><strong>trinitatis.</strong></span> <span class='ocrx_word' id='word_1_49' title='bbox 1225 1212 1303 1279; x_wconf 92' lang='lat' dir='ltr'><strong>Otto</strong></span> <span class='ocrx_word' id='word_1_50' title='bbox 1335 1214 1444 1280; x_wconf 87' lang='lat' dir='ltr'><strong>divina</strong></span> <span class='ocrx_word' id='word_1_51' title='bbox 1473 1223 1634 1280; x_wconf 82' lang='lat' dir='ltr'><strong>annuente</strong></span> <span class='ocrx_word' id='word_1_52' title='bbox 1663 1215 1842 1281; x_wconf 75' lang='lat' dir='ltr'><strong>clemencia</strong></span> 
     </span>
     <span class='ocr_line' id='line_1_7' title="bbox 194 1316 1840 1403; baseline -0.001 -19"><span class='ocrx_word' id='word_1_53' title='bbox 194 1341 264 1384; x_wconf 85' lang='lat' dir='ltr'><strong>rex.</strong></span> <span class='ocrx_word' id='word_1_54' title='bbox 351 1317 488 1383; x_wconf 84' lang='lat' dir='ltr'><strong>Noverit</strong></span> <span class='ocrx_word' id='word_1_55' title='bbox 510 1319 653 1383; x_wconf 91' lang='lat' dir='ltr'><strong>omnium</strong></span> <span class='ocrx_word' id='word_1_56' title='bbox 674 1316 819 1382; x_wconf 90' lang='lat' dir='ltr'><strong>fidelium</strong></span> <span class='ocrx_word' id='word_1_57' title='bbox 840 1327 1026 1383; x_wconf 90' lang='lat' dir='ltr'><strong>nostrorum</strong></span> <span class='ocrx_word' id='word_1_58' title='bbox 1047 1319 1254 1403; x_wconf 87' lang='lat' dir='ltr'><strong>presencium</strong></span> <span class='ocrx_word' id='word_1_59' title='bbox 1272 1317 1397 1383; x_wconf 89' lang='lat' dir='ltr'><strong>scilicet</strong></span> <span class='ocrx_word' id='word_1_60' title='bbox 1418 1328 1451 1383; x_wconf 87' lang='lat' dir='ltr'><strong>et</strong></span> <span class='ocrx_word' id='word_1_61' title='bbox 1468 1318 1649 1384; x_wconf 82' lang='lat' dir='ltr'><strong>futurorum</strong></span> <span class='ocrx_word' id='word_1_62' title='bbox 1670 1319 1840 1403; x_wconf 84' lang='lat' dir='ltr'><strong>industria,</strong></span> 
     </span>
     <span class='ocr_line' id='line_1_8' title="bbox 194 1419 1840 1507; baseline 0 -21"><span class='ocrx_word' id='word_1_63' title='bbox 194 1420 335 1507; x_wconf 81' lang='lat' dir='ltr'><strong>qualiter</strong></span> <span class='ocrx_word' id='word_1_64' title='bbox 348 1443 409 1486; x_wconf 92' lang='lat' dir='ltr'><strong>nos</strong></span> <span class='ocrx_word' id='word_1_65' title='bbox 425 1443 484 1507; x_wconf 92' lang='lat' dir='ltr'><strong>pro</strong></span> <span class='ocrx_word' id='word_1_66' title='bbox 502 1442 612 1486; x_wconf 92' lang='lat' dir='ltr'><strong>amore</strong></span> <span class='ocrx_word' id='word_1_67' title='bbox 636 1419 687 1485; x_wconf 91' lang='lat' dir='ltr'><strong>dei</strong></span> <span class='ocrx_word' id='word_1_68' title='bbox 706 1429 738 1484; x_wconf 88' lang='lat' dir='ltr'><strong>et</strong></span> <span class='ocrx_word' id='word_1_69' title='bbox 752 1419 895 1485; x_wconf 90' lang='lat' dir='ltr'><strong>remedio</strong></span> <span class='ocrx_word' id='word_1_70' title='bbox 918 1421 1027 1485; x_wconf 88' lang='lat' dir='ltr'><strong>anime</strong></span> <span class='ocrx_word' id='word_1_71' title='bbox 1049 1429 1169 1504; x_wconf 88' lang='lat' dir='ltr'><strong>nostre,</strong></span> <span class='ocrx_word' id='word_1_72' title='bbox 1191 1422 1374 1487; x_wconf 86' lang='lat' dir='ltr'><strong>interventu</strong></span> <span class='ocrx_word' id='word_1_73' title='bbox 1388 1422 1499 1486; x_wconf 88' lang='lat' dir='ltr'><strong>fratris</strong></span> <span class='ocrx_word' id='word_1_74' title='bbox 1521 1423 1623 1488; x_wconf 90' lang='lat' dir='ltr'><strong>nostri</strong></span> <span class='ocrx_word' id='word_1_75' title='bbox 1640 1421 1840 1488; x_wconf 82' lang='lat' dir='ltr'><strong>dilectissimi</strong></span> 
     </span>
     <span class='ocr_line' id='line_1_9' title="bbox 193 1523 1841 1611; baseline 0.001 -22"><span class='ocrx_word' id='word_1_76' title='bbox 193 1525 341 1590; x_wconf 89' lang='lat' dir='ltr'><strong>Heinrici</strong></span> <span class='ocrx_word' id='word_1_77' title='bbox 363 1526 533 1590; x_wconf 92' lang='lat' dir='ltr'><strong>ammoniti</strong></span> <span class='ocrx_word' id='word_1_78' title='bbox 549 1523 715 1611; x_wconf 83' lang='lat' dir='ltr'><strong>quoddam</strong></span> <span class='ocrx_word' id='word_1_79' title='bbox 737 1524 945 1610; x_wconf 78' lang='lat' dir='ltr'><strong>proprietatis</strong></span> <span class='ocrx_word' id='word_1_80' title='bbox 967 1532 1078 1588; x_wconf 88' lang='lat' dir='ltr'><strong>nostre</strong></span> <span class='ocrx_word' id='word_1_81' title='bbox 1094 1524 1242 1610; x_wconf 90' lang='lat' dir='ltr'><strong>predium</strong></span> <span class='ocrx_word' id='word_1_82' title='bbox 1265 1525 1299 1589; x_wconf 94' lang='lat' dir='ltr'><strong>in</strong></span> <span class='ocrx_word' id='word_1_83' title='bbox 1313 1546 1414 1610; x_wconf 88' lang='lat' dir='ltr'><strong>regno</strong></span> <span class='ocrx_word' id='word_1_84' title='bbox 1431 1523 1605 1591; x_wconf 75' lang='lat' dir='ltr'><strong>(larentina</strong></span> <span class='ocrx_word' id='word_1_85' title='bbox 1628 1528 1662 1590; x_wconf 93' lang='lat' dir='ltr'><strong>in</strong></span> <span class='ocrx_word' id='word_1_86' title='bbox 1685 1528 1841 1610; x_wconf 86' lang='lat' dir='ltr'><strong>regimine</strong></span> 
     </span>
     <span class='ocr_line' id='line_1_10' title="bbox 194 1626 1841 1715; baseline 0.001 -22"><span class='ocrx_word' id='word_1_87' title='bbox 194 1627 340 1694; x_wconf 92' lang='lat' dir='ltr'><strong>eiusdem</strong></span> <span class='ocrx_word' id='word_1_88' title='bbox 372 1628 481 1693; x_wconf 86' lang='lat' dir='ltr'><strong>fratris</strong></span> <span class='ocrx_word' id='word_1_89' title='bbox 514 1629 618 1693; x_wconf 88' lang='lat' dir='ltr'><strong>nostri</strong></span> <span class='ocrx_word' id='word_1_90' title='bbox 641 1628 730 1692; x_wconf 91' lang='lat' dir='ltr'><strong>etin</strong></span> <span class='ocrx_word' id='word_1_91' title='bbox 751 1628 929 1692; x_wconf 87' lang='lat' dir='ltr'><strong>ministerio</strong></span> <span class='ocrx_word' id='word_1_92' title='bbox 953 1626 1100 1692; x_wconf 85' lang='lat' dir='ltr'><strong>Hartwic</strong></span> <span class='ocrx_word' id='word_1_93' title='bbox 1135 1629 1252 1711; x_wconf 87' lang='lat' dir='ltr'><strong>situm,</strong></span> <span class='ocrx_word' id='word_1_94' title='bbox 1293 1628 1356 1694; x_wconf 90' lang='lat' dir='ltr'><strong>boc</strong></span> <span class='ocrx_word' id='word_1_95' title='bbox 1378 1629 1530 1694; x_wconf 88' lang='lat' dir='ltr'><strong>videlicet</strong></span> <span class='ocrx_word' id='word_1_96' title='bbox 1557 1629 1645 1715; x_wconf 92' lang='lat' dir='ltr'><strong>quod</strong></span> <span class='ocrx_word' id='word_1_97' title='bbox 1666 1629 1841 1695; x_wconf 88' lang='lat' dir='ltr'><strong>Heinricus</strong></span> 
     </span>
    </p>

    <p class='ocr_par' dir='ltr' id='par_1_5' title="bbox 145 1727 1843 2232">
     <span class='ocr_line' id='line_1_11' title="bbox 145 1727 1841 1818; baseline 0.002 -24"><span class='ocrx_word' id='word_1_98' title='bbox 145 1746 177 1794; x_wconf 92' lang='lat'><strong>10</strong></span> <span class='ocrx_word' id='word_1_99' title='bbox 194 1729 321 1796; x_wconf 86' lang='lat' dir='ltr'><strong>Arnolfi</strong></span> <span class='ocrx_word' id='word_1_100' title='bbox 343 1730 430 1797; x_wconf 85' lang='lat' dir='ltr'><strong>tilius</strong></span> <span class='ocrx_word' id='word_1_101' title='bbox 452 1730 647 1796; x_wconf 88' lang='lat' dir='ltr'><strong>hereditario</strong></span> <span class='ocrx_word' id='word_1_102' title='bbox 670 1732 740 1796; x_wconf 90' lang='lat' dir='ltr'><strong>iure</strong></span> <span class='ocrx_word' id='word_1_103' title='bbox 762 1729 930 1816; x_wconf 89' lang='lat' dir='ltr'><strong>possidere</strong></span> <span class='ocrx_word' id='word_1_104' title='bbox 951 1732 1042 1794; x_wconf 88' lang='lat' dir='ltr'><strong>visus</strong></span> <span class='ocrx_word' id='word_1_105' title='bbox 1064 1733 1169 1795; x_wconf 87' lang='lat' dir='ltr'><strong>estin</strong></span> <span class='ocrx_word' id='word_1_106' title='bbox 1191 1731 1265 1797; x_wconf 92' lang='lat' dir='ltr'><strong>loco</strong></span> <span class='ocrx_word' id='word_1_107' title='bbox 1278 1727 1447 1816; x_wconf 82' lang='lat' dir='ltr'><strong>Orapofelt</strong></span> <span class='ocrx_word' id='word_1_108' title='bbox 1461 1733 1641 1816; x_wconf 84' lang='lat' dir='ltr'><strong>nominato,</strong></span> <span class='ocrx_word' id='word_1_109' title='bbox 1666 1741 1841 1818; x_wconf 87' lang='lat' dir='ltr'><strong>antequam</strong></span> 
     </span>
     <span class='ocr_line' id='line_1_12' title="bbox 193 1834 1843 1922; baseline -0.001 -21"><span class='ocrx_word' id='word_1_110' title='bbox 193 1846 303 1901; x_wconf 89' lang='lat' dir='ltr'><strong>nostre</strong></span> <span class='ocrx_word' id='word_1_111' title='bbox 324 1844 361 1900; x_wconf 90' lang='lat' dir='ltr'><strong>ut</strong></span> <span class='ocrx_word' id='word_1_112' title='bbox 383 1834 566 1901; x_wconf 91' lang='lat' dir='ltr'><strong>subiaceret</strong></span> <span class='ocrx_word' id='word_1_113' title='bbox 587 1837 742 1922; x_wconf 79' lang='lat' dir='ltr'><strong>potestati</strong></span> <span class='ocrx_word' id='word_1_114' title='bbox 764 1856 823 1920; x_wconf 88' lang='lat' dir='ltr'><strong>pro</strong></span> <span class='ocrx_word' id='word_1_115' title='bbox 848 1837 1026 1901; x_wconf 91' lang='lat' dir='ltr'><strong>commissu</strong></span> <span class='ocrx_word' id='word_1_116' title='bbox 1047 1834 1150 1921; x_wconf 85' lang='lat' dir='ltr'><strong>regali</strong></span> <span class='ocrx_word' id='word_1_117' title='bbox 1172 1837 1266 1900; x_wconf 85' lang='lat' dir='ltr'><strong>iuxta</strong></span> <span class='ocrx_word' id='word_1_118' title='bbox 1286 1834 1393 1919; x_wconf 85' lang='lat' dir='ltr'><strong>legem</strong></span> <span class='ocrx_word' id='word_1_119' title='bbox 1415 1834 1629 1900; x_wconf 90' lang='lat' dir='ltr'><strong>diiudicatum</strong></span> <span class='ocrx_word' id='word_1_120' title='bbox 1650 1835 1775 1918; x_wconf 85' lang='lat' dir='ltr'><strong>fuisset,</strong></span> <span class='ocrx_word' id='word_1_121' title='bbox 1798 1835 1843 1900; x_wconf 89' lang='lat' dir='ltr'><strong>ad</strong></span> 
     </span>
     <span class='ocr_line' id='line_1_13' title="bbox 194 1937 1841 2026; baseline 0.001 -24"><span class='ocrx_word' id='word_1_122' title='bbox 194 1938 296 2003; x_wconf 85' lang='lat' dir='ltr'><strong>altare</strong></span> <span class='ocrx_word' id='word_1_123' title='bbox 331 1941 434 2005; x_wconf 90' lang='lat' dir='ltr'><strong>sancti</strong></span> <span class='ocrx_word' id='word_1_124' title='bbox 456 1939 543 2004; x_wconf 90' lang='lat' dir='ltr'><strong>Petri</strong></span> <span class='ocrx_word' id='word_1_125' title='bbox 578 1941 747 2026; x_wconf 81' lang='lat' dir='ltr'><strong>sanctique</strong></span> <span class='ocrx_word' id='word_1_126' title='bbox 769 1937 925 2004; x_wconf 70' lang='lat' dir='ltr'><strong>liodberti</strong></span> <span class='ocrx_word' id='word_1_127' title='bbox 954 1940 1147 2004; x_wconf 90' lang='lat' dir='ltr'><strong>quauensis</strong></span> <span class='ocrx_word' id='word_1_128' title='bbox 1176 1938 1329 2022; x_wconf 87' lang='lat' dir='ltr'><strong>ecclesie,</strong></span> <span class='ocrx_word' id='word_1_129' title='bbox 1368 1941 1420 2004; x_wconf 90' lang='lat' dir='ltr'><strong>cui</strong></span> <span class='ocrx_word' id='word_1_130' title='bbox 1453 1938 1649 2004; x_wconf 87' lang='lat' dir='ltr'><strong>venerabilis</strong></span> <span class='ocrx_word' id='word_1_131' title='bbox 1676 1938 1841 2004; x_wconf 90' lang='lat' dir='ltr'><strong>Heroldus</strong></span> 
     </span>
     <span class='ocr_line' id='line_1_14' title="bbox 195 2041 1841 2129; baseline -0.001 -21"><span class='ocrx_word' id='word_1_132' title='bbox 195 2041 460 2129; x_wconf 83' lang='lat' dir='ltr'><strong>archiepiscopus</strong></span> <span class='ocrx_word' id='word_1_133' title='bbox 494 2064 624 2127; x_wconf 90' lang='lat' dir='ltr'><strong>preesse</strong></span> <span class='ocrx_word' id='word_1_134' title='bbox 655 2041 803 2126; x_wconf 89' lang='lat' dir='ltr'><strong>videtur,</strong></span> <span class='ocrx_word' id='word_1_135' title='bbox 841 2042 1073 2129; x_wconf 78' lang='lat' dir='ltr'><strong>perpetualiter</strong></span> <span class='ocrx_word' id='word_1_136' title='bbox 1093 2041 1281 2108; x_wconf 90' lang='lat' dir='ltr'><strong>habendum</strong></span> <span class='ocrx_word' id='word_1_137' title='bbox 1303 2042 1514 2127; x_wconf 86' lang='lat' dir='ltr'><strong>donavimus,</strong></span> <span class='ocrx_word' id='word_1_138' title='bbox 1550 2042 1613 2109; x_wconf 91' lang='lat' dir='ltr'><strong>boc</strong></span> <span class='ocrx_word' id='word_1_139' title='bbox 1641 2052 1691 2107; x_wconf 90' lang='lat' dir='ltr'><strong>est</strong></span> <span class='ocrx_word' id='word_1_140' title='bbox 1719 2051 1841 2108; x_wconf 88' lang='lat' dir='ltr'><strong>curtem</strong></span> 
     </span>
     <span class='ocr_line' id='line_1_15' title="bbox 194 2145 1843 2232; baseline 0 -21"><span class='ocrx_word' id='word_1_141' title='bbox 194 2146 359 2232; x_wconf 90' lang='lat' dir='ltr'><strong>quandam</strong></span> <span class='ocrx_word' id='word_1_142' title='bbox 382 2155 414 2211; x_wconf 89' lang='lat' dir='ltr'><strong>et</strong></span> <span class='ocrx_word' id='word_1_143' title='bbox 437 2146 606 2212; x_wconf 89' lang='lat' dir='ltr'><strong>castellum</strong></span> <span class='ocrx_word' id='word_1_144' title='bbox 640 2170 715 2213; x_wconf 90' lang='lat' dir='ltr'><strong>cnm</strong></span> <span class='ocrx_word' id='word_1_145' title='bbox 757 2145 906 2212; x_wconf 91' lang='lat' dir='ltr'><strong>omnibus</strong></span> <span class='ocrx_word' id='word_1_146' title='bbox 941 2146 1142 2232; x_wconf 87' lang='lat' dir='ltr'><strong>appendiciis</strong></span> <span class='ocrx_word' id='word_1_147' title='bbox 1176 2156 1208 2211; x_wconf 88' lang='lat' dir='ltr'><strong>et</strong></span> <span class='ocrx_word' id='word_1_148' title='bbox 1240 2146 1456 2229; x_wconf 85' lang='lat' dir='ltr'><strong>adiacenciis,</strong></span> <span class='ocrx_word' id='word_1_149' title='bbox 1493 2146 1556 2213; x_wconf 92' lang='lat' dir='ltr'><strong>boc</strong></span> <span class='ocrx_word' id='word_1_150' title='bbox 1589 2155 1640 2212; x_wconf 91' lang='lat' dir='ltr'><strong>est</strong></span> <span class='ocrx_word' id='word_1_151' title='bbox 1671 2149 1843 2232; x_wconf 80' lang='lat' dir='ltr'><strong>mancipiis</strong></span> 
     </span>
    </p>

    <p class='ocr_par' dir='ltr' id='par_1_6' title="bbox 145 2239 1846 2749">
     <span class='ocr_line' id='line_1_16' title="bbox 145 2239 1844 2337; baseline 0.001 -25"><span class='ocrx_word' id='word_1_152' title='bbox 145 2264 178 2312; x_wconf 78' lang='lat'><strong>1⁶</strong></span> <span class='ocrx_word' id='word_1_153' title='bbox 195 2251 362 2336; x_wconf 87' lang='lat' dir='ltr'><strong>utriusque</strong></span> <span class='ocrx_word' id='word_1_154' title='bbox 391 2272 489 2315; x_wconf 85' lang='lat' dir='ltr'><strong>sexus</strong></span> <span class='ocrx_word' id='word_1_155' title='bbox 519 2249 602 2336; x_wconf 91' lang='lat' dir='ltr'><strong>alpis</strong></span> <span class='ocrx_word' id='word_1_156' title='bbox 631 2252 755 2316; x_wconf 90' lang='lat' dir='ltr'><strong>mansis</strong></span> <span class='ocrx_word' id='word_1_157' title='bbox 784 2249 921 2316; x_wconf 90' lang='lat' dir='ltr'><strong>edificiis</strong></span> <span class='ocrx_word' id='word_1_158' title='bbox 955 2249 1044 2314; x_wconf 88' lang='lat' dir='ltr'><strong>silvis</strong></span> <span class='ocrx_word' id='word_1_159' title='bbox 1073 2251 1175 2335; x_wconf 90' lang='lat' dir='ltr'><strong>pratis</strong></span> <span class='ocrx_word' id='word_1_160' title='bbox 1205 2253 1336 2337; x_wconf 82' lang='lat' dir='ltr'><strong>pascuis</strong></span> <span class='ocrx_word' id='word_1_161' title='bbox 1362 2253 1466 2315; x_wconf 87' lang='lat' dir='ltr'><strong>vineis</strong></span> <span class='ocrx_word' id='word_1_162' title='bbox 1499 2252 1594 2337; x_wconf 91' lang='lat' dir='ltr'><strong>aquis</strong></span> <span class='ocrx_word' id='word_1_163' title='bbox 1622 2239 1844 2337; x_wconf 74' lang='lat' dir='ltr'><strong>aquarumque</strong></span> 
     </span>
     <span class='ocr_line' id='line_1_17' title="bbox 198 2351 1846 2439; baseline -0.001 -22"><span class='ocrx_word' id='word_1_164' title='bbox 198 2351 392 2419; x_wconf 87' lang='lat' dir='ltr'><strong>decursibus</strong></span> <span class='ocrx_word' id='word_1_165' title='bbox 407 2375 447 2419; x_wconf 90' lang='lat' dir='ltr'><strong>ac</strong></span> <span class='ocrx_word' id='word_1_166' title='bbox 462 2353 658 2419; x_wconf 85' lang='lat' dir='ltr'><strong>molendinis</strong></span> <span class='ocrx_word' id='word_1_167' title='bbox 674 2353 816 2420; x_wconf 90' lang='lat' dir='ltr'><strong>exitibus</strong></span> <span class='ocrx_word' id='word_1_168' title='bbox 839 2363 873 2418; x_wconf 90' lang='lat' dir='ltr'><strong>et</strong></span> <span class='ocrx_word' id='word_1_169' title='bbox 888 2353 1046 2420; x_wconf 90' lang='lat' dir='ltr'><strong>reditibus</strong></span> <span class='ocrx_word' id='word_1_170' title='bbox 1060 2357 1123 2420; x_wconf 86' lang='lat' dir='ltr'><strong>viis</strong></span> <span class='ocrx_word' id='word_1_171' title='bbox 1138 2364 1171 2419; x_wconf 88' lang='lat' dir='ltr'><strong>et</strong></span> <span class='ocrx_word' id='word_1_172' title='bbox 1184 2356 1281 2419; x_wconf 87' lang='lat' dir='ltr'><strong>inviis</strong></span> <span class='ocrx_word' id='word_1_173' title='bbox 1297 2355 1392 2419; x_wconf 91' lang='lat' dir='ltr'><strong>cultis</strong></span> <span class='ocrx_word' id='word_1_174' title='bbox 1408 2363 1440 2418; x_wconf 91' lang='lat' dir='ltr'><strong>et</strong></span> <span class='ocrx_word' id='word_1_175' title='bbox 1458 2353 1588 2419; x_wconf 89' lang='lat' dir='ltr'><strong>incultis</strong></span> <span class='ocrx_word' id='word_1_176' title='bbox 1609 2351 1765 2439; x_wconf 90' lang='lat' dir='ltr'><strong>[quesitis]</strong></span> <span class='ocrx_word' id='word_1_177' title='bbox 1778 2361 1791 2389; x_wconf 79' lang='lat'>⁸</span> <span class='ocrx_word' id='word_1_178' title='bbox 1813 2361 1846 2416; x_wconf 91' lang='lat' dir='ltr'><strong>et</strong></span> 
     </span>
     <span class='ocr_line' id='line_1_18' title="bbox 195 2453 1842 2544; baseline -0.002 -23"><span class='ocrx_word' id='word_1_179' title='bbox 195 2457 395 2544; x_wconf 88' lang='lat' dir='ltr'><strong>inquirendis</strong></span> <span class='ocrx_word' id='word_1_180' title='bbox 418 2457 556 2523; x_wconf 88' lang='lat' dir='ltr'><strong>saltibus</strong></span> <span class='ocrx_word' id='word_1_181' title='bbox 579 2467 611 2523; x_wconf 90' lang='lat' dir='ltr'><strong>et</strong></span> <span class='ocrx_word' id='word_1_182' title='bbox 634 2456 789 2544; x_wconf 90' lang='lat' dir='ltr'><strong>quicquid</strong></span> <span class='ocrx_word' id='word_1_183' title='bbox 810 2459 879 2522; x_wconf 91' lang='lat' dir='ltr'><strong>iure</strong></span> <span class='ocrx_word' id='word_1_184' title='bbox 901 2457 1122 2544; x_wconf 83' lang='lat' dir='ltr'><strong>legittimeque</strong></span> <span class='ocrx_word' id='word_1_185' title='bbox 1144 2457 1222 2524; x_wconf 90' lang='lat' dir='ltr'><strong>illuc</strong></span> <span class='ocrx_word' id='word_1_186' title='bbox 1243 2457 1287 2522; x_wconf 94' lang='lat' dir='ltr'><strong>ad</strong></span> <span class='ocrx_word' id='word_1_187' title='bbox 1308 2458 1374 2522; x_wconf 90' lang='lat' dir='ltr'><strong>iam</strong></span> <span class='ocrx_word' id='word_1_188' title='bbox 1403 2455 1526 2521; x_wconf 87' lang='lat' dir='ltr'><strong>dictam</strong></span> <span class='ocrx_word' id='word_1_189' title='bbox 1553 2464 1677 2520; x_wconf 89' lang='lat' dir='ltr'><strong>curtem</strong></span> <span class='ocrx_word' id='word_1_190' title='bbox 1706 2453 1842 2519; x_wconf 87' lang='lat' dir='ltr'><strong>diversis</strong></span> 
     </span>
     <span class='ocr_line' id='line_1_19' title="bbox 194 2557 1841 2647; baseline -0.002 -22"><span class='ocrx_word' id='word_1_191' title='bbox 194 2563 228 2625; x_wconf 95' lang='lat' dir='ltr'><strong>in</strong></span> <span class='ocrx_word' id='word_1_192' title='bbox 249 2559 332 2625; x_wconf 91' lang='lat' dir='ltr'><strong>locis</strong></span> <span class='ocrx_word' id='word_1_193' title='bbox 362 2563 524 2647; x_wconf 89' lang='lat' dir='ltr'><strong>pertinere</strong></span> <span class='ocrx_word' id='word_1_194' title='bbox 552 2560 682 2626; x_wconf 87' lang='lat' dir='ltr'><strong>videtur</strong></span> <span class='ocrx_word' id='word_1_195' title='bbox 709 2562 941 2647; x_wconf 88' lang='lat' dir='ltr'><strong>cuiuscumque</strong></span> <span class='ocrx_word' id='word_1_196' title='bbox 971 2562 1012 2626; x_wconf 92' lang='lat' dir='ltr'><strong>sit</strong></span> <span class='ocrx_word' id='word_1_197' title='bbox 1040 2563 1224 2628; x_wconf 86' lang='lat' dir='ltr'><strong>comitatus.</strong></span> <span class='ocrx_word' id='word_1_198' title='bbox 1269 2561 1314 2625; x_wconf 88' lang='lat' dir='ltr'><strong>Et</strong></span> <span class='ocrx_word' id='word_1_199' title='bbox 1347 2569 1383 2626; x_wconf 92' lang='lat' dir='ltr'><strong>ut</strong></span> <span class='ocrx_word' id='word_1_200' title='bbox 1414 2559 1474 2624; x_wconf 92' lang='lat' dir='ltr'><strong>bec</strong></span> <span class='ocrx_word' id='word_1_201' title='bbox 1508 2567 1619 2623; x_wconf 88' lang='lat' dir='ltr'><strong>nostre</strong></span> <span class='ocrx_word' id='word_1_202' title='bbox 1652 2557 1841 2622; x_wconf 83' lang='lat' dir='ltr'><strong>tradicionis</strong></span> 
     </span>
     <span class='ocr_line' id='line_1_20' title="bbox 197 2659 1840 2749; baseline -0.002 -21"><span class='ocrx_word' id='word_1_203' title='bbox 197 2665 376 2728; x_wconf 86' lang='lat' dir='ltr'><strong>auctoritas</strong></span> <span class='ocrx_word' id='word_1_204' title='bbox 398 2663 574 2730; x_wconf 89' lang='lat' dir='ltr'><strong>firmiorem</strong></span> <span class='ocrx_word' id='word_1_205' title='bbox 595 2665 629 2728; x_wconf 91' lang='lat' dir='ltr'><strong>in</strong></span> <span class='ocrx_word' id='word_1_206' title='bbox 652 2661 705 2729; x_wconf 92' lang='lat' dir='ltr'><strong>dei</strong></span> <span class='ocrx_word' id='word_1_207' title='bbox 726 2665 858 2730; x_wconf 91' lang='lat' dir='ltr'><strong>nomine</strong></span> <span class='ocrx_word' id='word_1_208' title='bbox 882 2662 1042 2728; x_wconf 90' lang='lat' dir='ltr'><strong>obtineret</strong></span> <span class='ocrx_word' id='word_1_209' title='bbox 1068 2666 1231 2748; x_wconf 82' lang='lat' dir='ltr'><strong>vigorem,</strong></span> <span class='ocrx_word' id='word_1_210' title='bbox 1259 2664 1323 2730; x_wconf 93' lang='lat' dir='ltr'><strong>hoc</strong></span> <span class='ocrx_word' id='word_1_211' title='bbox 1346 2685 1479 2749; x_wconf 88' lang='lat' dir='ltr'><strong>presens</strong></span> <span class='ocrx_word' id='word_1_212' title='bbox 1502 2663 1655 2727; x_wconf 89' lang='lat' dir='ltr'><strong>iussimus</strong></span> <span class='ocrx_word' id='word_1_213' title='bbox 1677 2659 1840 2726; x_wconf 89' lang='lat' dir='ltr'><strong>conscribi</strong></span> 
     </span>
    </p>

    <p class='ocr_par' dir='ltr' id='par_1_7' title="bbox 144 2766 1688 2853">
     <span class='ocr_line' id='line_1_21' title="bbox 144 2766 1688 2853; baseline -0.003 -21"><span class='ocrx_word' id='word_1_214' title='bbox 144 2776 178 2825; x_wconf 83' lang='grc'><strong>20</strong></span> <span class='ocrx_word' id='word_1_215' title='bbox 196 2776 385 2852; x_wconf 88' lang='lat' dir='ltr'><strong>preceptum</strong></span> <span class='ocrx_word' id='word_1_216' title='bbox 407 2788 506 2833; x_wconf 88' lang='lat' dir='ltr'><strong>manu</strong></span> <span class='ocrx_word' id='word_1_217' title='bbox 528 2776 642 2832; x_wconf 89' lang='lat' dir='ltr'><strong>nostra</strong></span> <span class='ocrx_word' id='word_1_218' title='bbox 664 2766 778 2833; x_wconf 91' lang='lat' dir='ltr'><strong>subtus</strong></span> <span class='ocrx_word' id='word_1_219' title='bbox 801 2767 964 2832; x_wconf 87' lang='lat' dir='ltr'><strong>firmatum</strong></span> <span class='ocrx_word' id='word_1_220' title='bbox 987 2777 1019 2831; x_wconf 87' lang='lat' dir='ltr'><strong>et</strong></span> <span class='ocrx_word' id='word_1_221' title='bbox 1040 2767 1130 2833; x_wconf 91' lang='lat' dir='ltr'><strong>anuli</strong></span> <span class='ocrx_word' id='word_1_222' title='bbox 1153 2770 1255 2833; x_wconf 90' lang='lat' dir='ltr'><strong>nostri</strong></span> <span class='ocrx_word' id='word_1_223' title='bbox 1282 2767 1496 2853; x_wconf 89' lang='lat' dir='ltr'><strong>impressione</strong></span> <span class='ocrx_word' id='word_1_224' title='bbox 1518 2767 1688 2830; x_wconf 90' lang='lat' dir='ltr'><strong>munitum.</strong></span> 
     </span>
    </p>
   </div>
   <div class='ocr_carea' id='block_1_5' title="bbox 300 2937 1468 3146">
    <p class='ocr_par' dir='ltr' id='par_1_8' title="bbox 300 2937 1468 3146">
     <span class='ocr_line' id='line_1_22' title="bbox 300 2937 1151 3023; baseline -0.001 -19"><span class='ocrx_word' id='word_1_225' title='bbox 300 2937 436 3023; x_wconf 83' lang='lat' dir='ltr'><strong>Signum</strong></span> <span class='ocrx_word' id='word_1_226' title='bbox 459 2937 570 3004; x_wconf 91' lang='lat' dir='ltr'><strong>domni</strong></span> <span class='ocrx_word' id='word_1_227' title='bbox 593 2937 725 3005; x_wconf 88' lang='lat' dir='ltr'><strong>Ottonis</strong></span> <span class='ocrx_word' id='word_1_228' title='bbox 747 2939 954 3003; x_wconf 86' lang='lat' dir='ltr'><strong>invictissimi</strong></span> <span class='ocrx_word' id='word_1_229' title='bbox 976 2941 1061 3023; x_wconf 84' lang='lat' dir='ltr'><strong>regis</strong></span> <span class='ocrx_word' id='word_1_230' title='bbox 1086 2941 1151 3022; x_wconf 80' lang='lat' dir='ltr'><strong>(M.)</strong></span> 
     </span>
     <span class='ocr_line' id='line_1_23' title="bbox 300 3031 1468 3146; baseline 0.001 -23"><span class='ocrx_word' id='word_1_231' title='bbox 300 3031 463 3125; x_wconf 67' lang='lat' dir='ltr'><strong>Iiiutolfus</strong></span> <span class='ocrx_word' id='word_1_232' title='bbox 486 3057 701 3124; x_wconf 88' lang='lat' dir='ltr'><strong>cancellarius</strong></span> <span class='ocrx_word' id='word_1_233' title='bbox 725 3058 874 3124; x_wconf 88' lang='lat' dir='ltr'><strong>advicem</strong></span> <span class='ocrx_word' id='word_1_234' title='bbox 896 3059 1051 3124; x_wconf 89' lang='lat' dir='ltr'><strong>antedicti</strong></span> <span class='ocrx_word' id='word_1_235' title='bbox 1074 3061 1221 3146; x_wconf 90' lang='lat' dir='ltr'><strong>episcopi</strong></span> <span class='ocrx_word' id='word_1_236' title='bbox 1238 3058 1468 3145; x_wconf 79' lang='lat' dir='ltr'><strong>recognovit.b</strong></span> 
     </span>
    </p>
   </div>
   <div class='ocr_carea' id='block_1_6' title="bbox 195 3232 1842 3422">
    <p class='ocr_par' dir='ltr' id='par_1_9' title="bbox 195 3232 1842 3422">
     <span class='ocr_line' id='line_1_24' title="bbox 296 3232 1842 3317; baseline 0 -20"><span class='ocrx_word' id='word_1_237' title='bbox 296 3233 387 3297; x_wconf 85' lang='lat' dir='ltr'><strong>Data</strong></span> <span class='ocrx_word' id='word_1_238' title='bbox 409 3250 473 3298; x_wconf 89' lang='lat'>1111.</span> <span class='ocrx_word' id='word_1_239' title='bbox 496 3232 570 3298; x_wconf 91' lang='lat' dir='ltr'><strong>idus</strong></span> <span class='ocrx_word' id='word_1_240' title='bbox 593 3233 664 3298; x_wconf 90' lang='lat' dir='ltr'><strong>dec.</strong></span> <span class='ocrx_word' id='word_1_241' title='bbox 687 3255 773 3298; x_wconf 92' lang='lat' dir='ltr'><strong>anno</strong></span> <span class='ocrx_word' id='word_1_242' title='bbox 802 3234 1036 3298; x_wconf 87' lang='lat' dir='ltr'><strong>incarnationis</strong></span> <span class='ocrx_word' id='word_1_243' title='bbox 1059 3234 1182 3300; x_wconf 92' lang='lat' dir='ltr'><strong>domini</strong></span> <span class='ocrx_word' id='word_1_244' title='bbox 1205 3249 1389 3316; x_wconf 67' lang='lat' dir='ltr'><strong>nocemur,</strong></span> <span class='ocrx_word' id='word_1_245' title='bbox 1411 3233 1589 3299; x_wconf 88' lang='lat' dir='ltr'><strong>indictione</strong></span> <span class='ocrx_word' id='word_1_246' title='bbox 1604 3250 1664 3317; x_wconf 87' lang='lat' dir='ltr'><strong>vn,</strong></span> <span class='ocrx_word' id='word_1_247' title='bbox 1687 3242 1842 3317; x_wconf 83' lang='lat' dir='ltr'><strong>regnante</strong></span> 
     </span>
     <span class='ocr_line' id='line_1_25' title="bbox 195 3334 1659 3422; baseline 0.002 -24"><span class='ocrx_word' id='word_1_248' title='bbox 195 3336 250 3420; x_wconf 94' lang='lat' dir='ltr'><strong>pio</strong></span> <span class='ocrx_word' id='word_1_249' title='bbox 273 3334 394 3402; x_wconf 88' lang='lat' dir='ltr'><strong>Ottone</strong></span> <span class='ocrx_word' id='word_1_250' title='bbox 416 3358 493 3422; x_wconf 84' lang='lat' dir='ltr'><strong>rege</strong></span> <span class='ocrx_word' id='word_1_251' title='bbox 516 3357 601 3402; x_wconf 92' lang='lat' dir='ltr'><strong>anno</strong></span> <span class='ocrx_word' id='word_1_252' title='bbox 625 3354 731 3420; x_wconf 77' lang='lat' dir='ltr'><strong>xvm3</strong></span> <span class='ocrx_word' id='word_1_253' title='bbox 753 3345 863 3402; x_wconf 90' lang='lat' dir='ltr'><strong>actum</strong></span> <span class='ocrx_word' id='word_1_254' title='bbox 886 3337 1087 3422; x_wconf 77' lang='lat' dir='ltr'><strong>Schirlinga3</strong></span> <span class='ocrx_word' id='word_1_255' title='bbox 1109 3341 1144 3402; x_wconf 92' lang='lat' dir='ltr'><strong>in</strong></span> <span class='ocrx_word' id='word_1_256' title='bbox 1166 3338 1218 3404; x_wconf 92' lang='lat' dir='ltr'><strong>dei</strong></span> <span class='ocrx_word' id='word_1_257' title='bbox 1241 3339 1373 3404; x_wconf 89' lang='lat' dir='ltr'><strong>nomine</strong></span> <span class='ocrx_word' id='word_1_258' title='bbox 1394 3337 1533 3403; x_wconf 86' lang='lat' dir='ltr'><strong>feliciter</strong></span> <span class='ocrx_word' id='word_1_259' title='bbox 1554 3357 1659 3402; x_wconf 91' lang='lat' dir='ltr'><strong>amen.</strong></span> 
     </span>
    </p>
   </div>
   <div class='ocr_carea' id='block_1_7' title="bbox 144 3683 1061 3756">
    <p class='ocr_par' dir='ltr' id='par_1_10' title="bbox 144 3683 1061 3756">
     <span class='ocr_line' id='line_1_26' title="bbox 144 3683 1061 3756; baseline 0.004 -5"><span class='ocrx_word' id='word_1_260' title='bbox 144 3704 177 3752; x_wconf 80' lang='lat' dir='ltr'><strong>aa</strong></span> <span class='ocrx_word' id='word_1_261' title='bbox 975 3683 1061 3756; x_wconf 80' lang='lat'><strong>172.</strong></span> 
     </span>
    </p>
   </div>
   <div class='ocr_carea' id='block_1_8' title="bbox 194 3849 1843 4088">
    <p class='ocr_par' dir='ltr' id='par_1_11' title="bbox 194 3849 1843 4088">
     <span class='ocr_line' id='line_1_27' title="bbox 203 3849 1843 3954; baseline 0.001 -27"><span class='ocrx_word' id='word_1_262' title='bbox 203 3849 284 3927; x_wconf 79' lang='lat' dir='ltr'><strong>Ouo</strong></span> <span class='ocrx_word' id='word_1_263' title='bbox 305 3851 445 3926; x_wconf 72' lang='lat' dir='ltr'><strong>schenkl</strong></span> <span class='ocrx_word' id='word_1_264' title='bbox 466 3852 546 3925; x_wconf 76' lang='lat' dir='ltr'><strong>daos</strong></span> <span class='ocrx_word' id='word_1_265' title='bbox 568 3851 858 3928; x_wconf 75' lang='lat' dir='ltr'><strong>Noooeuklostar</strong></span> <span class='ocrx_word' id='word_1_266' title='bbox 885 3880 931 3929; x_wconf 82' lang='lat' dir='ltr'><strong>zu</strong></span> <span class='ocrx_word' id='word_1_267' title='bbox 957 3851 1205 3954; x_wconf 66' lang='lat' dir='ltr'><strong>Quoadlioburq</strong></span> <span class='ocrx_word' id='word_1_268' title='bbox 1236 3856 1311 3954; x_wconf 80' lang='lat' dir='ltr'><strong>auf</strong></span> <span class='ocrx_word' id='word_1_269' title='bbox 1333 3855 1454 3928; x_wconf 80' lang='lat' dir='ltr'><strong>Bitteo</strong></span> <span class='ocrx_word' id='word_1_270' title='bbox 1482 3855 1599 3928; x_wconf 82' lang='lat' dir='ltr'><strong>seiocr</strong></span> <span class='ocrx_word' id='word_1_271' title='bbox 1619 3854 1754 3928; x_wconf 74' lang='lat' dir='ltr'><strong>Mulier</strong></span> <span class='ocrx_word' id='word_1_272' title='bbox 1777 3855 1843 3928; x_wconf 80' lang='lat' dir='ltr'><strong>dus</strong></span> 
     </span>
     <span class='ocr_line' id='line_1_28' title="bbox 194 3972 1799 4088; baseline 0.003 -42"><span class='ocrx_word' id='word_1_273' title='bbox 194 3999 240 4046; x_wconf 85' lang='lat' dir='ltr'><strong>zu</strong></span> <span class='ocrx_word' id='word_1_274' title='bbox 261 3972 370 4046; x_wconf 84' lang='lat' dir='ltr'><strong>deren</strong></span> <span class='ocrx_word' id='word_1_275' title='bbox 392 3974 627 4073; x_wconf 73' lang='lat' dir='ltr'><strong>Ausstuttuop</strong></span> <span class='ocrx_word' id='word_1_276' title='bbox 645 3975 812 4074; x_wconf 68' lang='lat' dir='ltr'><strong>pebdripe</strong></span> <span class='ocrx_word' id='word_1_277' title='bbox 834 3972 1030 4074; x_wconf 72' lang='lat' dir='ltr'><strong>Spialbery.</strong></span> <span class='ocrx_word' id='word_1_278' title='bbox 1361 4013 1547 4088; x_wconf 55' lang='lat' dir='ltr'><strong>mmmm</strong></span> <span class='ocrx_word' id='word_1_279' title='bbox 1570 4015 1632 4075; x_wconf 73' lang='lat'><strong>954</strong></span> <span class='ocrx_word' id='word_1_280' title='bbox 1655 4013 1725 4072; x_wconf 77' lang='lat' dir='ltr'><strong>Mai</strong></span> <span class='ocrx_word' id='word_1_281' title='bbox 1745 4016 1799 4075; x_wconf 46' lang='lat'><strong>25,</strong></span> 
     </span>
    </p>
   </div>
   <div class='ocr_carea' id='block_1_9' title="bbox 299 4233 1156 4314">
    <p class='ocr_par' dir='ltr' id='par_1_12' title="bbox 299 4233 1156 4314">
     <span class='ocr_line' id='line_1_29' title="bbox 299 4233 1156 4314; baseline -0.002 -16"><span class='ocrx_word' id='word_1_282' title='bbox 299 4233 546 4308; x_wconf 66' lang='lat' dir='ltr'><strong>Oricinablrplcm</strong></span> <span class='ocrx_word' id='word_1_283' title='bbox 569 4236 611 4292; x_wconf 85' lang='lat' dir='ltr'><strong>im</strong></span> <span class='ocrx_word' id='word_1_284' title='bbox 632 4235 660 4294; x_wconf 77' lang='lat' dir='ltr'><strong>lc.</strong></span> <span class='ocrx_word' id='word_1_285' title='bbox 685 4233 886 4297; x_wconf 63' lang='lat' dir='ltr'><strong>&amp;reseretis</strong></span> <span class='ocrx_word' id='word_1_286' title='bbox 906 4254 947 4295; x_wconf 78' lang='lat' dir='ltr'><strong>ra</strong></span> <span class='ocrx_word' id='word_1_287' title='bbox 969 4235 1076 4295; x_wconf 72' lang='lat' dir='ltr'><strong>Berlin</strong></span> <span class='ocrx_word' id='word_1_288' title='bbox 1097 4234 1156 4314; x_wconf 81' lang='lat' dir='ltr'><em>(A).</em></span> 
     </span>
    </p>
   </div>
   <div class='ocr_carea' id='block_1_10' title="bbox 297 4404 1843 4792">
    <p class='ocr_par' dir='ltr' id='par_1_13' title="bbox 297 4404 1843 4792">
     <span class='ocr_line' id='line_1_30' title="bbox 297 4404 1841 4482; baseline 0.002 -16"><span class='ocrx_word' id='word_1_289' title='bbox 297 4406 422 4466; x_wconf 78' lang='lat' dir='ltr'><strong>Kettaer</strong></span> <span class='ocrx_word' id='word_1_290' title='bbox 448 4405 530 4467; x_wconf 82' lang='lat' dir='ltr'><strong>Dias.</strong></span> <span class='ocrx_word' id='word_1_291' title='bbox 561 4406 597 4466; x_wconf 85' lang='lat' dir='ltr'><strong>de</strong></span> <span class='ocrx_word' id='word_1_292' title='bbox 621 4409 727 4482; x_wconf 77' lang='lat' dir='ltr'><strong>priora</strong></span> <span class='ocrx_word' id='word_1_293' title='bbox 755 4409 851 4469; x_wconf 82' lang='lat' dir='ltr'><strong>abbat.</strong></span> <span class='ocrx_word' id='word_1_294' title='bbox 881 4410 900 4469; x_wconf 88' lang='lat'><em>5</em></span> <span class='ocrx_word' id='word_1_295' title='bbox 926 4431 965 4461; x_wconf 93' lang='lat'>=</span> <span class='ocrx_word' id='word_1_296' title='bbox 989 4407 1091 4481; x_wconf 66' lang='grc'><strong>132259</strong></span> <span class='ocrx_word' id='word_1_297' title='bbox 1119 4408 1187 4469; x_wconf 77' lang='grc' dir='ltr'><strong>ΒΑ.</strong></span> <span class='ocrx_word' id='word_1_298' title='bbox 1216 4404 1280 4479; x_wconf 77' lang='lat'><strong><em>10⁶,</em></strong></span> <span class='ocrx_word' id='word_1_299' title='bbox 1308 4410 1371 4468; x_wconf 82' lang='grc'><strong>855</strong></span> <span class='ocrx_word' id='word_1_300' title='bbox 1400 4414 1435 4466; x_wconf 80' lang='lat' dir='ltr'><strong>n⁰</strong></span> <span class='ocrx_word' id='word_1_301' title='bbox 1455 4411 1509 4469; x_wconf 90' lang='grc'><strong>29.</strong></span> <span class='ocrx_word' id='word_1_302' title='bbox 1543 4441 1584 4451; x_wconf 94' lang='grc'>-</span> <span class='ocrx_word' id='word_1_303' title='bbox 1618 4409 1743 4467; x_wconf 80' lang='lat' dir='ltr'><strong>Kettner</strong></span> <span class='ocrx_word' id='word_1_304' title='bbox 1770 4408 1841 4469; x_wconf 77' lang='lat' dir='ltr'><strong>Aut·</strong></span> 
     </span>
     <span class='ocr_line' id='line_1_31' title="bbox 299 4509 1843 4590; baseline 0.002 -21"><span class='ocrx_word' id='word_1_305' title='bbox 299 4510 451 4587; x_wconf 72' lang='lat' dir='ltr'><strong>Qoedlind</strong></span> <span class='ocrx_word' id='word_1_306' title='bbox 475 4513 518 4570; x_wconf 91' lang='grc'><strong>16</strong></span> <span class='ocrx_word' id='word_1_307' title='bbox 540 4515 574 4569; x_wconf 68' lang='grc'><strong>59</strong></span> <span class='ocrx_word' id='word_1_308' title='bbox 592 4514 634 4571; x_wconf 91' lang='grc'><strong>10</strong></span> <span class='ocrx_word' id='word_1_309' title='bbox 656 4509 722 4589; x_wconf 75' lang='lat' dir='ltr'><strong>(apl.</strong></span> <span class='ocrx_word' id='word_1_310' title='bbox 733 4529 768 4584; x_wconf 79' lang='lat' dir='ltr'><strong>p.</strong></span> <span class='ocrx_word' id='word_1_311' title='bbox 786 4509 861 4590; x_wconf 88' lang='grc'><strong>692)</strong></span> <span class='ocrx_word' id='word_1_312' title='bbox 885 4529 942 4571; x_wconf 78' lang='lat' dir='ltr'><strong>aas</strong></span> <span class='ocrx_word' id='word_1_313' title='bbox 964 4510 1001 4582; x_wconf 74' lang='lat' dir='ltr'><strong>A,</strong></span> <span class='ocrx_word' id='word_1_314' title='bbox 1030 4509 1087 4569; x_wconf 77' lang='lat' dir='ltr'><strong>alla</strong></span> <span class='ocrx_word' id='word_1_315' title='bbox 1108 4529 1149 4569; x_wconf 70' lang='lat' dir='ltr'><strong>aa</strong></span> <span class='ocrx_word' id='word_1_316' title='bbox 1171 4513 1243 4573; x_wconf 82' lang='lat'><em>955.</em></span> <span class='ocrx_word' id='word_1_317' title='bbox 1270 4544 1308 4554; x_wconf 97' lang='lat'><em>-</em></span> <span class='ocrx_word' id='word_1_318' title='bbox 1332 4511 1450 4584; x_wconf 70' lang='lat' dir='ltr'><strong>Burinp</strong></span> <span class='ocrx_word' id='word_1_319' title='bbox 1466 4509 1567 4569; x_wconf 74' lang='lat' dir='ltr'><strong>Gloria</strong></span> <span class='ocrx_word' id='word_1_320' title='bbox 1589 4511 1662 4582; x_wconf 79' lang='lat' dir='ltr'><strong>dipl.</strong></span> <span class='ocrx_word' id='word_1_321' title='bbox 1686 4511 1730 4568; x_wconf 83' lang='lat' dir='ltr'><strong>od.</strong></span> <span class='ocrx_word' id='word_1_322' title='bbox 1750 4517 1775 4580; x_wconf 87' lang='lat'><strong>1,</strong></span> <span class='ocrx_word' id='word_1_323' title='bbox 1798 4514 1843 4572; x_wconf 88' lang='grc'><strong>22</strong></span> 
     </span>
     <span class='ocr_line' id='line_1_32' title="bbox 297 4613 1841 4692; baseline 0.001 -19"><span class='ocrx_word' id='word_1_324' title='bbox 297 4620 331 4673; x_wconf 80' lang='lat' dir='ltr'><strong>n⁰</strong></span> <span class='ocrx_word' id='word_1_325' title='bbox 353 4617 372 4674; x_wconf 89' lang='grc'><strong><em>6</em></strong></span> <span class='ocrx_word' id='word_1_326' title='bbox 394 4631 451 4675; x_wconf 81' lang='lat' dir='ltr'><strong>aus</strong></span> <span class='ocrx_word' id='word_1_327' title='bbox 474 4613 502 4672; x_wconf 83' lang='grc' dir='ltr'><em>Α</em></span> <span class='ocrx_word' id='word_1_328' title='bbox 527 4638 565 4666; x_wconf 90' lang='lat'><strong>.-:</strong></span> <span class='ocrx_word' id='word_1_329' title='bbox 590 4614 633 4674; x_wconf 72' lang='lat' dir='ltr'><strong>aa.</strong></span> <span class='ocrx_word' id='word_1_330' title='bbox 655 4623 695 4686; x_wconf 87' lang='grc' dir='ltr'><strong>ΙΙ,</strong></span> <span class='ocrx_word' id='word_1_331' title='bbox 719 4616 762 4675; x_wconf 86' lang='grc'><strong>18</strong></span> <span class='ocrx_word' id='word_1_332' title='bbox 782 4619 817 4673; x_wconf 77' lang='lat' dir='ltr'><strong>o⁰</strong></span> <span class='ocrx_word' id='word_1_333' title='bbox 840 4617 868 4675; x_wconf 88' lang='lat'><strong>6.</strong></span> <span class='ocrx_word' id='word_1_334' title='bbox 892 4647 934 4658; x_wconf 96' lang='lat'>-</span> <span class='ocrx_word' id='word_1_335' title='bbox 957 4615 1054 4674; x_wconf 72' lang='lat' dir='ltr'><strong>Eratis</strong></span> <span class='ocrx_word' id='word_1_336' title='bbox 1078 4613 1139 4675; x_wconf 79' lang='lat'><strong><em>01).</em></strong></span> <span class='ocrx_word' id='word_1_337' title='bbox 1168 4615 1322 4692; x_wconf 73' lang='lat' dir='ltr'><strong>Quodlind.</strong></span> <span class='ocrx_word' id='word_1_338' title='bbox 1347 4620 1369 4675; x_wconf 88' lang='lat'><em>7</em></span> <span class='ocrx_word' id='word_1_339' title='bbox 1389 4621 1423 4674; x_wconf 69' lang='lat'><strong>7³⁰</strong></span> <span class='ocrx_word' id='word_1_340' title='bbox 1445 4619 1484 4674; x_wconf 83' lang='grc'><strong>11</strong></span> <span class='ocrx_word' id='word_1_341' title='bbox 1513 4630 1570 4673; x_wconf 70' lang='lat' dir='ltr'><strong>atis</strong></span> <span class='ocrx_word' id='word_1_342' title='bbox 1592 4613 1620 4670; x_wconf 84' lang='grc' dir='ltr'><em>Α</em></span> <span class='ocrx_word' id='word_1_343' title='bbox 1642 4632 1683 4673; x_wconf 77' lang='lat' dir='ltr'><strong>ru</strong></span> <span class='ocrx_word' id='word_1_344' title='bbox 1705 4615 1777 4674; x_wconf 88' lang='grc'><strong>955.</strong></span> <span class='ocrx_word' id='word_1_345' title='bbox 1803 4646 1841 4658; x_wconf 92' lang='grc'><strong>-</strong></span> 
     </span>
     <span class='ocr_line' id='line_1_33' title="bbox 297 4717 1177 4792; baseline 0 -16"><span class='ocrx_word' id='word_1_346' title='bbox 297 4717 426 4777; x_wconf 68' lang='lat' dir='ltr'><strong>Buboner</strong></span> <span class='ocrx_word' id='word_1_347' title='bbox 446 4717 518 4792; x_wconf 78' lang='lat' dir='ltr'><strong>Rey.</strong></span> <span class='ocrx_word' id='word_1_348' title='bbox 541 4719 607 4779; x_wconf 89' lang='grc'><strong>296</strong></span> <span class='ocrx_word' id='word_1_349' title='bbox 628 4718 693 4777; x_wconf 70' lang='lat' dir='ltr'><strong>aad</strong></span> <span class='ocrx_word' id='word_1_350' title='bbox 715 4717 844 4792; x_wconf 75' lang='lat' dir='ltr'><strong>Stumpf</strong></span> <span class='ocrx_word' id='word_1_351' title='bbox 861 4719 933 4792; x_wconf 68' lang='lat' dir='ltr'><strong>aeq.</strong></span> <span class='ocrx_word' id='word_1_352' title='bbox 956 4720 1021 4780; x_wconf 86' lang='grc'><strong>235</strong></span> <span class='ocrx_word' id='word_1_353' title='bbox 1043 4738 1084 4780; x_wconf 77' lang='lat' dir='ltr'><strong>aa</strong></span> <span class='ocrx_word' id='word_1_354' title='bbox 1106 4719 1177 4779; x_wconf 88' lang='grc'><strong>955.</strong></span> 
     </span>
    </p>
   </div>
   <div class='ocr_carea' id='block_1_11' title="bbox 144 4891 1844 5488">
    <p class='ocr_par' dir='ltr' id='par_1_14' title="bbox 144 4891 1844 5488">
     <span class='ocr_line' id='line_1_34' title="bbox 301 4891 1843 4968; baseline 0.002 -17"><span class='ocrx_word' id='word_1_355' title='bbox 301 4891 434 4963; x_wconf 69' lang='lat' dir='ltr'><strong>Versu-ast</strong></span> <span class='ocrx_word' id='word_1_356' title='bbox 456 4891 520 4950; x_wconf 68' lang='lat' dir='ltr'><strong>aad</strong></span> <span class='ocrx_word' id='word_1_357' title='bbox 538 4892 724 4965; x_wconf 75' lang='lat' dir='ltr'><strong>qescbriebeu</strong></span> <span class='ocrx_word' id='word_1_358' title='bbox 744 4910 801 4952; x_wconf 84' lang='lat' dir='ltr'><strong>oon</strong></span> <span class='ocrx_word' id='word_1_359' title='bbox 822 4893 901 4964; x_wconf 73' lang='lat' dir='ltr'><strong>LA„</strong></span> <span class='ocrx_word' id='word_1_360' title='bbox 924 4893 1080 4968; x_wconf 64' lang='lat' dir='ltr'><strong>mulsoue</strong></span> <span class='ocrx_word' id='word_1_361' title='bbox 1102 4893 1197 4954; x_wconf 70' lang='lat' dir='ltr'><strong>Weiss</strong></span> <span class='ocrx_word' id='word_1_362' title='bbox 1219 4894 1273 4951; x_wconf 82' lang='lat' dir='ltr'><strong>mit</strong></span> <span class='ocrx_word' id='word_1_363' title='bbox 1296 4893 1475 4968; x_wconf 74' lang='lat' dir='ltr'><strong>Benutrmtq</strong></span> <span class='ocrx_word' id='word_1_364' title='bbox 1496 4910 1552 4952; x_wconf 75' lang='lat' dir='ltr'><strong>ooo</strong></span> <span class='ocrx_word' id='word_1_365' title='bbox 1573 4893 1642 4954; x_wconf 89' lang='lat' dir='ltr'><strong>DO.</strong></span> <span class='ocrx_word' id='word_1_366' title='bbox 1666 4898 1717 4955; x_wconf 88' lang='grc'><strong>18.</strong></span> <span class='ocrx_word' id='word_1_367' title='bbox 1762 4894 1843 4954; x_wconf 81' lang='lat' dir='ltr'><strong>Duas</strong></span> 
     </span>
     <span class='ocr_line' id='line_1_35' title="bbox 297 4994 1844 5072; baseline 0.001 -18"><span class='ocrx_word' id='word_1_368' title='bbox 297 4997 359 5054; x_wconf 75' lang='lat' dir='ltr'><strong>sict</strong></span> <span class='ocrx_word' id='word_1_369' title='bbox 380 4995 434 5053; x_wconf 81' lang='lat' dir='ltr'><strong>der</strong></span> <span class='ocrx_word' id='word_1_370' title='bbox 446 4994 563 5056; x_wconf 75' lang='lat' dir='ltr'><strong>Anasta</strong></span> <span class='ocrx_word' id='word_1_371' title='bbox 583 5013 624 5054; x_wconf 73' lang='lat' dir='ltr'><strong>ru</strong></span> <span class='ocrx_word' id='word_1_372' title='bbox 639 4997 702 5057; x_wconf 88' lang='grc'><strong>965</strong></span> <span class='ocrx_word' id='word_1_373' title='bbox 724 4997 804 5056; x_wconf 75' lang='lat' dir='ltr'><strong>nicht</strong></span> <span class='ocrx_word' id='word_1_374' title='bbox 825 4999 880 5057; x_wconf 80' lang='lat' dir='ltr'><strong>mit</strong></span> <span class='ocrx_word' id='word_1_375' title='bbox 903 5000 986 5056; x_wconf 79' lang='lat' dir='ltr'><strong>einer</strong></span> <span class='ocrx_word' id='word_1_376' title='bbox 1007 4995 1131 5072; x_wconf 73' lang='lat' dir='ltr'><strong>Anqube</strong></span> <span class='ocrx_word' id='word_1_377' title='bbox 1148 4996 1328 5057; x_wconf 75' lang='lat' dir='ltr'><strong>Widulcinds</strong></span> <span class='ocrx_word' id='word_1_378' title='bbox 1351 5002 1487 5072; x_wconf 64' lang='grc'><strong>55555691,</strong></span> <span class='ocrx_word' id='word_1_379' title='bbox 1511 4999 1562 5056; x_wconf 81' lang='lat' dir='ltr'><strong>tat</strong></span> <span class='ocrx_word' id='word_1_380' title='bbox 1583 4999 1671 5058; x_wconf 71' lang='lat' dir='ltr'><strong>schoa</strong></span> <span class='ocrx_word' id='word_1_381' title='bbox 1685 4998 1844 5058; x_wconf 80' lang='lat' dir='ltr'><strong>Dilmmler</strong></span> 
     </span>
     <span class='ocr_line' id='line_1_36' title="bbox 144 5097 1842 5176; baseline 0.002 -18"><span class='ocrx_word' id='word_1_382' title='bbox 144 5117 178 5165; x_wconf 79' lang='lat' dir='ltr'><strong>ss</strong></span> <span class='ocrx_word' id='word_1_383' title='bbox 301 5097 407 5158; x_wconf 73' lang='lat' dir='ltr'><strong>Jahrb.</strong></span> <span class='ocrx_word' id='word_1_384' title='bbox 435 5098 468 5158; x_wconf 92' lang='lat'><strong>0.</strong></span> <span class='ocrx_word' id='word_1_385' title='bbox 488 5107 512 5158; x_wconf 89' lang='grc' dir='ltr'><strong>Ι.</strong></span> <span class='ocrx_word' id='word_1_386' title='bbox 535 5102 600 5160; x_wconf 83' lang='grc'><strong>249</strong></span> <span class='ocrx_word' id='word_1_387' title='bbox 624 5099 759 5159; x_wconf 77' lang='lat' dir='ltr'><strong>bemerlet.</strong></span> <span class='ocrx_word' id='word_1_388' title='bbox 804 5100 895 5160; x_wconf 79' lang='lat' dir='ltr'><strong>Dicae</strong></span> <span class='ocrx_word' id='word_1_389' title='bbox 925 5101 1000 5162; x_wconf 76' lang='lat' dir='ltr'><strong>Zabi</strong></span> <span class='ocrx_word' id='word_1_390' title='bbox 1026 5103 1067 5160; x_wconf 81' lang='lat' dir='ltr'><strong>ist</strong></span> <span class='ocrx_word' id='word_1_391' title='bbox 1093 5101 1292 5160; x_wconf 76' lang='lat' dir='ltr'><strong>nersobrieben</strong></span> <span class='ocrx_word' id='word_1_392' title='bbox 1318 5105 1391 5160; x_wconf 80' lang='lat' dir='ltr'><strong>stott</strong></span> <span class='ocrx_word' id='word_1_393' title='bbox 1419 5105 1491 5174; x_wconf 77' lang='grc'><em>954,</em></span> <span class='ocrx_word' id='word_1_394' title='bbox 1521 5101 1654 5162; x_wconf 75' lang='lat' dir='ltr'><strong>walchem</strong></span> <span class='ocrx_word' id='word_1_395' title='bbox 1676 5103 1731 5162; x_wconf 81' lang='lat' dir='ltr'><strong>dus</strong></span> <span class='ocrx_word' id='word_1_396' title='bbox 1754 5120 1842 5176; x_wconf 74' lang='lat' dir='ltr'><strong>urspe-</strong></span> 
     </span>
     <span class='ocr_line' id='line_1_37' title="bbox 294 5201 1841 5280; baseline 0.005 -20"><span class='ocrx_word' id='word_1_397' title='bbox 294 5201 402 5274; x_wconf 74' lang='lat' dir='ltr'><strong>9ebenc</strong></span> <span class='ocrx_word' id='word_1_398' title='bbox 422 5201 677 5276; x_wconf 73' lang='lat' dir='ltr'><strong>Repicrmrysjobr</strong></span> <span class='ocrx_word' id='word_1_399' title='bbox 698 5204 866 5276; x_wconf 80' lang='lat' dir='ltr'><strong>entspriclrt.</strong></span> <span class='ocrx_word' id='word_1_400' title='bbox 905 5203 965 5263; x_wconf 81' lang='lat' dir='ltr'><strong>Die</strong></span> <span class='ocrx_word' id='word_1_401' title='bbox 986 5204 1232 5265; x_wconf 75' lang='lat' dir='ltr'><strong>Romerainsrahl</strong></span> <span class='ocrx_word' id='word_1_402' title='bbox 1254 5205 1363 5264; x_wconf 64' lang='lat' dir='ltr'><strong>tomos</strong></span> <span class='ocrx_word' id='word_1_403' title='bbox 1384 5207 1465 5265; x_wconf 75' lang='lat' dir='ltr'><strong>nicht</strong></span> <span class='ocrx_word' id='word_1_404' title='bbox 1486 5209 1520 5264; x_wconf 81' lang='lat' dir='ltr'><strong>in</strong></span> <span class='ocrx_word' id='word_1_405' title='bbox 1541 5207 1690 5280; x_wconf 79' lang='lat' dir='ltr'><strong>Batracht,</strong></span> <span class='ocrx_word' id='word_1_406' title='bbox 1715 5209 1754 5267; x_wconf 84' lang='lat' dir='ltr'><strong>du</strong></span> <span class='ocrx_word' id='word_1_407' title='bbox 1774 5207 1841 5266; x_wconf 71' lang='lat' dir='ltr'><strong>nl.</strong></span> 
     </span>
     <span class='ocr_line' id='line_1_38' title="bbox 297 5305 1844 5384; baseline 0.003 -21"><span class='ocrx_word' id='word_1_408' title='bbox 297 5305 429 5376; x_wconf 71' lang='lat' dir='ltr'><strong>offeratur</strong></span> <span class='ocrx_word' id='word_1_409' title='bbox 453 5306 517 5365; x_wconf 76' lang='lat' dir='ltr'><strong>tier</strong></span> <span class='ocrx_word' id='word_1_410' title='bbox 544 5323 601 5365; x_wconf 77' lang='lat' dir='ltr'><strong>aas</strong></span> <span class='ocrx_word' id='word_1_411' title='bbox 621 5306 763 5366; x_wconf 67' lang='lat' dir='ltr'><strong>roseum</strong></span> <span class='ocrx_word' id='word_1_412' title='bbox 791 5307 838 5365; x_wconf 82' lang='lat' dir='ltr'><strong>die</strong></span> <span class='ocrx_word' id='word_1_413' title='bbox 863 5307 939 5368; x_wconf 78' lang='lat' dir='ltr'><strong>Zabi</strong></span> <span class='ocrx_word' id='word_1_414' title='bbox 966 5308 1018 5367; x_wconf 82' lang='lat' dir='ltr'><strong>dar</strong></span> <span class='ocrx_word' id='word_1_415' title='bbox 1042 5308 1310 5382; x_wconf 72' lang='lat' dir='ltr'><strong>Reqieranysjulrrc</strong></span> <span class='ocrx_word' id='word_1_416' title='bbox 1338 5311 1522 5384; x_wconf 54' lang='lat' dir='ltr'><strong>&amp;waracco</strong></span> <span class='ocrx_word' id='word_1_417' title='bbox 1550 5311 1609 5372; x_wconf 82' lang='lat' dir='ltr'><strong>hut.</strong></span> <span class='ocrx_word' id='word_1_418' title='bbox 1654 5312 1719 5370; x_wconf 81' lang='lat' dir='ltr'><strong>Aua</strong></span> <span class='ocrx_word' id='word_1_419' title='bbox 1748 5309 1844 5368; x_wconf 80' lang='lat' dir='ltr'><strong>dieser</strong></span> 
     </span>
     <span class='ocr_line' id='line_1_39' title="bbox 297 5408 1843 5488; baseline 0.003 -20"><span class='ocrx_word' id='word_1_420' title='bbox 297 5409 451 5484; x_wconf 72' lang='lat' dir='ltr'><strong>Dutirany</strong></span> <span class='ocrx_word' id='word_1_421' title='bbox 473 5408 613 5480; x_wconf 75' lang='lat' dir='ltr'><strong>erfabren</strong></span> <span class='ocrx_word' id='word_1_422' title='bbox 635 5411 691 5470; x_wconf 82' lang='lat' dir='ltr'><strong>wir</strong></span> <span class='ocrx_word' id='word_1_423' title='bbox 712 5409 784 5482; x_wconf 77' lang='lat' dir='ltr'><strong>uteo,</strong></span> <span class='ocrx_word' id='word_1_424' title='bbox 808 5411 873 5470; x_wconf 71' lang='lat' dir='ltr'><strong>und</strong></span> <span class='ocrx_word' id='word_1_425' title='bbox 893 5412 1003 5473; x_wconf 70' lang='lat' dir='ltr'><strong>manes</strong></span> <span class='ocrx_word' id='word_1_426' title='bbox 1026 5412 1156 5473; x_wconf 77' lang='lat' dir='ltr'><strong>Wissms</strong></span> <span class='ocrx_word' id='word_1_427' title='bbox 1177 5413 1252 5473; x_wconf 67' lang='lat' dir='ltr'><strong>stelit</strong></span> <span class='ocrx_word' id='word_1_428' title='bbox 1274 5413 1340 5473; x_wconf 74' lang='lat' dir='ltr'><strong>dan</strong></span> <span class='ocrx_word' id='word_1_429' title='bbox 1360 5414 1429 5473; x_wconf 69' lang='lat' dir='ltr'><strong>tan</strong></span> <span class='ocrx_word' id='word_1_430' title='bbox 1449 5413 1568 5474; x_wconf 77' lang='lat' dir='ltr'><strong>Berictt</strong></span> <span class='ocrx_word' id='word_1_431' title='bbox 1591 5417 1633 5474; x_wconf 83' lang='lat' dir='ltr'><strong>im</strong></span> <span class='ocrx_word' id='word_1_432' title='bbox 1655 5414 1749 5488; x_wconf 73' lang='lat' dir='ltr'><strong>Woye,</strong></span> <span class='ocrx_word' id='word_1_433' title='bbox 1773 5413 1843 5472; x_wconf 79' lang='lat' dir='ltr'><strong>dues</strong></span> 
     </span>
    </p>
   </div>
   <div class='ocr_carea' id='block_1_12' title="bbox 143 5628 1842 5768">
    <p class='ocr_par' dir='ltr' id='par_1_15' title="bbox 143 5628 1842 5768">
     <span class='ocr_line' id='line_1_40' title="bbox 143 5628 1842 5734; baseline -0.001 -48"><span class='ocrx_word' id='word_1_434' title='bbox 143 5685 178 5734; x_wconf 64' lang='lat'><strong>4⁰</strong></span> <span class='ocrx_word' id='word_1_435' title='bbox 284 5631 341 5686; x_wconf 81' lang='grc'><strong>171.</strong></span> <span class='ocrx_word' id='word_1_436' title='bbox 368 5628 483 5716; x_wconf 72' lang='lat' dir='ltr'><strong>[Ublin]</strong></span> <span class='ocrx_word' id='word_1_437' title='bbox 573 5629 601 5698; x_wconf 85' lang='lat' dir='ltr'><strong>a)</strong></span> <span class='ocrx_word' id='word_1_438' title='bbox 613 5631 683 5696; x_wconf 75' lang='lat' dir='ltr'><strong>sebit</strong></span> <span class='ocrx_word' id='word_1_439' title='bbox 700 5634 728 5682; x_wconf 81' lang='lat' dir='ltr'><strong>iu</strong></span> <span class='ocrx_word' id='word_1_440' title='bbox 746 5632 772 5684; x_wconf 91' lang='grc' dir='ltr'><em>Β</em></span> <span class='ocrx_word' id='word_1_441' title='bbox 866 5633 895 5696; x_wconf 88' lang='lat' dir='ltr'><strong>b)</strong></span> <span class='ocrx_word' id='word_1_442' title='bbox 915 5635 942 5684; x_wconf 82' lang='lat' dir='ltr'><strong>in</strong></span> <span class='ocrx_word' id='word_1_443' title='bbox 959 5633 987 5685; x_wconf 88' lang='grc' dir='ltr'><em>Β</em></span> <span class='ocrx_word' id='word_1_444' title='bbox 997 5635 1066 5702; x_wconf 74' lang='lat' dir='ltr'><strong>solyt</strong></span> <span class='ocrx_word' id='word_1_445' title='bbox 1084 5634 1150 5686; x_wconf 75' lang='lat' dir='ltr'><strong>noct</strong></span> <span class='ocrx_word' id='word_1_446' title='bbox 1166 5651 1216 5687; x_wconf 82' lang='lat' dir='ltr'><strong>oon</strong></span> <span class='ocrx_word' id='word_1_447' title='bbox 1230 5635 1343 5701; x_wconf 71' lang='lat' dir='ltr'><strong>ylairbar</strong></span> <span class='ocrx_word' id='word_1_448' title='bbox 1360 5635 1444 5687; x_wconf 76' lang='lat' dir='ltr'><strong>Haud</strong></span> <span class='ocrx_word' id='word_1_449' title='bbox 1461 5635 1502 5687; x_wconf 73' lang='lat' dir='ltr'><strong>cla</strong></span> <span class='ocrx_word' id='word_1_450' title='bbox 1521 5633 1612 5688; x_wconf 68' lang='lat' dir='ltr'><strong>oben</strong></span> <span class='ocrx_word' id='word_1_451' title='bbox 1629 5635 1741 5687; x_wconf 83' lang='lat' dir='ltr'><strong>Heroldi</strong></span> <span class='ocrx_word' id='word_1_452' title='bbox 1758 5634 1842 5684; x_wconf 84' lang='lat' dir='ltr'><strong>archi-</strong></span> 
     </span>
     <span class='ocr_line' id='line_1_41' title="bbox 367 5717 493 5768; baseline -0.016 -14"><span class='ocrx_word' id='word_1_453' title='bbox 367 5717 493 5768; x_wconf 78' lang='lat' dir='ltr'><strong>episcopt.</strong></span> 
     </span>
    </p>
   </div>
   <div class='ocr_carea' id='block_1_13' title="bbox 0 0 2288 6420">
    <p class='ocr_par' dir='ltr' id='par_1_16' title="bbox 0 0 2288 6420">
     <span class='ocr_line' id='line_1_42' title="bbox 0 0 2288 6420; baseline 0 0"><span class='ocrx_word' id='word_1_454' title='bbox 0 0 2288 6420; x_wconf 95' lang='lat' dir='ltr'><strong> </strong></span> 
     </span>
    </p>
   </div>
  </div>
 </body>
</html>
