4538 6436
969 369 971 373 ’
993 375 1444 442 nrrsnnnannnnnn.

1176 561 1263 638 364.

406 728 486 804 Orto
519 739 678 827 peretot
709 724 774 797 der
799 722 934 797 KiroJre
961 745 1033 793 oon
1059 719 1239 819 Berporno
1275 718 1380 792 einen
1406 717 1623 792 Jnlrrrnorlrt
1653 743 1698 790 zo
1732 713 1770 793 S.
1797 713 1933 793 Sicinio
1969 716 2055 789 aad

396 850 500 921 einen
528 846 654 946 Hoson
680 871 726 918 en
753 841 994 918 rllonostcrolo
1023 841 1219 939 onzokpen
1245 838 1325 911 trad
1349 838 1446 912 weist
1472 837 1531 912 der·
1557 838 1616 911 dic
1643 865 1709 912 arcs
1735 838 1862 912 beiden
1879 837 2050 936 fliessen-

398 969 468 1042 <tra
494 965 700 1064 Einktr'nfte
725 991 781 1038 zo.
1600 979 1746 1038 Rocomo
1768 981 1832 1040 968
1874 1011 1917 1022 -
1961 1012 2005 1022 —

498 1212 590 1272 hiber
612 1209 759 1270 comodis
783 1209 912 1283 episcopi
928 1207 1047 1267 Borotir'
1070 1223 1126 1266 aas
1150 1205 1202 1264 der
1223 1208 1343 1264 crociten
1359 1187 1466 1277 Holste
1488 1205 1539 1264 des
1559 1205 1613 1265 15.
1631 1202 1683 1264 Jo.
1709 1201 1732 1276 f.
1757 1201 1830 1264 302
1853 1206 1895 1263 im
1917 1203 2086 1275 tachos-5

498 1316 592 1374 lichen
614 1312 786 1372 Aretissa
808 1313 956 1386 Beroomo
980 1309 1045 1389 (Β).

500 1468 642 1528 Getestino
658 1469 795 1527 Historia
818 1468 850 1524 di
873 1465 1021 1540 Berpomo
1042 1461 1086 1536 2⁶,
1110 1468 1175 1526 412
1196 1483 1253 1524 nos
1277 1466 1306 1524 B
1331 1487 1369 1516 =
1391 1463 1504 1537 Uenetis·
1526 1463 1620 1522 Itots'a
1641 1479 1730 1523 sono
1751 1463 1794 1521 ed.
1815 1470 1840 1532 I,
1864 1465 1895 1533 4,
1919 1464 1983 1523 624
2010 1488 2051 1515 =

500 1573 542 1631 ed.
564 1582 604 1641 ΙΙ,
622 1574 651 1643 4,
668 1575 740 1630 437.
763 1603 807 1613 —
828 1570 913 1643 Inopi
929 1567 992 1628 OD.
1009 1571 1144 1643 Berpoos.
1160 1572 1191 1640 2,
1207 1571 1274 1630 287
1295 1585 1351 1627 aas
1367 1567 1405 1628 B.
1430 1598 1472 1610 -
1496 1565 1558 1625 OD.
1583 1566 1715 1640 Dooqob.
1740 1568 1822 1624 1241
1847 1570 1881 1622 n⁰
1905 1568 1970 1626 712
1991 1581 2051 1624 oses

500 1676 537 1734 B.
561 1709 603 1718 —
627 1673 758 1747 Stampf
773 1674 846 1747 Rep.
871 1675 934 1732 453
957 1691 998 1730 ea
1023 1671 1147 1732 Olotober
1170 1675 1198 1733 6.

500 1831 611 1890 Diotirt
634 1829 698 1889 aad
721 1829 794 1888 cort
815 1829 891 1888 auct
911 1828 1097 1902 pesohrr'ebcn
1117 1844 1174 1885 oon
1194 1828 1234 1886 1r.
1250 1826 1290 1884 D.
1314 1859 1357 1867 —
1377 1825 1468 1885 Ueber
1490 1824 1537 1882 die
1558 1824 1659 1898 Prope
1680 1826 1714 1883 ob
1738 1824 1792 1883 our
1807 1824 1846 1884 D.
1863 1841 1919 1883 oon
1936 1822 2002 1882 ono
2023 1833 2048 1883 1.
2070 1840 2105 1887 10

500 1933 590 1993 alteia
613 1933 683 1992 oder
704 1950 760 1991 oon
782 1933 844 1991 ilrns
866 1931 930 1991 ond
956 1933 1068 1991 serrem
1096 1930 1190 1991 Sotae
1217 1928 1349 2002 rapleiclr
1377 1927 1492 1987 ertheilt
1520 1927 1638 1986 worden
1665 1927 1713 1998 ist,
1743 1944 1766 1987 s.
1792 1925 1894 1986 Most.
1918 1927 1970 1986 des
1993 1930 2049 1986 ost.

500 2039 575 2097 rie.
600 2037 673 2110 ary.
697 2042 727 2107 r,
751 2037 823 2096 139.
924 2117 925 2120 q

604 2257 644 2321 In
665 2259 796 2321 nomine
819 2267 932 2320 sancte
955 2265 987 2319 et
1010 2253 1176 2319 individue
1198 2255 1361 2318 trinitatis.
1404 2251 1483 2318 Otto
1508 2251 1620 2317 divina
1641 2251 1772 2316 favente
1795 2253 1967 2317 clementia
1990 2254 2050 2318 im-

399 2370 530 2448 perator
557 2369 753 2444 augustus*
855 2357 889 2424 Si
913 2360 1036 2423 sanctis
1060 2378 1099 2422 ae
1122 2353 1364 2422 venerabilibus
1394 2355 1454 2421 deo
1484 2356 1566 2422 locis
1598 2355 1715 2420 dicatis
1746 2356 1870 2443 aliquid
1897 2358 2048 2422 conferre

398 2475 497 2552 atque
525 2462 590 2528 eal
619 2473 831 2548 augmentare
860 2460 1094 2544 studuerimus,
1130 2461 1244 2547 procul
1275 2461 1373 2550 dubio
1403 2462 1659 2546 omnipotentem
1693 2459 1790 2527 deum
1819 2459 2050 2526 retributorem
2070 2487 2105 2534 15

399 2566 584 2635 omnimode
613 2566 709 2633 nobis
738 2569 830 2631 foree
858 2587 925 2630 non
951 2565 1137 2631 titubamus.
1186 2564 1394 2650 Quapropter
1424 2566 1569 2629 omnium
1600 2575 1711 2648 sancte
1735 2564 1788 2629 dei
1810 2564 1947 2650 ecclesie
1969 2564 2049 2629 fide-

399 2672 478 2738 lium
499 2681 750 2756 nostrorumque
772 2671 971 2755 presentium
994 2690 1033 2732 ac
1056 2669 1237 2733 futurorum
1255 2671 1386 2733 noverit
1404 2666 1558 2750 sollertia,
1581 2665 1742 2732 Ubartum
1759 2677 1907 2734 nostrum
1922 2669 2051 2754 episco-

399 2797 477 2862 pum
504 2773 635 2839 fidelem
661 2783 874 2858 nostrumque
903 2771 1227 2836 archicancellarium
1258 2771 1379 2836 adiisse
1413 2781 1559 2836 nostram
1593 2770 1798 2855 augustalem
1832 2771 2050 2855 clementiam,

400 2877 539 2965 qualiter
560 2899 619 2962 pro
645 2876 696 2942 dei
720 2887 752 2941 et
774 2875 861 2941 beati
884 2875 1066 2942 Alexandri
1096 2879 1238 2942 martiris
1268 2899 1378 2942 amore
1405 2885 1580 2962 nostreque
1603 2875 1875 2956 animeremedio
1899 2897 2050 2941 necnon

399 2981 556 3047 fidelitate
573 2980 715 3046 Olderioi
740 2989 853 3064 sancte
876 2980 1103 3064 Pergamensis
1127 2980 1264 3064 ecclesie
1288 2980 1435 3065 episcopi
1458 2978 1609 3065 Pergami
1633 2979 1770 3063 ecclesie
1793 2978 1849 3044 ubi
1868 2979 1955 3044 beati
1972 2978 2050 3044 Ale·
2069 3003 2105 3050 no

399 3086 518 3151 xandri
542 3107 662 3171 corpus
685 3087 779 3150 iuxta
801 3106 911 3150 muros
934 3086 1079 3150 civitatis
1101 3085 1269 3150 humatum
1294 3086 1444 3170 quiescit,
1472 3083 1648 3150 hedificare
1671 3093 1851 3149 mercatum
1873 3084 2050 3150 annualem

399 3193 432 3254 in
462 3190 569 3255 insula
598 3190 808 3276 Pergamensi
839 3193 873 3254 in
899 3191 974 3256 loco
1005 3194 1059 3276 qui
1091 3189 1209 3256 dicitur
1237 3200 1386 3254 sunctum
1416 3187 1572 3254 Sicinium
1583 3186 1606 3271 ⁴¹,
1638 3190 1672 3252 in
1696 3187 1874 3253 festivitate
1896 3187 2052 3254 videlicet

400 3297 504 3381 ipsius
526 3294 706 3360 beatissimi
729 3295 887 3378 martiris,
918 3316 993 3359 cum
1017 3297 1104 3360 omni
1127 3293 1256 3359 teloneo
1280 3303 1312 3357 et
1334 3292 1551 3358 reddibitione
1573 3293 1677 3378 ipsius
1701 3293 1835 3357 mercati
1843 3343 1851 3374 ,
1875 3302 1908 3357 et
1930 3294 2050 3358 consti·

401 3408 490 3463 tuere
513 3409 644 3484 portum
665 3400 699 3462 iu
721 3398 795 3464 loco
819 3410 852 3463 et
874 3398 1009 3464 abbatis
1031 3421 1093 3485 que
1117 3397 1236 3462 dicitur
1251 3395 1485 3462 Monasteriolo
1499 3406 1520 3480 ⁰,
1545 3419 1608 3482 que
1632 3395 1765 3460 abbatia
1781 3418 1802 3461 a
1817 3397 1955 3482 paganis
1972 3396 2051 3462 olim

401 3501 567 3567 destructa
590 3510 622 3566 et
643 3524 729 3566 nunc
753 3502 795 3567 ab
818 3503 891 3587 ipso
915 3504 1071 3587 episcopo
1094 3509 1309 3581 restauratur,
1344 3499 1490 3564 stabilire
1513 3509 1643 3584 portum
1666 3509 1698 3563 et
1719 3501 1893 3564 stationem
1915 3500 2049 3564 navium
2069 3519 2104 3567 so

401 3603 527 3669 scilicet
555 3606 753 3669 venientium
782 3627 825 3669 ex
847 3603 995 3670 Uenetiis
1018 3614 1051 3668 et
1076 3601 1269 3686 Olumaclis,
1298 3600 1524 3668 Ferarisnsisf
1550 3602 1698 3689 partibus
1728 3605 1796 3667 sive
1824 3602 2052 3690 undecumque

401 3707 599 3771 venientium
611 3715 636 3786 Β,
670 3729 744 3770 cum
767 3709 855 3770 omni
878 3708 1016 3790 ripatico
1040 3706 1165 3791 prefate
1189 3706 1325 3789 ecclesie
1350 3705 1471 3771 donare
1494 3716 1593 3792 atque
1621 3706 1801 3771 concedere
1830 3706 2050 3791 dignaremur.

402 3809 502 3874 Cuius
531 3809 682 3894 precibus
710 3831 880 3874 assensum
902 3808 1076 3895 prebentes
1099 3820 1132 3874 et
1153 3811 1370 3876 interventum
1393 3809 1483 3895 apud
1506 3810 1603 3876 deum
1625 3809 1805 3875 beatissimi
1828 3810 1970 3875 martiris
1993 3831 2050 3894 op-

292 3969 293 3972 ,
400 3924 508 3978 tentes
530 3934 679 3978 necnon
701 3913 944 3978 etfidelitstem
967 3912 1104 3999 predicti
1135 3914 1282 3998 episcopi
1311 3911 1556 3978 considerantes
1586 3914 1746 3979 donamus
1774 3913 1931 3998 largimur
1952 3921 2051 3998 atque

401 4017 612 4083 concedimus
642 4015 867 4082 constituereh
895 4026 1103 4103 pretaxatum
1131 4028 1307 4082 mercatum
1338 4027 1369 4080 et
1396 4015 1573 4082 hedificare
1602 4026 1732 4103 portum
1759 4019 1793 4081 in
1816 4018 2051 4101 prenominatis
2070 4041 2105 4091 30

400 4122 483 4186 locis
506 4143 581 4187 cum
605 4122 691 4185 omni
715 4119 866 4186 theloneo
890 4131 924 4185 et
944 4122 1083 4207 ripatico
1107 4121 1210 4206 ipsius
1233 4119 1387 4185 videlicet
1408 4122 1543 4186 mercati
1566 4129 1598 4185 et
1620 4131 1749 4206 portus,
1781 4127 1817 4184 ut
1839 4121 1912 4206 ipsa
1935 4130 2051 4184 sancta

306 4235 315 4256 ·
402 4224 454 4288 dei
478 4223 618 4289 ecclesia
639 4223 761 4288 habeat
783 4233 893 4290 teneat
915 4234 947 4288 et
968 4225 1095 4288 fruetur
1116 4223 1314 4308 firmiterque
1338 4222 1507 4309 possideat
1534 4226 1604 4288 iure
1632 4224 1863 4309 proprietario,
1892 4233 1925 4288 et
1955 4245 2050 4288 omne

400 4337 547 4392 nostrum
569 4329 725 4412 regnique
748 4329 852 4392 nostri
874 4329 925 4393 ius
949 4350 970 4393 a
993 4337 1105 4393 nostro
1129 4329 1198 4392 iure
1221 4339 1253 4393 et
1275 4329 1419 4393 dominio
1444 4337 1685 4415 sequestrantes
1700 4330 1735 4392 in
1750 4328 1897 4394 eiusdem
1912 4327 2050 4412 ecclesie

398 4429 487 4496 iurei
515 4441 547 4496 et
576 4430 720 4497 dominio
750 4432 1007 4497 transfundimus
1030 4441 1129 4518 atque
1159 4431 1365 4517 delegamus,
1401 4434 1489 4497 omni
1513 4441 1626 4496 nostra
1648 4443 1898 4517 nostrorumque
1920 4439 2050 4496 contra-

401 4533 542 4598 dictione
565 4543 597 4597 et
618 4533 843 4620 inquietudine
864 4544 1001 4600 remota.
1048 4535 1235 4602 Statuentes
1263 4539 1374 4623 itaque
1403 4537 1600 4622 precipimus
1623 4545 1659 4600 ut
1681 4535 1789 4601 nullus
1813 4535 1881 4601 dux
1904 4533 2105 4604 marchione

399 4659 508 4701 comes
531 4638 715 4701 vicecomes
745 4636 954 4703 sculdasius*
982 4639 1164 4724 gastaldius
1194 4651 1251 4706 eut
1274 4641 1384 4726 aliqua
1407 4641 1498 4725 regni
1521 4641 1623 4704 nostri
1646 4661 1767 4724 magns
1789 4661 1956 4724 parvaque
1979 4661 2050 4725 per·

402 4763 483 4806 sona
506 4741 547 4806 de
570 4739 726 4826 predictis
748 4744 900 4807 mercatis
923 4743 975 4808 vel
998 4743 1134 4809 teloneis
1157 4754 1255 4830 atque
1278 4754 1374 4829 portu
1396 4752 1429 4807 et
1446 4745 1592 4828 ripaticis
1608 4743 1789 4808 influmine
1806 4741 1879 4808 Olei
1902 4744 2051 4807 statutis¹

401 4844 545 4931 aliquem
568 4844 757 4910 violentiam
787 4847 912 4930 prefate
942 4857 1054 4931 sancte
1078 4847 1130 4913 dei
1153 4846 1289 4930 ecclesie
1313 4847 1522 4930 Pergamensi
1545 4847 1664 4911 inferre
1686 4857 1744 4912 aut
1767 4846 2052 4912 diminorationem

401 4949 509 5013 iacere
533 4951 601 5012 sive
625 4948 768 5034 aliquam
791 4948 957 5035 publicam
979 4951 1181 5016 functionem
1203 4951 1334 5033 exigere
1357 4949 1485 5015 audeat.
1522 4951 1646 5036 Siquis
1665 4951 1771 5034 igitur,
1796 4949 1885 5035 quod
1907 4948 2051 5014 futurum

399 5076 553 5119 essenon
572 5053 778 5137 eredimusn,
804 5053 870 5120 ulla
892 5057 983 5139 regni
1005 5057 1108 5120 nostri
1131 5076 1252 5139 magna
1275 5076 1442 5140 parvaque
1465 5076 1606 5139 persona
1628 5054 1723 5118 buius
1746 5063 1855 5138 nostre
1878 5053 2050 5117 institutio·
2070 5071 2105 5119 ιο

399 5159 450 5222 nis
473 5168 663 5244 preceptum
684 5156 808 5222 violare
831 5159 943 5223 autin
966 5159 1076 5245 aliquo
1108 5157 1333 5223 contradicere
1361 5159 1583 5242 temptaverit,
1619 5160 1701 5222 sciat
1730 5179 1765 5221 se
1792 5157 2051 5241 compositurum

398 5263 470 5326 auri
494 5263 607 5346 optimi
631 5261 731 5326 libras
755 5269 895 5341 centum,
919 5260 1127 5327 medietatem
1150 5283 1279 5326 camere
1301 5270 1411 5344 nostre
1435 5270 1468 5326 et
1482 5262 1691 5327 medietatem
1706 5262 1831 5347 prefate
1848 5271 1960 5345 sancte
1975 5261 2050 5325 Per·
2078 5348 2079 5351 Ἴ

487 5467 545 5522 364.
574 5467 815 5536 [magor-sarar]
903 5470 930 5530 a)
950 5468 1012 5519 otro
1032 5475 1059 5520 et
1076 5469 1138 5520 Otto
1158 5469 1183 5521 d.
1201 5470 1219 5518 t.
1239 5471 1270 5519 el.
1290 5472 1461 5534 imperatores
1480 5467 1625 5536 angustiB
1711 5469 1739 5532 b>
1760 5485 1804 5520 eas
1818 5468 1844 5519 Β
1930 5469 1956 5528 c)
1973 5468 2052 5519 nobis

572 5540 628 5589 iore
645 5536 716 5600 fehlt
734 5540 763 5586 iss
781 5536 807 5587 Β
905 5539 933 5598 d)
952 5538 1096 5589 Sisininnm
1114 5537 1141 5588 Β
1240 5543 1263 5598 e)
1284 5539 1487 5589 Monasteriolos
1506 5537 1532 5588 Β
1630 5538 1650 5602 l)
1671 5538 1694 5587 Β
1792 5540 1819 5605 g)
1840 5537 2008 5588 venientibus
2025 5535 2052 5586 Β

575 5608 601 5669 h)
621 5611 758 5658 restituere
771 5606 797 5657 Β
883 5609 902 5669 ἱ)
915 5605 985 5670 sebit
1003 5609 1031 5655 s'n
1046 5607 1072 5657 B
1158 5607 1187 5670 lr)
1206 5607 1353 5658 sculdasios
1367 5606 1393 5657 B
1481 5609 1501 5670 Ι)
1520 5607 1552 5657 de
1570 5607 1703 5673 predictos
1722 5613 1851 5658 mercatos
1869 5606 1912 5657 vel
1931 5607 2051 5657 teloneos
2070 5605 2104 5653 45

575 5682 654 5742 stqne
671 5682 749 5743 portu
767 5681 794 5727 et
811 5677 936 5740 ripaticos
954 5678 971 5725 i.
991 5676 1008 5726 i.
1027 5675 1059 5728 0.
1077 5681 1190 5727 statutos
1208 5675 1234 5725 Β
1323 5675 1358 5741 ιιι)
1375 5674 1454 5726 credo
1473 5675 1507 5727 Β.
