4560 6420
410 396 471 460 198
685 387 691 410 ⁸
1006 401 1455 460 nmssauanuuneu.

513 588 647 658 Verfosst
669 589 732 646 uod
751 589 936 662 qesebriebea
957 605 1012 645 eoa
1035 585 1096 646 ΒΟ.
1135 587 1241 644 Isdem
1264 586 1414 646 disseris
1436 587 1487 644 der
1504 586 1698 661 Berecbnanp
1721 589 1774 646 der
1787 588 2070 661 Reyierunquabre

511 693 576 751 desa
591 692 735 764 Beispiels
750 692 800 750 des
815 690 882 750 BA.
899 691 982 764 folet,
1003 692 1074 764 sebe
1087 691 1134 748 5⁶7,
1149 695 1211 751 949
1228 708 1281 748 um
1295 707 1327 750 so
1341 689 1423 748 near
1439 690 1496 748 des
1514 691 1639 764 Versus,
1663 691 1702 749 da
1724 692 1833 750 diesem
1849 690 1948 750 Jahre
1970 694 2067 748 anter

509 795 667 854 Anuolsme
688 813 743 853 eon
771 810 805 854 x.
829 794 885 855 kal.
910 795 969 854 dec.
999 794 1047 852 die
1074 795 1207 866 doppelte
1232 795 1520 868 Tapesbezeiebaunq
1549 797 1724 868 erdspricbt;
1752 812 1775 855 s.
1799 796 1941 868 abriperis
1965 795 2065 854 Beitr.

509 919 567 958 aar
588 900 774 973 Deplorriutib
798 901 826 970 6,
850 901 912 959 435
935 899 966 970 ff.
990 898 1055 957 aad
1076 899 1178 957 Mittis.
1203 899 1253 958 des
1275 903 1378 958 osterr.
1402 899 1542 958 Instituta
1563 903 1594 970 2,
1617 903 1691 958 272.

511 1086 569 1167 (0.)
593 1085 607 1167 ξ
628 1085 666 1148 In
689 1087 820 1150 nomine
844 1094 976 1148 sanctae
998 1093 1031 1147 et
1052 1083 1241 1148 individuae
1262 1085 1427 1149 trinitatis.
1469 1083 1547 1149 Otto
1563 1084 1674 1149 divina
1688 1085 1867 1151 auxiliante
1883 1087 2099 1152 clementias

406 1213 475 1254 rex.
516 1275 520 1280 .
561 1191 719 1255 Noverint
742 1213 854 1256 omnes
876 1191 989 1256 fideles
1004 1192 1107 1254 nostri
1124 1197 1311 1275 praesentes
1328 1197 1361 1252 et
1375 1189 1485 1271 fiituri,
1509 1188 1650 1274 qualiter
1667 1211 1728 1253 nos
1743 1189 1757 1272 ᾗ
1771 1200 1852 1274 pro*
1873 1193 2063 1255 interventu

407 1293 499 1358 ducis
521 1296 624 1359 nostri
648 1292 829 1376 Ouonradi,
864 1296 933 1358 eius
967 1296 1115 1378 coniugis
1149 1292 1236 1358 filiae
1265 1304 1397 1357 nostrae
1420 1292 1611 1376 Liutgartae
1642 1293 1685 1357 ad
1708 1294 1904 1359 aecclesiam
1925 1297 1960 1359 in
1982 1295 2061 1360 loco

405 1399 459 1481 qui
483 1395 602 1461 dicitur
625 1395 856 1461 Continentiab
879 1406 1102 1462 constructam
1131 1419 1225 1462 omne
1254 1395 1424 1481 praedium
1454 1395 1542 1481 quod
1564 1396 1666 1460 Hatto
1691 1394 1913 1484 Aladramqne
1937 1399 2058 1462 fratres

403 1504 484 1586 ipsis
507 1504 673 1586 pertinens
695 1502 879 1567 habuerunt
900 1504 934 1566 in
957 1501 1041 1566 villis
1065 1524 1149 1587 quae
1173 1501 1324 1565 dicuntur
1345 1499 1446 1564 Bechi
1470 1510 1502 1563 et
1524 1498 1645 1564 Anicic
1667 1502 1764 1565 situm
1780 1503 1813 1565 in
1829 1524 1915 1587 pago
1933 1500 2060 1588 Ganipi

405 1608 438 1669 in
455 1608 611 1670 comitatu
627 1605 755 1671 Amulfi
778 1607 907 1692 illisque
925 1605 1079 1671 fratribus
1096 1605 1138 1670 ob
1154 1601 1406 1669 insedilitatemd
1429 1617 1542 1668 eorum
1557 1603 1719 1689 direptum
1733 1615 1929 1688 nostraeque
1943 1609 2060 1690 regiae
2081 1620 2115 1664 lo

406 1712 559 1793 potestati
582 1709 751 1774 redactum
774 1733 849 1776 eum
872 1709 1023 1774 omnihus
1047 1708 1175 1774 adhoc
1198 1710 1266 1772 iure
1289 1707 1542 1793 pertinentibus,
1578 1708 1736 1773 aedificiis
1765 1711 1939 1793 mancipiis
1969 1713 2060 1793 agris

409 1816 534 1900 pratis⁰
557 1817 689 1900 pascuis
711 1814 917 1896 molendinis,
940 1817 974 1878 in
997 1813 1228 1899 proprietatem
1252 1811 1457 1876 donavimus.
1488 1811 1532 1874 Et
1554 1822 1590 1876 nt
1606 1811 1687 1875 haec
1703 1823 1833 1876 nostrae
1849 1815 2060 1878 auctoritatis

407 1917 537 1983 traditio
557 1915 669 1983 factar
690 1917 732 1981 ad
755 1918 936 2002 praefatam
959 1916 1135 1980 aeclesiam
1157 1917 1190 1978 in
1213 1913 1335 1980 honore
1359 1925 1492 1978 sanctae
1508 1914 1632 1978 Mariae
1649 1913 1768 1979 Christi
1791 1917 2060 2002 confessorisque

407 2022 531 2086 Florini
557 2021 700 2085 dicatam
722 2031 754 2086 et
777 2020 820 2084 ad
842 2022 958 2086 fratres
981 2020 1061 2085 inibi
1085 2020 1146 2085 deo
1170 2021 1346 2084 servientes
1369 2019 1464 2082 firma
1487 2028 1686 2102 permaneat,
1710 2020 1862 2084 iussimus
1885 2020 1949 2084 hoc
1966 2043 2061 2106 prae·

407 2147 481 2188 sena
503 2133 713 2209 praeceptum
736 2124 899 2188 conscribi
922 2124 1074 2210 anulique
1097 2126 1200 2189 nostri
1222 2125 1457 2209 impraessione
1480 2122 1695 2187 corroborari.
2080 2142 2113 2187 15

509 2265 523 2347 ᾗ
546 2261 681 2345 Signum
704 2261 814 2326 domni
839 2260 976 2356 Ottonis⁸
992 2261 1057 2344 (Μ.)
1081 2264 1278 2326 serenissimi
1301 2263 1397 2346 regis.
1420 2261 1434 2342 Β

507 2364 521 2446 ξ
542 2364 633 2428 Brun
655 2364 869 2430 cancellarius
892 2364 1041 2430 advicem
1056 2364 1236 2430 Ruodberti
1260 2364 1511 2451 archicapellani
1534 2367 1709 2450 recognovi
1728 2376 1759 2429 et
1780 2362 1794 2444 l
1818 2365 1902 2446 (SR.)
1929 2368 1987 2446 (SI.
2006 2367 2060 2446 D.)

507 2501 597 2564 Data
619 2523 706 2566 anno
729 2501 913 2567 dominicae
935 2504 1169 2568 incarnationis
1192 2518 1301 2566 Dcccc
1370 2512 1394 2586 ⁸,
1417 2502 1595 2568 indictione
1660 2512 1684 2584 ⁸,
1707 2520 1732 2566 x
1775 2501 1879 2567 hhal.
1896 2502 2059 2587 decemb.‚

403 2605 485 2668 feria
508 2621 551 2686 v;
579 2615 688 2671 actum
710 2607 816 2671 Frosa
837 2606 980 2691 palati03
1004 2628 1090 2672 anno
1114 2623 1172 2670 xv.
1194 2607 1286 2689 regni
1308 2605 1442 2671 Ottonis
1464 2607 1601 2691 piissimi
1624 2607 1720 2689 regis.

1184 2795 1270 2867 116.
2079 2827 2114 2873 ao

412 2929 493 3006 Otto
516 2931 657 3005 sebeokt
678 2931 757 3004 dem
779 2931 925 3005 Kloster
946 2932 1153 3007 Reiebeeoa
1178 2933 1300 3005 seinse
1324 2932 1442 3006 Besitz
1468 2934 1509 3006 iu
1539 2930 1822 3032 Truebtelfiopen
1844 2931 1926 3005 aad
1951 2933 2061 3006 Tros·

402 3056 530 3152 stupea
551 3055 657 3127 sowie
679 3055 758 3127 eine
778 3054 911 3129 Kircbe
932 3082 978 3128 zu
1000 3055 1114 3152 Bury.
1591 3092 1725 3152 pam„
1747 3095 1810 3152 950
1833 3091 1961 3152 Juaaar
1985 3097 2014 3152 1.

510 3279 758 3354 Oripinaldiplom
779 3281 822 3338 im
841 3280 953 3352 praesb.
975 3278 1340 3339 Generui-Londesurebiv
1360 3298 1401 3338 eu
1422 3279 1589 3338 Karterube
1613 3278 1677 3358 (A).

506 3417 624 3492 Detinet
638 3419 711 3491 Req.
728 3417 805 3476 Bau.
823 3420 865 3476 86
879 3422 913 3475 a⁰
927 3418 970 3478 25
993 3435 1050 3476 aas
1066 3417 1103 3477 A.
1129 3449 1166 3460 —
1191 3418 1343 3478 Wirtemb.
1366 3418 1430 3478 ΠΒ.
1454 3423 1484 3488 1,
1506 3422 1569 3479 211
1593 3425 1627 3476 πθ
1641 3422 1706 3482 182
1727 3436 1782 3477 uus
1800 3417 1830 3476 A
1851 3437 1893 3476 su
1917 3422 1992 3480 949.
2017 3453 2062 3464 -

507 3519 636 3594 Stampf
652 3521 724 3594 Ray.
747 3523 821 3580 181.
2080 3551 2115 3598 25

508 3658 570 3717 Von
591 3659 658 3717 BA.
681 3656 809 3728 versusst
831 3659 895 3717 und
915 3660 1107 3732 sessuram.

505 3845 563 3926 (G.)
584 3848 598 3930 a
619 3845 658 3909 In
679 3847 811 3909 nomine
834 3854 967 3910 sanctae
989 3856 1022 3911 et
1044 3845 1231 3910 individuae
1255 3847 1417 3910 trinitatis.
1449 3843 1528 3910 Otto
1553 3844 1664 3910 divina
1686 3845 1865 3910 auxiliante
1880 3846 2061 3912 clementia

400 3972 470 4013 rex.
558 3948 693 4013 Noverit
715 3950 860 4012 omnium
882 3949 1027 4015 fidelium
1048 3961 1233 4014 nostrorum
1256 3952 1453 4035 presentium
1474 3971 1536 4013 nec
1552 3971 1617 4013 non
1633 3959 1665 4012 et
1679 3949 1859 4014 futurorum
1876 3952 2060 4034 sagacitas,

402 4051 542 4136 qualiter
569 4073 629 4116 nos
651 4048 665 4132 ξ
688 4052 849 4136 quasdam
875 4075 927 4116 res
956 4055 1164 4139 proprietatis
1193 4063 1303 4138 nostre
1333 4075 1354 4116 a
1376 4052 1522 4118 Lintolfo
1551 4062 1663 4117 nostro
1687 4051 1803 4116 dilecto
1826 4051 1894 4116 filio
1919 4055 2061 4139 eiusque

400 4153 602 4218 nobilisma²
623 4156 770 4239 coniuge,
794 4155 845 4218 Ita
868 4155 1021 4220 videlicet
1041 4158 1182 4239 nomine,
1205 4156 1342 4222 traditas
1366 4179 1425 4242 pro
1448 4157 1591 4221 remedio
1615 4158 1722 4240 anime
1744 4167 1853 4240 nostre
1876 4156 1931 4220 vel
1955 4159 2059 4222 otiam
2078 4181 2113 4229 so

402 4257 511 4322 dilecti
535 4256 628 4322 ducis
650 4260 754 4323 nostri
777 4258 872 4343 beate
895 4260 1048 4344 memorie
1071 4259 1263 4324 Herimanni
1287 4259 1331 4324 ad
1353 4260 1525 4325 ecelesiam
1549 4281 1610 4344 que
1629 4262 1726 4323 estin
1741 4258 1848 4323 insula
1865 4258 2059 4324 Sintliezes-

402 4382 489 4426 ovua
511 4362 544 4424 in
567 4360 690 4425 honore
712 4360 808 4446 beate
836 4361 938 4447 Marie
961 4361 1012 4426 dei
1036 4364 1202 4447 genitricis
1225 4372 1424 4446 constructa,
1451 4363 1507 4428 ubi
1529 4362 1725 4428 venerabilis
1748 4361 1852 4426 abbas
1868 4361 2058 4430 Alanuicus

400 4487 531 4550 preesse
554 4462 749 4547 dinoscitur,
784 4464 846 4530 hoc
874 4476 984 4530 nostre
1008 4468 1214 4531 auctoritatis
1237 4477 1393 4552 precepto
1417 4469 1648 4554 perpetualiter
1669 4470 1703 4532 in
1726 4469 1894 4553 proprium
1917 4490 2058 4533 conces-

401 4569 513 4650 simus,
535 4567 570 4632 id
592 4578 641 4632 est
665 4567 819 4654 quicquid
841 4570 876 4632 in
898 4567 976 4633 villa
999 4570 1226 4655 Truhtolfinga
1249 4571 1368 4636 habere
1384 4570 1577 4636 videbamur
1593 4593 1667 4637 cum
1685 4570 1834 4635 omnihus
1850 4570 2057 4656 appenditiis

401 4682 434 4734 et
455 4672 646 4736 adiacentiis
671 4673 737 4737 suis
759 4673 843 4736 iuste
866 4672 1075 4758 legitimeque
1096 4674 1174 4739 illue
1198 4673 1434 4760 pertinentibus
1464 4675 1584 4740 attale
1606 4677 1704 4740 etiam
1726 4673 1874 4760 predium
1898 4675 1996 4760 quale
2023 4679 2058 4742 in
2077 4699 2111 4746 aa

401 4773 479 4838 villa
501 4775 686 4859 Drossinga
708 4774 892 4859 habuimus,
915 4779 981 4841 iam
1004 4776 1047 4840 ad
1070 4777 1179 4842 locum
1202 4777 1346 4862 Nidinga
1368 4780 1542 4863 pertinens,
1566 4801 1641 4843 eum
1664 4779 1814 4844 omnibus
1837 4781 2059 4847 commodita-

401 4877 487 4943 tibus
509 4881 592 4944 ihste
615 4879 691 4944 illuc
714 4879 999 4964 asspicientihus⁸.
1044 4881 1096 4945 De
1126 4894 1234 4948 cetero
1265 4905 1342 4947 vero
1373 4882 1520 4947 dedimus
1549 4885 1583 4947 in
1606 4883 1816 4947 elemosinam
1838 4892 1990 4950 nostram
2014 4885 2061 4950 ad

402 4991 549 5064 sanctam
572 5005 701 5048 crucem
724 4985 757 5048 in
781 5006 846 5069 qua
869 4986 1001 5069 sanguis
1027 4985 1148 5050 domini
1179 4986 1253 5049 lesu
1278 4983 1398 5049 Christi
1422 4988 1621 5069 continetur,
1656 4986 1829 5051 eeclesiam
1850 5009 1955 5052 unam
1978 5011 2059 5055 eum

401 5083 535 5148 decimis
558 5087 591 5149 in
613 5085 687 5150 loeo
710 5087 801 5172 Burg
824 5086 911 5151 dicto
936 5098 1158 5154 constructam
1182 5089 1225 5154 ad
1247 5089 1463 5155 restauranda
1476 5089 1651 5154 luminaria
1668 5113 1730 5175 que
1747 5088 1930 5154 antedictus
1947 5091 2061 5158 abbas

488 5236 544 5290 11⁵.
572 5237 679 5306 [Sickel]
783 5241 810 5305 a)
827 5259 938 5320 eor—pro
957 5245 990 5293 ist
1006 5245 1105 5294 noma
1123 5261 1171 5295 nos
1187 5243 1276 5310 patilyt
1375 5245 1403 5307 b)
1421 5243 1621 5310 messanenses
1638 5261 1664 5295 m
1682 5245 1767 5294 radiet
1862 5247 1887 5308 c)
1907 5253 2060 5314 arspn's'sry-
2080 5251 2116 5298 40

571 5325 625 5374 licb
646 5329 673 5376 in
691 5327 755 5377 villa
773 5345 841 5393 quae
860 5331 891 5379 dr
908 5331 1005 5393 Baebi,
1032 5330 1105 5379 ἀαπη
1122 5345 1188 5382 corr.
1212 5330 1283 5380 villis
1305 5330 1361 5380 aad
1377 5330 1445 5380 narb
1467 5331 1550 5381 Bachi
1574 5331 1604 5381 in
1620 5330 1671 5380 den
1688 5329 1811 5394 huppen
1827 5329 1916 5381 Reum
1934 5331 1987 5382 dar
1999 5334 2061 5397 sul-

568 5395 651 5460 qenes
668 5397 714 5445 πιίι
731 5413 787 5446 zum
802 5396 875 5447 laea
892 5398 1078 5449 aasumensi
1093 5405 1217 5464 paetum
1229 5398 1393 5449 Baclntaben
1409 5416 1438 5449 so
1456 5399 1642 5465 dnqesehnben,
1661 5399 1723 5450 dass
1740 5397 1866 5449 maraht
1880 5400 1951 5451 anob
1968 5403 2061 5455 Aunic

569 5463 669 5528 peteres
686 5465 788 5515 toas-den
805 5466 875 5534 kann
980 5468 1008 5528 d)
1026 5466 1050 5516 A
1154 5471 1178 5528 a)
1198 5485 1246 5533 pra
1263 5483 1328 5519 eor-r.
1347 5485 1395 5518 aaa
1412 5484 1447 5533 pa
1550 5469 1570 5530 i)
1590 5469 1618 5518 fa
1636 5485 1701 5519 corr.
1719 5483 1765 5517 assa
1783 5468 1806 5516 ir
1911 5473 1940 5530 g)
1961 5488 2062 5522 imaus·

568 5531 674 5597 pastillis
691 5533 778 5584 Lsieke
881 5537 908 5600 h)
926 5535 993 5585 narb
1015 5535 1111 5586 diesem
1128 5535 1297 5587 biblaaicbea
1318 5538 1359 5587 eiu
1383 5537 1480 5587 lcleiner
1497 5537 1716 5599 Zwisebenraum,
1744 5535 1804 5586 aba·
1825 5535 1876 5586 das
1901 5537 2063 5604 Peryanseut

570 5618 599 5650 so
617 5601 763 5668 brachiidipt
781 5603 844 5654 dass
860 5605 915 5654 sa'eb
933 5604 1003 5656 nieht
1020 5620 1098 5670 sapen
1116 5604 1190 5667 itast,
1211 5606 1242 5655 ob
1259 5605 1325 5656 acob
1342 5608 1384 5656 ein
1401 5605 1570 5657 Zablsaiebeu
1581 5605 1664 5672 sulpio
1681 5605 1743 5656 oder
1759 5605 1837 5655 nicht.
2083 5614 2119 5660 45

489 5687 544 5741 ua
574 5688 682 5758 [smel]
786 5694 812 5755 a)
830 5692 862 5743 A,
