4554 6414
1006 403 1470 467 KAISERURKUNDEN:

513 595 738 655 Glucrtulcrium
761 612 900 667 serapeum
925 593 949 664 f.
974 589 1024 652 ὅθ’
1049 595 1090 650 im
1107 594 1197 652 bisch.
1222 590 1393 651 Aretissa
1416 589 1506 651 Oliar.
1541 590 1622 648 Alter
1644 591 1740 648 soeder
1762 593 1793 646 in
1816 590 1930 648 diesem
1947 585 2080 658 Copiol-

512 699 585 758 lmcli
614 699 685 756 nocis
714 698 880 770 uberhaupt
909 699 949 754 im
973 695 1089 756 Olourer
1110 695 1221 755 Archiv
1248 695 1325 766 sunit
1351 696 1414 754 sicle
1442 698 1507 754 eine
1534 693 1687 766 Absrbrill
1717 694 1809 753 dieses
1831 693 1871 752 D.
1905 690 1941 770 (s.
1972 689 2082 750 Siclrel

475 817 480 828 ’
514 801 674 861 &breciam
688 802 722 859 K
725 802 758 861 U.
774 799 840 878 27).
879 800 1012 874 Obeleich
1027 798 1124 871 Jaffes
1140 800 1237 858 coeloe
1257 798 1357 874 Quelle
1378 799 1459 856 nield
1482 797 1683 870 sesteristellca
1698 815 1768 868 reor,
1792 795 1928 871 empfold
1951 811 1987 856 es
2011 794 2080 854 sicit

511 908 607 978 ciulac
629 908 727 965 seiner
749 905 895 964 Issorion
918 903 964 982 (I)
989 904 1045 975 fiir
1066 905 1123 962 dea
1144 903 1248 962 Diues
1270 922 1310 961 eu
1333 905 1485 962 bceatecn.

615 1090 654 1155 In
682 1091 812 1156 nomine
841 1101 975 1155 sanetae
1003 1099 1035 1154 et
1062 1088 1250 1155 individuae
1279 1089 1444 1154 trinitatis.
1483 1088 1682 1153 Heinricus*
1705 1086 1815 1151 divina
1843 1086 1981 1152 favente
2007 1086 2117 1150 cle-5

409 1197 530 1261 mentia
552 1217 621 1260 rex.
709 1193 868 1259 Noverint
897 1217 1009 1260 omncs
1037 1192 1151 1257 fideles
1180 1195 1282 1258 nostri
1311 1201 1501 1276 praesentes
1533 1192 1658 1256 scilicet
1686 1201 1719 1256 ct
1745 1190 1861 1273 futuri,
1896 1192 1978 1275 quia
2009 1213 2077 1256 nos

409 1303 594 1365 interventu
609 1297 807 1363 venerabilis
830 1321 869 1362 ac
892 1297 1003 1362 dilecti
1027 1298 1155 1363 comitis
1177 1297 1281 1362 nostri
1296 1292 1450 1361 Arnollib
1472 1295 1637 1382 quandam
1660 1296 1832 1360 ecclesiam
1855 1296 1936 1360 iuris
1960 1295 2076 1360 nese-i

410 1407 443 1469 iu
464 1403 551 1468 valle
574 1403 730 1467 Eniatina
752 1402 785 1467 in
808 1403 966 1466 comitatu
980 1401 1174 1466 Bertheldi⁰
1196 1401 1325 1466 comitis
1348 1402 1451 1466 nostri
1473 1401 1507 1466 in
1530 1402 1603 1464 vieo
1627 1399 1743 1464 Sindes
1765 1409 1885 1464 vocato
1909 1421 1989 1464 eum
2015 1399 2075 1464 de-

410 1508 503 1571 cimis
531 1515 564 1570 et
592 1528 666 1570 cum
695 1503 845 1569 omnibus
873 1505 1083 1589 pertinenciis
1113 1505 1180 1568 suis
1208 1526 1268 1588 pro
1297 1526 1408 1569 amoro
1438 1504 1490 1569 dei
1518 1513 1550 1568 ct
1579 1513 1712 1568 aeterna
1734 1503 2002 1568 remuneratione
2025 1501 2075 1567 ad

410 1621 560 1676 sanctum
575 1610 744 1675 Florinum
767 1610 860 1673 cuius
883 1631 1002 1693 corpus
1025 1611 1058 1674 in
1074 1611 1147 1674 vico
1163 1609 1357 1674 Remusoiae
1379 1609 1563 1695 requiescit,
1587 1609 1656 1672 iure
1679 1603 1838 1692 perennid
1859 1608 1893 1670 in
1917 1609 2074 1692 proprie·
2096 1621 2132 1670 10

410 1723 511 1780 tatem
528 1714 763 1796 donavimus⁰;
786 1715 892 1798 ipsam
916 1734 1045 1799 quoque
1068 1712 1242 1777 ecclesiam
1266 1713 1371 1778 sancti
1386 1713 1511 1778 Florini
1534 1734 1608 1776 eum
1630 1713 1696 1775 ism
1720 1712 1943 1796 suprascripta
1960 1711 2074 1776 eccle-

411 1821 459 1883 sia
482 1817 612 1884 cuidam
635 1815 841 1903 prespiteror
861 1818 992 1882 nomine
1007 1817 1186 1902 Hartperto
1199 1825 1222 1898 ⁸,
1246 1837 1345 1901 quam
1363 1814 1613 1902 Reginuuardus
1636 1814 1768 1900 quidam
1791 1811 1978 1899 prespiterf
2001 1816 2073 1880 iam

411 1921 537 2008 pridem
560 1943 634 1986 cum
656 1919 759 2005 regali
783 1929 960 2006 praecepto
983 1919 1157 2005 posseditll
1180 1923 1308 2008 ipsique
1330 1923 1441 2007 nepoti
1465 1943 1523 1985 suo
1546 1919 1693 2004 reliquit,
1725 1941 1786 1984 nos
1809 1919 1925 1983 iterum
1949 1941 2073 2004 peren-

410 2027 494 2090 niter
522 2023 755 2111 possidendam
784 2023 1073 2088 confirmavimus⁰
1094 2048 1169 2090 cum
1199 2024 1349 2091 omnibus
1378 2026 1587 2110 pertinenciis
1617 2025 1699 2105 suis,
1735 2045 1808 2087 cum
1833 2021 2007 2087 curtibusi
2038 2032 2074 2087 et

411 2128 582 2194 curtilibus
604 2127 764 2193 aedificiis
786 2128 959 2212 mancipiis
982 2129 1071 2212 agris
1093 2131 1198 2213 pratis
1220 2130 1353 2214 pascuis
1371 2129 1476 2192 vineis
1499 2126 1590 2192 silvis
1612 2129 1707 2212 aquis
1730 2147 1930 2212 aquarumve
1949 2126 2073 2192 decur-
2095 2141 2131 2189 15

411 2233 502 2298 sibus
525 2231 656 2298 molinis
679 2229 810 2316 alpibus
832 2231 929 2295 cultis
952 2240 985 2296 et
1006 2232 1138 2297 incultis
1161 2232 1305 2298 exitibus
1327 2241 1360 2297 et
1383 2230 1587 2316 regressibus
1615 2232 1772 2317 quaesitis
1795 2240 1828 2295 et
1849 2232 2074 2316 inquirendis,

412 2359 486 2402 oum
502 2337 582 2401 fisco
599 2335 640 2400 de
656 2336 729 2420 ipsa
744 2333 830 2399 valle
847 2344 879 2399 ct
894 2357 968 2400 eum
992 2337 1152 2401 universis
1175 2336 1348 2422 adipsum
1371 2335 1608 2422 pertinentibus
1631 2332 1776 2400 locum*
1809 2335 1970 2399 Iussimus
1989 2358 2075 2420 quo-

412 2463 475 2527 que
497 2441 559 2506 hoc
582 2447 713 2505 nostrae
742 2439 947 2504 auctoritatis
976 2449 1187 2524 praeceptum
1215 2439 1291 2505 inde
1314 2438 1477 2506 conscribi
1500 2461 1558 2524 per
1581 2437 1669 2525 quod
1690 2438 1841 2504 volumus
1863 2437 2074 2525 firmiterque

412 2546 570 2626 iubemus,
595 2550 755 2628 quatenus
778 2542 945 2626 praefatus
969 2542 1153 2628 prespiter‘
1173 2542 1390 2630 Hartpertus¹
1413 2544 1454 2610 de
1478 2545 1709 2630 suprascriptis
1730 2551 1861 2608 nostrae
1880 2543 2075 2628 largitionis

412 2647 559 2715 ecclesiis
583 2656 615 2713 et
637 2647 718 2712 locis
742 2645 877 2710 liberam
900 2656 998 2732 atquc
1022 2671 1171 2715 securam
1200 2658 1311 2714 teneat
1338 2658 1534 2734 potestatem
1562 2647 1704 2712 habendi
1733 2646 1876 2712 donandi
1898 2647 2074 2714 vendendi
2094 2659 2131 2706 20

413 2776 469 2818 seu
490 2750 652 2838 'quicquid
683 2750 744 2814 sibi
773 2749 904 2815 libuerit
933 2750 1085 2816 faciendi.
1123 2752 1166 2816 Et
1195 2761 1231 2816 ut
1258 2751 1341 2817 haec
1369 2753 1548 2817 auctoritas
1575 2763 1688 2817 nostra
1711 2751 1837 2816 stabilis
1860 2761 2074 2837 permaneat,

411 2879 510 2921 manu
532 2865 645 2921 nostra
668 2853 782 2919 subtus
805 2876 878 2918 eam
901 2853 1102 2919 firmavimus
1126 2864 1158 2919 et
1180 2854 1312 2921 anulom
1334 2865 1446 2921 nostro
1469 2856 1615 2940 insigniri
1639 2857 1875 2941 praecepimus.

514 2994 650 3080 Signum
673 2993 783 3058 domni
796 3003 810 3032 ¹¹
833 2993 979 3058 Heinrici
1004 2995 1069 3076 (M.)
1095 2995 1293 3059 serenissimi
1315 2996 1412 3080 regis.

514 3098 628 3164 Simon
648 3099 797 3164 notarius
819 3096 970 3163 advicem
993 3097 1161 3163 Hiltibcrti
1185 3097 1441 3184 archicapellani
1463 3099 1664 3184 recognovit.

513 3237 603 3302 Data
622 3255 654 3302 v.
678 3235 752 3301 idus
776 3235 870 3323 april.
894 3259 979 3303 anno
1003 3238 1237 3303 iucarnationis
1268 3236 1414 3303 domini⁰
1443 3252 1645 3320 nccccxxrs,
1680 3237 1793 3303 indict.
1816 3255 1873 3322 111,
1903 3250 2073 3323 regnante
2092 3260 2128 3308 25

413 3341 569 3408 Heinrico
592 3339 735 3426 glorioso
758 3363 835 3426 rege
858 3363 944 3407 anno
967 3358 1007 3424 x3
1030 3351 1139 3407 actum
1162 3342 1429 3424 Frauoonovurt3
1452 3341 1590 3407 feliciter
1612 3343 1645 3407 in
1668 3341 1719 3406 dei
1741 3342 1872 3408 nomine
1895 3364 2006 3409 amen.

1207 3531 1268 3606 23.

412 3670 586 3745 Heinrich
622 3672 782 3771 bestdtigt
816 3671 886 3745 don
921 3670 1153 3748 Cououilcorm
1188 3671 1253 3744 dor
1284 3671 1550 3745 Morieulcirulte
1583 3672 1623 3744 iu
1650 3672 1714 3744 der
1740 3671 1928 3746 Aoclzeuer'
1955 3672 2072 3773 Pfclz

413 3790 471 3864 die
498 3791 606 3865 iliaca
632 3818 702 3865 voa
729 3793 851 3867 aciaco
878 3791 1114 3892 Vorqituyemc
1140 3792 1401 3891 zsegciruescaen
1426 3792 1642 3891 Eialeiiustc.

1657 3915 1776 3976 Aaclien
1799 3921 1862 3978 930
1885 3917 1969 3977 Jtmi
1992 3921 2022 3978 5.
2090 3933 2125 3980 30

515 4088 583 4148 Lib.
601 4088 704 4162 prust.
730 4089 759 4149 S.
784 4089 907 4148 Murice
929 4086 1078 4163 Aquessis
1101 4107 1157 4149 (iris
1181 4089 1246 4147 doru
1269 4089 1355 4148 Enete
1378 4089 1428 4148 des
1451 4091 1502 4148 12.
1526 4087 1579 4150 Ju.
1608 4088 1632 4159 f.
1657 4094 1678 4150 8
1706 4091 1738 4148 in
1765 4089 1818 4148 der
1845 4090 1873 4148 le.
1897 4053 2072 4150 Bibliothcl·

513 4213 553 4251 ru
576 4193 682 4253 Berlin
707 4191 770 4273 (A).
794 4227 835 4236 —
859 4191 1035 4266 Copiolbuclr
1059 4211 1115 4253 ores
1138 4193 1191 4252 der
1221 4197 1318 4252 ersten
1345 4191 1451 4263 Heilste
1478 4191 1528 4252 cles
1557 4198 1607 4253 13.
1631 4193 1684 4254 Ji.
1712 4193 1736 4264 f.
1761 4189 1790 4252 4'
1812 4193 1853 4253 im
1877 4193 2072 4254 Stodturolsio

515 4315 554 4356 eu
577 4296 697 4356 Aeeten
720 4293 784 4375 (B).

518 4429 598 4503 Quis
622 4424 684 4487 01).
700 4425 831 4501 lquere.
857 4431 885 4497 1,
911 4431 986 4486 7u⁰
1001 4432 1042 4487 10
1065 4446 1121 4486 uus
1144 4429 1180 4486 B.
1205 4463 1247 4472 -
1269 4427 1437 4487 Irworublet
1459 4427 1665 4488 Niederrlieie.
1688 4427 1751 4489 ΗΒ.
1776 4433 1805 4500 1,
1830 4431 1870 4489 49
1894 4433 1928 4487 u⁰
1942 4433 1985 4490 89
2009 4448 2070 4489 aas

515 4532 544 4590 B
567 4555 607 4584 =
632 4531 755 4590 Wolters
777 4530 845 4591 Not.
870 4531 937 4591 hist.
960 4532 1276 4592 surRectlreie2123
1298 4535 1382 4605 Μ·
1406 4531 1462 4591 (dle
1484 4533 1538 4591 mit
1560 4549 1627 4592 non.
1652 4532 1702 4592 iul.
1726 4566 1767 4576 —
1791 4531 1920 4607 Stampf
1930 4534 2005 4608 Res.
2021 4538 2069 4596 28
2087 4545 2121 4593 8⁵

513 4654 553 4693 su
577 4635 647 4693 Juli
671 4640 699 4695 7.

516 4765 763 4826 Wchrsclreinlicb
784 4783 839 4823 vim
859 4764 963 4825 Simon
985 4765 1094 4824 distiti.
1128 4765 1194 4824 Dus
1214 4765 1413 4824 Vereubteiss
1431 4765 1482 4824 der
1500 4765 1569 4826 Orte
1584 4767 1622 4826 ist
1638 4765 1770 4837 efferebar
1784 4765 1836 4825 der
1856 4766 1919 4828 VU.
1937 4765 2069 4842 Amolss

514 4869 644 4928 Bohrner
664 4869 734 4928 RK.
759 4873 845 4928 1042
866 4869 1010 4939 callebat,
1044 4871 1083 4928 ist
1099 4869 1204 4944 jedocb
1226 4871 1290 4930 bier
1312 4887 1364 4928 uin
1387 4869 1451 4928 drei
1476 4869 1546 4929 Orto
1575 4871 1718 4930 imnrcbrt
1748 4869 1873 4929 worden.
1897 4905 1940 4914 —
1969 4873 2068 4934 Wcmr

515 4989 609 5032 annus
625 4974 706 5048 regui
722 4988 755 5034 x.
773 4974 852 5032 eiciet
873 4972 1226 5047 Ueberliescruupsseliler
1247 4975 1295 5044 ist,
1318 4991 1350 5033 so
1372 4974 1422 5032 liet
1445 4991 1516 5033 moe
1538 4977 1571 5033 in
1593 4975 1646 5035 der
1662 4973 1791 5034 Kartalo-t
1811 4973 1875 5045 cus
1893 4975 1950 5034 den
1974 4977 2070 5038 turso

517 5078 580 5136 Zeit
603 5096 695 5136 sutor
718 5079 932 5152 eingetretezcn
954 5079 1142 5152 &amisarius
1163 5098 1203 5137 su
1225 5080 1328 5138 (sieten
1349 5081 1544 5140 oerobsi'iumt.
1674 5145 1687 5159 Ι
2088 5098 2123 5146 40

618 5247 658 5311 In
680 5249 810 5312 nomine
833 5259 946 5316 sancte
969 5258 1001 5313 et
1023 5247 1191 5313 individue
1214 5249 1378 5315 trinitatis.
1406 5250 1580 5315 Heinricus
1603 5249 1714 5314 divina
1736 5248 1866 5314 favente
1890 5248 2070 5318 clementia

414 5372 484 5413 rex.
563 5351 699 5416 Noverit
723 5353 865 5417 emnium
887 5352 1032 5418 fidelium
1054 5363 1239 5418 nostrorum
1263 5356 1462 5440 presentium
1485 5354 1610 5419 scilicet
1633 5363 1665 5418 et
1687 5353 1868 5418 futurorum
1891 5354 2070 5441 industris,

516 5501 558 5556 22.
586 5503 694 5572 [Uhlirz]
776 5509 802 5568 a)
821 5508 952 5558 Esuriens
970 5509 997 5558 B
1072 5509 1099 5568 1))
1119 5509 1219 5560 Amulli
1239 5510 1265 5559 Β
1334 5511 1359 5572 c)
1379 5509 1552 5560 Berhtaldil
1618 5509 1646 5572 d)
1665 5508 1715 5569 BI,
1733 5506 1904 5574 perhennis
1976 5515 2003 5574 e)
2024 5513 2071 5564 do·

584 5590 679 5626 namus
697 5573 880 5627 continuamus
899 5577 945 5632 ΒΙ
1028 5577 1099 5640 ql,
1121 5582 1282 5644 proespitero
1301 5577 1337 5641 A,
1361 5580 1514 5645 presbytero
1533 5578 1560 5628 B
1645 5581 1673 5646 g)
1692 5579 1830 5644 Nartperto
1849 5576 1876 5626 B
1966 5579 2071 5643 1031,

585 5644 736 5696 iusseditA
827 5647 847 5712 i)
865 5646 922 5710 BI,
945 5647 1065 5697 cursibus
1082 5644 1108 5698 A
1194 5649 1222 5710 k)
1241 5649 1301 5699 loca
1320 5647 1389 5699 AB!
1463 5649 1491 5712 ‚l)
1508 5649 1653 5714 Norpertus
1672 5647 1698 5697 B
1784 5648 1820 5707 m)
1840 5645 1869 5711 Ι,
1894 5650 1998 5701 annulo
2020 5651 2073 5703 AB
2091 5658 2128 5706 45

585 5713 613 5780 n)
632 5714 656 5776 1,
674 5715 773 5766 domini
792 5713 822 5778 A,
841 5718 870 5766 ia
887 5715 914 5766 B
926 5715 996 5779 fehlt
1013 5717 1123 5782 Signum
1136 5743 1168 5753 -
1182 5719 1251 5783 regis
1339 5716 1366 5782 e)
1383 5711 1442 5779 731,
1461 5717 1609 5768 dominicae
1628 5715 1658 5770 Α
