<?xml version="1.0" encoding="UTF-8"?>
<!DOCTYPE html PUBLIC "-//W3C//DTD XHTML 1.0 Transitional//EN"
    "http://www.w3.org/TR/xhtml1/DTD/xhtml1-transitional.dtd">
<html xmlns="http://www.w3.org/1999/xhtml" xml:lang="en" lang="en">
 <head>
  <title>
</title>
<meta http-equiv="Content-Type" content="text/html;charset=utf-8" />
  <meta name='ocr-system' content='tesseract 3.04.00' />
  <meta name='ocr-capabilities' content='ocr_page ocr_carea ocr_par ocr_line ocrx_word'/>
</head>
<body>
  <div class='ocr_page' id='page_1' title='image "./monumentagerman00gescgoog/monumentagerman00gescgoog_0288.png"; bbox 0 0 4500 6428; ppageno 0'>
   <div class='ocr_carea' id='block_1_1' title="bbox 869 414 1828 482">
    <p class='ocr_par' dir='ltr' id='par_1_1' title="bbox 869 414 1828 482">
     <span class='ocr_line' id='line_1_1' title="bbox 869 414 1828 482; baseline 0 -2"><span class='ocrx_word' id='word_1_1' title='bbox 869 423 994 480; x_wconf 83' lang='grc' dir='ltr'><strong>ΟΤΤΟ</strong></span> <span class='ocrx_word' id='word_1_2' title='bbox 1017 424 1040 479; x_wconf 93' lang='lat'><strong>1.</strong></span> <span class='ocrx_word' id='word_1_3' title='bbox 1064 421 1136 482; x_wconf 87' lang='grc'><em>956.</em></span> <span class='ocrx_word' id='word_1_4' title='bbox 1764 414 1828 480; x_wconf 82' lang='grc'><em>259</em></span> 
     </span>
    </p>
   </div>
   <div class='ocr_carea' id='block_1_2' title="bbox 144 600 1827 1313">
    <p class='ocr_par' dir='ltr' id='par_1_2' title="bbox 177 600 1827 1000">
     <span class='ocr_line' id='line_1_2' title="bbox 180 600 1827 692; baseline 0.003 -27"><span class='ocrx_word' id='word_1_5' title='bbox 180 611 212 665; x_wconf 91' lang='lat' dir='ltr'><strong>et</strong></span> <span class='ocrx_word' id='word_1_6' title='bbox 235 600 408 667; x_wconf 80' lang='lat' dir='ltr'><strong>salubriter</strong></span> <span class='ocrx_word' id='word_1_7' title='bbox 436 601 476 666; x_wconf 90' lang='lat' dir='ltr'><strong>de</strong></span> <span class='ocrx_word' id='word_1_8' title='bbox 505 612 592 668; x_wconf 85' lang='lat' dir='ltr'><strong>statu</strong></span> <span class='ocrx_word' id='word_1_9' title='bbox 619 607 711 688; x_wconf 86' lang='lat' dir='ltr'><strong>regni</strong></span> <span class='ocrx_word' id='word_1_10' title='bbox 741 606 845 669; x_wconf 81' lang='lat' dir='ltr'><strong>nostri</strong></span> <span class='ocrx_word' id='word_1_11' title='bbox 874 605 1045 671; x_wconf 89' lang='lat' dir='ltr'><strong>tractando</strong></span> <span class='ocrx_word' id='word_1_12' title='bbox 1077 605 1118 670; x_wconf 94' lang='lat' dir='ltr'><strong>ob</strong></span> <span class='ocrx_word' id='word_1_13' title='bbox 1149 606 1366 671; x_wconf 81' lang='lat' dir='ltr'><strong>interventum</strong></span> <span class='ocrx_word' id='word_1_14' title='bbox 1393 604 1510 690; x_wconf 75' lang='lat' dir='ltr'><strong>dilecte</strong></span> <span class='ocrx_word' id='word_1_15' title='bbox 1540 606 1688 692; x_wconf 83' lang='lat' dir='ltr'><strong>coniugis</strong></span> <span class='ocrx_word' id='word_1_16' title='bbox 1709 616 1827 692; x_wconf 19' lang='lat' dir='ltr'><strong>&#39;nostre</strong></span> 
     </span>
     <span class='ocr_line' id='line_1_3' title="bbox 179 706 1827 795; baseline 0.002 -24"><span class='ocrx_word' id='word_1_17' title='bbox 179 706 360 792; x_wconf 71' lang='lat' dir='ltr'><strong>Adelheide</strong></span> <span class='ocrx_word' id='word_1_18' title='bbox 388 707 566 772; x_wconf 80' lang='lat' dir='ltr'><strong>venerabili</strong></span> <span class='ocrx_word' id='word_1_19' title='bbox 597 717 709 792; x_wconf 74' lang='lat' dir='ltr'><strong>sancte</strong></span> <span class='ocrx_word' id='word_1_20' title='bbox 738 709 1031 784; x_wconf 87' lang='lat' dir='ltr'><strong>Laureshamensis</strong></span> <span class='ocrx_word' id='word_1_21' title='bbox 1059 711 1196 795; x_wconf 67' lang='lat' dir='ltr'><strong>eeclesiq</strong></span> <span class='ocrx_word' id='word_1_22' title='bbox 1225 708 1337 773; x_wconf 92' lang='lat' dir='ltr'><strong>abbati</strong></span> <span class='ocrx_word' id='word_1_23' title='bbox 1362 706 1551 772; x_wconf 80' lang='lat' dir='ltr'><strong>Gerbodoni</strong></span> <span class='ocrx_word' id='word_1_24' title='bbox 1582 707 1627 772; x_wconf 92' lang='lat' dir='ltr'><strong>ad</strong></span> <span class='ocrx_word' id='word_1_25' title='bbox 1654 709 1827 775; x_wconf 79' lang='lat' dir='ltr'><strong>utilitatem</strong></span> 
     </span>
     <span class='ocr_line' id='line_1_4' title="bbox 177 811 1827 899; baseline 0.002 -24"><span class='ocrx_word' id='word_1_26' title='bbox 177 812 315 877; x_wconf 78' lang='lat' dir='ltr'><strong>fratrum</strong></span> <span class='ocrx_word' id='word_1_27' title='bbox 344 811 465 876; x_wconf 90' lang='lat' dir='ltr'><strong>ibidem</strong></span> <span class='ocrx_word' id='word_1_28' title='bbox 494 811 554 875; x_wconf 91' lang='lat' dir='ltr'><strong>deo</strong></span> <span class='ocrx_word' id='word_1_29' title='bbox 584 811 834 876; x_wconf 84' lang='lat' dir='ltr'><strong>deservientium</strong></span> <span class='ocrx_word' id='word_1_30' title='bbox 864 813 899 875; x_wconf 94' lang='lat' dir='ltr'><strong>in</strong></span> <span class='ocrx_word' id='word_1_31' title='bbox 927 812 1069 898; x_wconf 88' lang='lat' dir='ltr'><strong>quadam</strong></span> <span class='ocrx_word' id='word_1_32' title='bbox 1096 812 1242 878; x_wconf 89' lang='lat' dir='ltr'><strong>eiusdem</strong></span> <span class='ocrx_word' id='word_1_33' title='bbox 1264 811 1391 877; x_wconf 88' lang='lat' dir='ltr'><strong>cenobii</strong></span> <span class='ocrx_word' id='word_1_34' title='bbox 1414 811 1493 876; x_wconf 90' lang='lat' dir='ltr'><strong>villa</strong></span> <span class='ocrx_word' id='word_1_35' title='bbox 1516 836 1578 899; x_wconf 75' lang='lat' dir='ltr'><strong>quq</strong></span> <span class='ocrx_word' id='word_1_36' title='bbox 1600 813 1827 878; x_wconf 89' lang='lat' dir='ltr'><strong>Basinesheim</strong></span> 
     </span>
     <span class='ocr_line' id='line_1_5' title="bbox 181 914 1826 1000; baseline 0.001 -22"><span class='ocrx_word' id='word_1_37' title='bbox 181 915 314 998; x_wconf 85' lang='lat' dir='ltr'><strong>dicitur,</strong></span> <span class='ocrx_word' id='word_1_38' title='bbox 348 914 496 1000; x_wconf 90' lang='lat' dir='ltr'><strong>publicas</strong></span> <span class='ocrx_word' id='word_1_39' title='bbox 519 916 735 980; x_wconf 83' lang='lat' dir='ltr'><strong>mercationes</strong></span> <span class='ocrx_word' id='word_1_40' title='bbox 758 914 828 979; x_wconf 91' lang='lat' dir='ltr'><strong>fieri</strong></span> <span class='ocrx_word' id='word_1_41' title='bbox 851 919 1083 981; x_wconf 80' lang='lat' dir='ltr'><strong>concessimus.</strong></span> <span class='ocrx_word' id='word_1_42' title='bbox 1128 918 1172 982; x_wconf 87' lang='lat' dir='ltr'><strong>Et</strong></span> <span class='ocrx_word' id='word_1_43' title='bbox 1194 927 1230 982; x_wconf 90' lang='lat' dir='ltr'><strong>ut</strong></span> <span class='ocrx_word' id='word_1_44' title='bbox 1249 916 1313 980; x_wconf 89' lang='lat' dir='ltr'><strong>boc</strong></span> <span class='ocrx_word' id='word_1_45' title='bbox 1336 916 1554 1000; x_wconf 77' lang='lat' dir='ltr'><strong>munificentie</strong></span> <span class='ocrx_word' id='word_1_46' title='bbox 1576 926 1686 1000; x_wconf 79' lang='lat' dir='ltr'><strong>nostre</strong></span> <span class='ocrx_word' id='word_1_47' title='bbox 1709 939 1826 981; x_wconf 92' lang='lat' dir='ltr'><strong>munus</strong></span> 
     </span>
    </p>

    <p class='ocr_par' dir='ltr' id='par_1_3' title="bbox 144 1017 1826 1313">
     <span class='ocr_line' id='line_1_6' title="bbox 144 1017 1826 1105; baseline 0.005 -29"><span class='ocrx_word' id='word_1_48' title='bbox 144 1019 284 1083; x_wconf 78' lang='lat' dir='ltr'><strong>aeidem</strong></span> <span class='ocrx_word' id='word_1_49' title='bbox 313 1017 424 1082; x_wconf 90' lang='lat' dir='ltr'><strong>abbati</strong></span> <span class='ocrx_word' id='word_1_50' title='bbox 455 1020 585 1104; x_wconf 90' lang='lat' dir='ltr'><strong>suisque</strong></span> <span class='ocrx_word' id='word_1_51' title='bbox 614 1017 859 1083; x_wconf 89' lang='lat' dir='ltr'><strong>successoribus</strong></span> <span class='ocrx_word' id='word_1_52' title='bbox 890 1018 1007 1084; x_wconf 88' lang='lat' dir='ltr'><strong>stabile</strong></span> <span class='ocrx_word' id='word_1_53' title='bbox 1035 1031 1066 1084; x_wconf 94' lang='lat' dir='ltr'><strong>et</strong></span> <span class='ocrx_word' id='word_1_54' title='bbox 1094 1023 1326 1086; x_wconf 88' lang='lat' dir='ltr'><strong>inconcussum</strong></span> <span class='ocrx_word' id='word_1_55' title='bbox 1355 1028 1546 1105; x_wconf 89' lang='lat' dir='ltr'><strong>permaneat</strong></span> <span class='ocrx_word' id='word_1_56' title='bbox 1566 1041 1628 1085; x_wconf 89' lang='lat' dir='ltr'><strong>nec</strong></span> <span class='ocrx_word' id='word_1_57' title='bbox 1649 1019 1692 1083; x_wconf 93' lang='lat' dir='ltr'><strong>ab</strong></span> <span class='ocrx_word' id='word_1_58' title='bbox 1716 1019 1826 1104; x_wconf 88' lang='lat' dir='ltr'><strong>aliquo</strong></span> 
     </span>
     <span class='ocr_line' id='line_1_7' title="bbox 177 1120 1824 1209; baseline -0.001 -23"><span class='ocrx_word' id='word_1_59' title='bbox 177 1145 236 1207; x_wconf 90' lang='lat' dir='ltr'><strong>per</strong></span> <span class='ocrx_word' id='word_1_60' title='bbox 259 1120 467 1186; x_wconf 90' lang='lat' dir='ltr'><strong>succedentia</strong></span> <span class='ocrx_word' id='word_1_61' title='bbox 494 1130 642 1208; x_wconf 88' lang='lat' dir='ltr'><strong>tempora</strong></span> <span class='ocrx_word' id='word_1_62' title='bbox 664 1122 773 1186; x_wconf 85' lang='lat' dir='ltr'><strong>valcat</strong></span> <span class='ocrx_word' id='word_1_63' title='bbox 801 1122 975 1204; x_wconf 83' lang='lat' dir='ltr'><strong>infirmari,</strong></span> <span class='ocrx_word' id='word_1_64' title='bbox 1009 1123 1072 1187; x_wconf 92' lang='lat' dir='ltr'><strong>hoc</strong></span> <span class='ocrx_word' id='word_1_65' title='bbox 1103 1146 1236 1208; x_wconf 87' lang='lat' dir='ltr'><strong>presens</strong></span> <span class='ocrx_word' id='word_1_66' title='bbox 1266 1132 1455 1209; x_wconf 88' lang='lat' dir='ltr'><strong>preceptum</strong></span> <span class='ocrx_word' id='word_1_67' title='bbox 1486 1122 1648 1188; x_wconf 88' lang='lat' dir='ltr'><strong>conscribi</strong></span> <span class='ocrx_word' id='word_1_68' title='bbox 1676 1135 1708 1186; x_wconf 90' lang='lat' dir='ltr'><strong>et</strong></span> <span class='ocrx_word' id='word_1_69' title='bbox 1737 1122 1824 1187; x_wconf 90' lang='lat' dir='ltr'><strong>anuli</strong></span> 
     </span>
     <span class='ocr_line' id='line_1_8' title="bbox 176 1226 1542 1313; baseline 0.001 -23"><span class='ocrx_word' id='word_1_70' title='bbox 176 1228 278 1290; x_wconf 82' lang='lat' dir='ltr'><strong>nostri</strong></span> <span class='ocrx_word' id='word_1_71' title='bbox 302 1226 515 1310; x_wconf 89' lang='lat' dir='ltr'><strong>impressione</strong></span> <span class='ocrx_word' id='word_1_72' title='bbox 540 1227 659 1309; x_wconf 89' lang='lat' dir='ltr'><strong>signari</strong></span> <span class='ocrx_word' id='word_1_73' title='bbox 683 1227 838 1291; x_wconf 89' lang='lat' dir='ltr'><strong>iussimus</strong></span> <span class='ocrx_word' id='word_1_74' title='bbox 861 1235 892 1289; x_wconf 92' lang='lat' dir='ltr'><strong>et</strong></span> <span class='ocrx_word' id='word_1_75' title='bbox 915 1248 1013 1291; x_wconf 88' lang='lat' dir='ltr'><strong>manu</strong></span> <span class='ocrx_word' id='word_1_76' title='bbox 1036 1229 1167 1313; x_wconf 87' lang='lat' dir='ltr'><strong>propria</strong></span> <span class='ocrx_word' id='word_1_77' title='bbox 1195 1227 1309 1292; x_wconf 83' lang='lat' dir='ltr'><strong>subtus</strong></span> <span class='ocrx_word' id='word_1_78' title='bbox 1330 1227 1542 1292; x_wconf 88' lang='lat' dir='ltr'><strong>firmavimus.</strong></span> 
     </span>
    </p>
   </div>
   <div class='ocr_carea' id='block_1_3' title="bbox 278 1360 1327 1553">
    <p class='ocr_par' dir='ltr' id='par_1_4' title="bbox 278 1360 1327 1553">
     <span class='ocr_line' id='line_1_9' title="bbox 281 1360 1136 1449; baseline 0.001 -21"><span class='ocrx_word' id='word_1_79' title='bbox 281 1362 417 1448; x_wconf 89' lang='lat' dir='ltr'><strong>Signum</strong></span> <span class='ocrx_word' id='word_1_80' title='bbox 440 1360 550 1427; x_wconf 92' lang='lat' dir='ltr'><strong>domni</strong></span> <span class='ocrx_word' id='word_1_81' title='bbox 575 1361 706 1428; x_wconf 91' lang='lat' dir='ltr'><strong>Ottonis</strong></span> <span class='ocrx_word' id='word_1_82' title='bbox 731 1365 796 1445; x_wconf 79' lang='lat' dir='ltr'><strong>(M.)</strong></span> <span class='ocrx_word' id='word_1_83' title='bbox 822 1365 1018 1429; x_wconf 89' lang='lat' dir='ltr'><strong>serenissimi</strong></span> <span class='ocrx_word' id='word_1_84' title='bbox 1040 1367 1136 1449; x_wconf 90' lang='lat' dir='ltr'><strong>regis.</strong></span> 
     </span>
     <span class='ocr_line' id='line_1_10' title="bbox 278 1464 1327 1553; baseline 0.005 -25"><span class='ocrx_word' id='word_1_85' title='bbox 278 1465 443 1530; x_wconf 89' lang='lat' dir='ltr'><strong>Liutolfus</strong></span> <span class='ocrx_word' id='word_1_86' title='bbox 466 1464 616 1530; x_wconf 87' lang='lat' dir='ltr'><strong>advicem</strong></span> <span class='ocrx_word' id='word_1_87' title='bbox 639 1466 839 1532; x_wconf 90' lang='lat' dir='ltr'><strong>Willehelmi</strong></span> <span class='ocrx_word' id='word_1_88' title='bbox 863 1468 1117 1553; x_wconf 83' lang='lat' dir='ltr'><strong>archicapellani</strong></span> <span class='ocrx_word' id='word_1_89' title='bbox 1139 1472 1327 1552; x_wconf 86' lang='lat' dir='ltr'><strong>recognovi.</strong></span> 
     </span>
    </p>
   </div>
   <div class='ocr_carea' id='block_1_4' title="bbox 127 1602 1826 1690">
    <p class='ocr_par' dir='ltr' id='par_1_5' title="bbox 127 1602 1826 1690">
     <span class='ocr_line' id='line_1_11' title="bbox 127 1602 1826 1690; baseline 0.005 -29"><span class='ocrx_word' id='word_1_90' title='bbox 127 1615 159 1661; x_wconf 85' lang='lat'><strong>10</strong></span> <span class='ocrx_word' id='word_1_91' title='bbox 281 1602 370 1666; x_wconf 88' lang='lat' dir='ltr'><strong>Data</strong></span> <span class='ocrx_word' id='word_1_92' title='bbox 400 1619 449 1666; x_wconf 91' lang='lat'><strong>111.</strong></span> <span class='ocrx_word' id='word_1_93' title='bbox 479 1624 554 1667; x_wconf 92' lang='lat' dir='ltr'><strong>non.</strong></span> <span class='ocrx_word' id='word_1_94' title='bbox 585 1606 691 1668; x_wconf 91' lang='lat' dir='ltr'><strong>martii</strong></span> <span class='ocrx_word' id='word_1_95' title='bbox 722 1627 808 1670; x_wconf 91' lang='lat' dir='ltr'><strong>anno</strong></span> <span class='ocrx_word' id='word_1_96' title='bbox 842 1605 1086 1688; x_wconf 87' lang='lat' dir='ltr'><strong>[incarnationis</strong></span> <span class='ocrx_word' id='word_1_97' title='bbox 1117 1605 1238 1671; x_wconf 91' lang='lat' dir='ltr'><strong>domini</strong></span> <span class='ocrx_word' id='word_1_98' title='bbox 1268 1609 1370 1672; x_wconf 86' lang='lat' dir='ltr'><strong>nostri</strong></span> <span class='ocrx_word' id='word_1_99' title='bbox 1400 1608 1476 1672; x_wconf 88' lang='lat' dir='ltr'><strong>Iesu</strong></span> <span class='ocrx_word' id='word_1_100' title='bbox 1498 1604 1618 1671; x_wconf 81' lang='lat' dir='ltr'><strong>Christi</strong></span> <span class='ocrx_word' id='word_1_101' title='bbox 1645 1622 1826 1690; x_wconf 72' lang='lat' dir='ltr'><strong>peccem,</strong></span> 
     </span>
    </p>
   </div>
   <div class='ocr_carea' id='block_1_5' title="bbox 176 1706 1825 1878">
    <p class='ocr_par' dir='ltr' id='par_1_6' title="bbox 176 1706 1825 1878">
     <span class='ocr_line' id='line_1_12' title="bbox 176 1706 1825 1795; baseline 0.004 -25"><span class='ocrx_word' id='word_1_102' title='bbox 176 1706 352 1771; x_wconf 88' lang='lat' dir='ltr'><strong>indictione</strong></span> <span class='ocrx_word' id='word_1_103' title='bbox 376 1723 456 1789; x_wconf 84' lang='lat' dir='ltr'><strong>xm,</strong></span> <span class='ocrx_word' id='word_1_104' title='bbox 488 1718 645 1792; x_wconf 86' lang='lat' dir='ltr'><strong>regnanto</strong></span> <span class='ocrx_word' id='word_1_105' title='bbox 668 1710 723 1794; x_wconf 94' lang='lat' dir='ltr'><strong>pio</strong></span> <span class='ocrx_word' id='word_1_106' title='bbox 746 1732 822 1794; x_wconf 88' lang='lat' dir='ltr'><strong>rege</strong></span> <span class='ocrx_word' id='word_1_107' title='bbox 846 1709 967 1777; x_wconf 90' lang='lat' dir='ltr'><strong>Ottone</strong></span> <span class='ocrx_word' id='word_1_108' title='bbox 990 1733 1076 1776; x_wconf 89' lang='lat' dir='ltr'><strong>anno</strong></span> <span class='ocrx_word' id='word_1_109' title='bbox 1101 1709 1221 1795; x_wconf 62' lang='lat' dir='ltr'><strong>mlh</strong></span> <span class='ocrx_word' id='word_1_110' title='bbox 1250 1722 1361 1776; x_wconf 89' lang='lat' dir='ltr'><strong>actum</strong></span> <span class='ocrx_word' id='word_1_111' title='bbox 1382 1714 1416 1776; x_wconf 91' lang='lat' dir='ltr'><strong>in</strong></span> <span class='ocrx_word' id='word_1_112' title='bbox 1438 1711 1695 1794; x_wconf 78' lang='lat' dir='ltr'><strong>Franconofurt3</strong></span> <span class='ocrx_word' id='word_1_113' title='bbox 1725 1710 1825 1776; x_wconf 79' lang='lat' dir='ltr'><strong>felici-</strong></span> 
     </span>
     <span class='ocr_line' id='line_1_13' title="bbox 176 1821 353 1878; baseline -0.011 0"><span class='ocrx_word' id='word_1_114' title='bbox 176 1821 225 1878; x_wconf 77' lang='lat' dir='ltr'><strong>ter</strong></span> <span class='ocrx_word' id='word_1_115' title='bbox 247 1832 353 1876; x_wconf 87' lang='lat' dir='ltr'><strong>amen.</strong></span> 
     </span>
    </p>
   </div>
   <div class='ocr_carea' id='block_1_6' title="bbox 960 2001 1044 2075">
    <p class='ocr_par' dir='ltr' id='par_1_7' title="bbox 960 2001 1044 2075">
     <span class='ocr_line' id='line_1_14' title="bbox 960 2001 1044 2075; baseline -0.012 0"><span class='ocrx_word' id='word_1_116' title='bbox 960 2001 1044 2075; x_wconf 82' lang='lat'><strong>178.</strong></span> 
     </span>
    </p>
   </div>
   <div class='ocr_carea' id='block_1_7' title="bbox 126 2155 1827 2376">
    <p class='ocr_par' dir='ltr' id='par_1_8' title="bbox 126 2155 1827 2376">
     <span class='ocr_line' id='line_1_15' title="bbox 183 2155 1827 2232; baseline -0.001 0"><span class='ocrx_word' id='word_1_117' title='bbox 183 2155 264 2232; x_wconf 89' lang='lat' dir='ltr'><strong>Otto</strong></span> <span class='ocrx_word' id='word_1_118' title='bbox 286 2156 427 2232; x_wconf 78' lang='lat' dir='ltr'><strong>scdeukt</strong></span> <span class='ocrx_word' id='word_1_119' title='bbox 448 2157 518 2230; x_wconf 81' lang='lat' dir='ltr'><strong>deo</strong></span> <span class='ocrx_word' id='word_1_120' title='bbox 541 2157 714 2229; x_wconf 64' lang='lat' dir='ltr'><strong>Bratdorn</strong></span> <span class='ocrx_word' id='word_1_121' title='bbox 737 2157 802 2230; x_wconf 84' lang='grc' dir='ltr'><strong>ἄεν</strong></span> <span class='ocrx_word' id='word_1_122' title='bbox 823 2157 955 2231; x_wconf 79' lang='lat' dir='ltr'><strong>Kircbe</strong></span> <span class='ocrx_word' id='word_1_123' title='bbox 978 2157 1038 2230; x_wconf 79' lang='lat' dir='ltr'><strong>das</strong></span> <span class='ocrx_word' id='word_1_124' title='bbox 1063 2158 1097 2231; x_wconf 80' lang='lat' dir='ltr'><strong>lt.</strong></span> <span class='ocrx_word' id='word_1_125' title='bbox 1121 2157 1249 2231; x_wconf 82' lang='lat' dir='ltr'><strong>Petrus</strong></span> <span class='ocrx_word' id='word_1_126' title='bbox 1275 2185 1321 2231; x_wconf 83' lang='lat' dir='ltr'><strong>zu</strong></span> <span class='ocrx_word' id='word_1_127' title='bbox 1346 2159 1485 2231; x_wconf 81' lang='lat' dir='ltr'><strong>Worms</strong></span> <span class='ocrx_word' id='word_1_128' title='bbox 1512 2159 1617 2231; x_wconf 79' lang='lat' dir='ltr'><strong>einen</strong></span> <span class='ocrx_word' id='word_1_129' title='bbox 1643 2157 1745 2231; x_wconf 78' lang='lat' dir='ltr'><strong>Tbed</strong></span> <span class='ocrx_word' id='word_1_130' title='bbox 1767 2157 1827 2231; x_wconf 84' lang='lat' dir='ltr'><strong>das</strong></span> 
     </span>
     <span class='ocr_line' id='line_1_16' title="bbox 126 2277 1781 2376; baseline 0 -26"><span class='ocrx_word' id='word_1_131' title='bbox 126 2304 157 2351; x_wconf 80' lang='lat' dir='ltr'><strong>rs</strong></span> <span class='ocrx_word' id='word_1_132' title='bbox 185 2278 326 2352; x_wconf 79' lang='lat' dir='ltr'><strong>Woldes</strong></span> <span class='ocrx_word' id='word_1_133' title='bbox 349 2279 405 2351; x_wconf 85' lang='lat' dir='ltr'><strong>bei</strong></span> <span class='ocrx_word' id='word_1_134' title='bbox 427 2277 693 2352; x_wconf 71' lang='lat' dir='ltr'><strong>Norshirakan.</strong></span> <span class='ocrx_word' id='word_1_135' title='bbox 1354 2317 1466 2376; x_wconf 54' lang='lat' dir='ltr'><strong>Imp,</strong></span> <span class='ocrx_word' id='word_1_136' title='bbox 1487 2350 1529 2360; x_wconf 72' lang='grc'><strong>,,</strong></span> <span class='ocrx_word' id='word_1_137' title='bbox 1552 2319 1616 2376; x_wconf 84' lang='lat'><strong>956</strong></span> <span class='ocrx_word' id='word_1_138' title='bbox 1638 2316 1730 2374; x_wconf 54' lang='lat' dir='ltr'><strong>Man,</strong></span> <span class='ocrx_word' id='word_1_139' title='bbox 1751 2319 1781 2376; x_wconf 80' lang='lat'><strong>8.</strong></span> 
     </span>
    </p>
   </div>
   <div class='ocr_carea' id='block_1_8' title="bbox 275 2501 1826 2686">
    <p class='ocr_par' dir='ltr' id='par_1_9' title="bbox 275 2501 1826 2686">
     <span class='ocr_line' id='line_1_17' title="bbox 279 2501 1826 2584; baseline 0.001 -23"><span class='ocrx_word' id='word_1_140' title='bbox 279 2501 526 2577; x_wconf 70' lang='lat' dir='ltr'><strong>Oripinoldaplom</strong></span> <span class='ocrx_word' id='word_1_141' title='bbox 548 2505 591 2561; x_wconf 86' lang='lat' dir='ltr'><strong>im</strong></span> <span class='ocrx_word' id='word_1_142' title='bbox 610 2505 723 2576; x_wconf 73' lang='lat' dir='ltr'><strong>prosali.</strong></span> <span class='ocrx_word' id='word_1_143' title='bbox 748 2504 949 2563; x_wconf 79' lang='lat' dir='ltr'><strong>Stootsorelrio</strong></span> <span class='ocrx_word' id='word_1_144' title='bbox 970 2523 1011 2562; x_wconf 70' lang='lat' dir='ltr'><strong>aa</strong></span> <span class='ocrx_word' id='word_1_145' title='bbox 1030 2505 1208 2563; x_wconf 74' lang='lat' dir='ltr'><strong>Damnstodt</strong></span> <span class='ocrx_word' id='word_1_146' title='bbox 1222 2503 1282 2584; x_wconf 76' lang='lat' dir='ltr'><strong>(A).</strong></span> <span class='ocrx_word' id='word_1_147' title='bbox 1305 2538 1348 2548; x_wconf 92' lang='lat'><em>-</em></span> <span class='ocrx_word' id='word_1_148' title='bbox 1371 2503 1505 2564; x_wconf 65' lang='lat' dir='ltr'><strong>&amp;hortat</strong></span> <span class='ocrx_word' id='word_1_149' title='bbox 1530 2506 1671 2564; x_wconf 80' lang='lat' dir='ltr'><strong>Wormot.</strong></span> <span class='ocrx_word' id='word_1_150' title='bbox 1695 2521 1752 2563; x_wconf 79' lang='lat' dir='ltr'><strong>aas</strong></span> <span class='ocrx_word' id='word_1_151' title='bbox 1774 2504 1826 2562; x_wconf 90' lang='grc' dir='ltr'><strong>ἄεν</strong></span> 
     </span>
     <span class='ocr_line' id='line_1_18' title="bbox 275 2606 1391 2686; baseline 0 -20"><span class='ocrx_word' id='word_1_152' title='bbox 275 2610 363 2667; x_wconf 84' lang='lat' dir='ltr'><strong>Mitte</strong></span> <span class='ocrx_word' id='word_1_153' title='bbox 385 2609 435 2667; x_wconf 82' lang='lat' dir='ltr'><strong>des</strong></span> <span class='ocrx_word' id='word_1_154' title='bbox 458 2612 509 2668; x_wconf 89' lang='grc'><em>12.</em></span> <span class='ocrx_word' id='word_1_155' title='bbox 534 2609 587 2668; x_wconf 84' lang='lat' dir='ltr'><strong>Jb.</strong></span> <span class='ocrx_word' id='word_1_156' title='bbox 611 2607 635 2680; x_wconf 78' lang='lat' dir='ltr'><strong>s.</strong></span> <span class='ocrx_word' id='word_1_157' title='bbox 659 2613 699 2668; x_wconf 86' lang='lat'><strong>31</strong></span> <span class='ocrx_word' id='word_1_158' title='bbox 724 2610 757 2666; x_wconf 79' lang='lat' dir='ltr'><strong>in</strong></span> <span class='ocrx_word' id='word_1_159' title='bbox 779 2610 831 2667; x_wconf 87' lang='grc' dir='ltr'><strong>ἄεν</strong></span> <span class='ocrx_word' id='word_1_160' title='bbox 852 2610 879 2667; x_wconf 82' lang='grc' dir='ltr'><strong>Ιν.</strong></span> <span class='ocrx_word' id='word_1_161' title='bbox 897 2609 1063 2668; x_wconf 77' lang='lat' dir='ltr'><strong>Bibliotbelr</strong></span> <span class='ocrx_word' id='word_1_162' title='bbox 1084 2628 1125 2666; x_wconf 76' lang='lat' dir='ltr'><strong>su</strong></span> <span class='ocrx_word' id='word_1_163' title='bbox 1148 2610 1308 2667; x_wconf 78' lang='grc' dir='ltr'><em>Ηαννννεεεν</em></span> <span class='ocrx_word' id='word_1_164' title='bbox 1329 2606 1391 2686; x_wconf 83' lang='lat'><strong>(0).</strong></span> 
     </span>
    </p>
   </div>
   <div class='ocr_carea' id='block_1_9' title="bbox 277 2743 1825 2922">
    <p class='ocr_par' dir='ltr' id='par_1_10' title="bbox 277 2743 1825 2922">
     <span class='ocr_line' id='line_1_19' title="bbox 277 2743 1825 2820; baseline -0.002 -12"><span class='ocrx_word' id='word_1_165' title='bbox 277 2747 427 2808; x_wconf 72' lang='lat' dir='ltr'><strong>Scaeuam</strong></span> <span class='ocrx_word' id='word_1_166' title='bbox 450 2748 529 2806; x_wconf 82' lang='lat' dir='ltr'><strong>Hist.</strong></span> <span class='ocrx_word' id='word_1_167' title='bbox 555 2749 664 2808; x_wconf 85' lang='lat' dir='ltr'><strong>Worm.</strong></span> <span class='ocrx_word' id='word_1_168' title='bbox 687 2751 724 2818; x_wconf 90' lang='grc'><em>2,</em></span> <span class='ocrx_word' id='word_1_169' title='bbox 747 2751 790 2808; x_wconf 87' lang='grc'><em>20</em></span> <span class='ocrx_word' id='word_1_170' title='bbox 812 2754 847 2805; x_wconf 75' lang='grc' dir='ltr'><strong>νεο</strong></span> <span class='ocrx_word' id='word_1_171' title='bbox 868 2752 911 2807; x_wconf 84' lang='grc'><em>29</em></span> <span class='ocrx_word' id='word_1_172' title='bbox 941 2764 997 2806; x_wconf 80' lang='lat' dir='ltr'><strong>aas</strong></span> <span class='ocrx_word' id='word_1_173' title='bbox 1020 2749 1056 2807; x_wconf 84' lang='grc' dir='ltr'><strong>Α.</strong></span> <span class='ocrx_word' id='word_1_174' title='bbox 1089 2780 1126 2790; x_wconf 97' lang='grc'>-</span> <span class='ocrx_word' id='word_1_175' title='bbox 1154 2747 1234 2820; x_wconf 63' lang='lat' dir='ltr'><strong>Oria.</strong></span> <span class='ocrx_word' id='word_1_176' title='bbox 1262 2747 1363 2818; x_wconf 64' lang='lat' dir='ltr'><strong>aaran.</strong></span> <span class='ocrx_word' id='word_1_177' title='bbox 1388 2752 1422 2818; x_wconf 77' lang='lat'><strong>4,</strong></span> <span class='ocrx_word' id='word_1_178' title='bbox 1445 2751 1512 2808; x_wconf 87' lang='grc'><strong>292</strong></span> <span class='ocrx_word' id='word_1_179' title='bbox 1537 2749 1615 2806; x_wconf 61' lang='grc' dir='ltr'><em>ννθ2</em></span> <span class='ocrx_word' id='word_1_180' title='bbox 1643 2762 1699 2804; x_wconf 81' lang='lat' dir='ltr'><strong>aas</strong></span> <span class='ocrx_word' id='word_1_181' title='bbox 1722 2743 1753 2805; x_wconf 81' lang='lat'><strong>0.</strong></span> <span class='ocrx_word' id='word_1_182' title='bbox 1783 2777 1825 2788; x_wconf 89' lang='lat'><em>-</em></span> 
     </span>
     <span class='ocr_line' id='line_1_20' title="bbox 277 2849 1582 2922; baseline -0.001 -15"><span class='ocrx_word' id='word_1_183' title='bbox 277 2849 407 2907; x_wconf 71' lang='lat' dir='ltr'><strong>Bahmer</strong></span> <span class='ocrx_word' id='word_1_184' title='bbox 427 2850 500 2922; x_wconf 70' lang='lat' dir='ltr'><strong>aer.</strong></span> <span class='ocrx_word' id='word_1_185' title='bbox 524 2853 597 2910; x_wconf 90' lang='grc'><em>210.</em></span> <span class='ocrx_word' id='word_1_186' title='bbox 624 2882 661 2891; x_wconf 98' lang='grc'>-</span> <span class='ocrx_word' id='word_1_187' title='bbox 686 2849 815 2921; x_wconf 71' lang='lat' dir='ltr'><strong>Stampf</strong></span> <span class='ocrx_word' id='word_1_188' title='bbox 830 2851 904 2922; x_wconf 71' lang='lat' dir='ltr'><strong>neq.</strong></span> <span class='ocrx_word' id='word_1_189' title='bbox 927 2853 1001 2909; x_wconf 88' lang='grc'><em>239.</em></span> <span class='ocrx_word' id='word_1_190' title='bbox 1025 2883 1068 2892; x_wconf 92' lang='grc'>-</span> <span class='ocrx_word' id='word_1_191' title='bbox 1094 2849 1174 2908; x_wconf 73' lang='lat' dir='ltr'><strong>Go&#39;rs</strong></span> <span class='ocrx_word' id='word_1_192' title='bbox 1196 2850 1389 2908; x_wconf 78' lang='lat' dir='ltr'><strong>Mittclrlreiu.</strong></span> <span class='ocrx_word' id='word_1_193' title='bbox 1412 2851 1485 2921; x_wconf 62' lang='lat' dir='ltr'><strong>Rea.</strong></span> <span class='ocrx_word' id='word_1_194' title='bbox 1510 2852 1582 2909; x_wconf 87' lang='grc'><em>962.</em></span> 
     </span>
    </p>
   </div>
   <div class='ocr_carea' id='block_1_10' title="bbox 274 2985 1827 3581">
    <p class='ocr_par' dir='ltr' id='par_1_11' title="bbox 274 2985 1827 3581">
     <span class='ocr_line' id='line_1_21' title="bbox 276 2985 1826 3060; baseline -0.002 -13"><span class='ocrx_word' id='word_1_195' title='bbox 276 2987 337 3047; x_wconf 85' lang='lat' dir='ltr'><strong>Die</strong></span> <span class='ocrx_word' id='word_1_196' title='bbox 364 2988 544 3060; x_wconf 66' lang='lat' dir='ltr'><strong>verlowerte</strong></span> <span class='ocrx_word' id='word_1_197' title='bbox 573 2987 686 3058; x_wconf 81' lang='lat' dir='ltr'><strong>Schrift</strong></span> <span class='ocrx_word' id='word_1_198' title='bbox 715 3006 771 3046; x_wconf 80' lang='lat' dir='ltr'><strong>con</strong></span> <span class='ocrx_word' id='word_1_199' title='bbox 799 2988 852 3046; x_wconf 84' lang='lat' dir='ltr'><strong>der</strong></span> <span class='ocrx_word' id='word_1_200' title='bbox 878 2988 972 3046; x_wconf 80' lang='grc' dir='ltr'><em>Ηννννᾶ</em></span> <span class='ocrx_word' id='word_1_201' title='bbox 1000 2988 1051 3046; x_wconf 84' lang='lat' dir='ltr'><strong>des</strong></span> <span class='ocrx_word' id='word_1_202' title='bbox 1079 2988 1163 3058; x_wconf 67' lang='lat' dir='ltr'><strong>BF„</strong></span> <span class='ocrx_word' id='word_1_203' title='bbox 1198 2989 1337 3046; x_wconf 79' lang='grc' dir='ltr'><em>νεᾶΙινενεᾶ</em></span> <span class='ocrx_word' id='word_1_204' title='bbox 1366 2986 1428 3047; x_wconf 78' lang='lat' dir='ltr'><strong>BC.</strong></span> <span class='ocrx_word' id='word_1_205' title='bbox 1458 2987 1514 3046; x_wconf 79' lang='lat' dir='ltr'><strong>dea</strong></span> <span class='ocrx_word' id='word_1_206' title='bbox 1538 2985 1660 3047; x_wconf 69' lang='lat' dir='ltr'><strong>context</strong></span> <span class='ocrx_word' id='word_1_207' title='bbox 1689 3004 1745 3045; x_wconf 79' lang='lat' dir='ltr'><strong>oon</strong></span> <span class='ocrx_word' id='word_1_208' title='bbox 1773 2987 1826 3044; x_wconf 90' lang='grc' dir='ltr'><strong>ἄεν</strong></span> 
     </span>
     <span class='ocr_line' id='line_1_22' title="bbox 276 3088 1825 3169; baseline -0.001 -19"><span class='ocrx_word' id='word_1_209' title='bbox 276 3094 306 3150; x_wconf 88' lang='grc'><strong>2.</strong></span> <span class='ocrx_word' id='word_1_210' title='bbox 334 3091 413 3149; x_wconf 77' lang='grc' dir='ltr'><strong>Ζεᾶε</strong></span> <span class='ocrx_word' id='word_1_211' title='bbox 441 3108 481 3148; x_wconf 84' lang='lat' dir='ltr'><strong>on</strong></span> <span class='ocrx_word' id='word_1_212' title='bbox 509 3091 573 3148; x_wconf 74' lang='lat' dir='ltr'><strong>mad</strong></span> <span class='ocrx_word' id='word_1_213' title='bbox 598 3092 647 3149; x_wconf 87' lang='lat' dir='ltr'><strong>dia</strong></span> <span class='ocrx_word' id='word_1_214' title='bbox 668 3090 821 3164; x_wconf 74' lang='lat' dir='ltr'><strong>Dotirarp</strong></span> <span class='ocrx_word' id='word_1_215' title='bbox 843 3091 963 3150; x_wconf 80' lang='lat' dir='ltr'><strong>schricb.</strong></span> <span class='ocrx_word' id='word_1_216' title='bbox 1010 3091 1079 3149; x_wconf 69' lang='lat' dir='ltr'><strong>Fur</strong></span> <span class='ocrx_word' id='word_1_217' title='bbox 1101 3091 1158 3149; x_wconf 82' lang='lat' dir='ltr'><strong>dea</strong></span> <span class='ocrx_word' id='word_1_218' title='bbox 1180 3093 1303 3149; x_wconf 73' lang='grc' dir='ltr'><em>ννεεὶίεη</em></span> <span class='ocrx_word' id='word_1_219' title='bbox 1327 3091 1413 3149; x_wconf 73' lang='lat' dir='ltr'><strong>Trete</strong></span> <span class='ocrx_word' id='word_1_220' title='bbox 1439 3088 1479 3169; x_wconf 91' lang='lat' dir='ltr'><strong>(in</strong></span> <span class='ocrx_word' id='word_1_221' title='bbox 1503 3108 1578 3165; x_wconf 84' lang='lat' dir='ltr'><strong>pago</strong></span> <span class='ocrx_word' id='word_1_222' title='bbox 1600 3091 1760 3165; x_wconf 85' lang='lat' dir='ltr'><strong>Nahgouue</strong></span> <span class='ocrx_word' id='word_1_223' title='bbox 1783 3123 1825 3132; x_wconf 98' lang='lat'>-</span> 
     </span>
     <span class='ocr_line' id='line_1_23' title="bbox 278 3193 1823 3273; baseline 0 -21"><span class='ocrx_word' id='word_1_224' title='bbox 278 3193 427 3272; x_wconf 87' lang='lat' dir='ltr'><strong>insigniri)</strong></span> <span class='ocrx_word' id='word_1_225' title='bbox 450 3195 514 3252; x_wconf 75' lang='lat' dir='ltr'><strong>rard</strong></span> <span class='ocrx_word' id='word_1_226' title='bbox 535 3195 591 3266; x_wconf 71' lang='lat' dir='ltr'><strong>far</strong></span> <span class='ocrx_word' id='word_1_227' title='bbox 612 3195 662 3252; x_wconf 82' lang='lat' dir='ltr'><strong>die</strong></span> <span class='ocrx_word' id='word_1_228' title='bbox 681 3195 959 3269; x_wconf 72' lang='lat' dir='ltr'><strong>Datiruapsformel</strong></span> <span class='ocrx_word' id='word_1_229' title='bbox 980 3198 1114 3254; x_wconf 74' lang='lat' dir='ltr'><strong>benatste</strong></span> <span class='ocrx_word' id='word_1_230' title='bbox 1137 3195 1199 3253; x_wconf 86' lang='lat' dir='ltr'><strong>BC.</strong></span> <span class='ocrx_word' id='word_1_231' title='bbox 1224 3195 1292 3255; x_wconf 82' lang='lat' dir='ltr'><strong>Do.</strong></span> <span class='ocrx_word' id='word_1_232' title='bbox 1310 3200 1351 3255; x_wconf 86' lang='lat'><strong>10</strong></span> <span class='ocrx_word' id='word_1_233' title='bbox 1376 3194 1441 3273; x_wconf 74' lang='lat' dir='ltr'><strong>(apl.</strong></span> <span class='ocrx_word' id='word_1_234' title='bbox 1464 3194 1532 3254; x_wconf 91' lang='lat' dir='ltr'><strong>DO.</strong></span> <span class='ocrx_word' id='word_1_235' title='bbox 1550 3193 1603 3273; x_wconf 84' lang='lat'><strong>51)</strong></span> <span class='ocrx_word' id='word_1_236' title='bbox 1628 3195 1673 3254; x_wconf 86' lang='lat' dir='ltr'><strong>als</strong></span> <span class='ocrx_word' id='word_1_237' title='bbox 1693 3195 1823 3268; x_wconf 74' lang='lat' dir='ltr'><strong>Vorloqc.</strong></span> 
     </span>
     <span class='ocr_line' id='line_1_24' title="bbox 274 3297 1827 3379; baseline 0.001 -23"><span class='ocrx_word' id='word_1_238' title='bbox 274 3297 341 3356; x_wconf 84' lang='lat' dir='ltr'><strong>Aus</strong></span> <span class='ocrx_word' id='word_1_239' title='bbox 364 3299 467 3371; x_wconf 72' lang='lat' dir='ltr'><strong>irqmd</strong></span> <span class='ocrx_word' id='word_1_240' title='bbox 489 3301 584 3357; x_wconf 77' lang='lat' dir='ltr'><strong>ciuem</strong></span> <span class='ocrx_word' id='word_1_241' title='bbox 605 3301 685 3357; x_wconf 77' lang='lat' dir='ltr'><strong>nicht</strong></span> <span class='ocrx_word' id='word_1_242' title='bbox 708 3301 909 3359; x_wconf 80' lang='lat' dir='ltr'><strong>ersiclrtlichca</strong></span> <span class='ocrx_word' id='word_1_243' title='bbox 927 3301 1052 3360; x_wconf 77' lang='lat' dir='ltr'><strong>Grande</strong></span> <span class='ocrx_word' id='word_1_244' title='bbox 1074 3301 1176 3359; x_wconf 83' lang='lat' dir='ltr'><strong>warde</strong></span> <span class='ocrx_word' id='word_1_245' title='bbox 1198 3302 1262 3359; x_wconf 81' lang='lat' dir='ltr'><strong>hier</strong></span> <span class='ocrx_word' id='word_1_246' title='bbox 1286 3300 1352 3379; x_wconf 73' lang='lat' dir='ltr'><strong>(apl.</strong></span> <span class='ocrx_word' id='word_1_247' title='bbox 1372 3301 1480 3360; x_wconf 72' lang='lat' dir='ltr'><strong>Fictor</strong></span> <span class='ocrx_word' id='word_1_248' title='bbox 1502 3301 1597 3359; x_wconf 84' lang='lat' dir='ltr'><strong>Beitr.</strong></span> <span class='ocrx_word' id='word_1_249' title='bbox 1620 3305 1652 3371; x_wconf 89' lang='grc'><em>2,</em></span> <span class='ocrx_word' id='word_1_250' title='bbox 1674 3299 1751 3378; x_wconf 83' lang='grc'><em>278)</em></span> <span class='ocrx_word' id='word_1_251' title='bbox 1774 3300 1827 3358; x_wconf 87' lang='grc' dir='ltr'><strong>ἄεν</strong></span> 
     </span>
     <span class='ocr_line' id='line_1_25' title="bbox 279 3400 1823 3476; baseline 0 -16"><span class='ocrx_word' id='word_1_252' title='bbox 279 3400 332 3460; x_wconf 89' lang='lat' dir='ltr'><strong>Ort</strong></span> <span class='ocrx_word' id='word_1_253' title='bbox 355 3401 408 3459; x_wconf 84' lang='lat' dir='ltr'><strong>der</strong></span> <span class='ocrx_word' id='word_1_254' title='bbox 435 3402 600 3475; x_wconf 71' lang='lat' dir='ltr'><strong>Huadlaap</strong></span> <span class='ocrx_word' id='word_1_255' title='bbox 628 3404 869 3476; x_wconf 64' lang='grc' dir='ltr'><em>ἄιενεονρεήοὸενν,</em></span> <span class='ocrx_word' id='word_1_256' title='bbox 904 3405 1044 3462; x_wconf 73' lang='grc' dir='ltr'><em>νεᾶὶινενεᾶ</em></span> <span class='ocrx_word' id='word_1_257' title='bbox 1071 3404 1118 3462; x_wconf 81' lang='lat' dir='ltr'><strong>die</strong></span> <span class='ocrx_word' id='word_1_258' title='bbox 1146 3403 1375 3476; x_wconf 73' lang='lat' dir='ltr'><strong>Bcarkuaduaq</strong></span> <span class='ocrx_word' id='word_1_259' title='bbox 1402 3405 1436 3462; x_wconf 78' lang='lat' dir='ltr'><strong>in</strong></span> <span class='ocrx_word' id='word_1_260' title='bbox 1463 3401 1636 3473; x_wconf 74' lang='lat' dir='ltr'><strong>Franksart</strong></span> <span class='ocrx_word' id='word_1_261' title='bbox 1664 3401 1823 3474; x_wconf 77' lang='lat' dir='ltr'><strong>stattsoad,</strong></span> 
     </span>
     <span class='ocr_line' id='line_1_26' title="bbox 276 3504 1324 3581; baseline 0.004 -19"><span class='ocrx_word' id='word_1_262' title='bbox 276 3522 321 3562; x_wconf 83' lang='lat' dir='ltr'><strong>wo</strong></span> <span class='ocrx_word' id='word_1_263' title='bbox 342 3504 394 3562; x_wconf 83' lang='lat' dir='ltr'><strong>der</strong></span> <span class='ocrx_word' id='word_1_264' title='bbox 416 3504 485 3576; x_wconf 78' lang='lat' dir='ltr'><strong>Hos</strong></span> <span class='ocrx_word' id='word_1_265' title='bbox 501 3506 576 3564; x_wconf 73' lang='lat' dir='ltr'><strong>mea</strong></span> <span class='ocrx_word' id='word_1_266' title='bbox 597 3505 664 3564; x_wconf 90' lang='lat' dir='ltr'><strong>DO.</strong></span> <span class='ocrx_word' id='word_1_267' title='bbox 688 3511 754 3566; x_wconf 84' lang='lat'><strong>177</strong></span> <span class='ocrx_word' id='word_1_268' title='bbox 774 3509 862 3566; x_wconf 76' lang='lat' dir='ltr'><strong>sodon</strong></span> <span class='ocrx_word' id='word_1_269' title='bbox 884 3510 939 3565; x_wconf 82' lang='lat' dir='ltr'><strong>scit</strong></span> <span class='ocrx_word' id='word_1_270' title='bbox 962 3510 1078 3580; x_wconf 61' lang='grc' dir='ltr'><strong>εἰπέμεν</strong></span> <span class='ocrx_word' id='word_1_271' title='bbox 1102 3509 1201 3581; x_wconf 60' lang='lat' dir='ltr'><strong>Taren</strong></span> <span class='ocrx_word' id='word_1_272' title='bbox 1223 3509 1324 3567; x_wconf 83' lang='lat' dir='ltr'><strong>weilte.</strong></span> 
     </span>
    </p>
   </div>
   <div class='ocr_carea' id='block_1_11' title="bbox 33 3690 1825 5030">
    <p class='ocr_par' dir='ltr' id='par_1_12' title="bbox 171 3690 1825 4091">
     <span class='ocr_line' id='line_1_27' title="bbox 277 3690 1825 3772; baseline 0.003 -19"><span class='ocrx_word' id='word_1_273' title='bbox 277 3691 335 3771; x_wconf 81' lang='lat' dir='ltr'><strong>(C.)</strong></span> <span class='ocrx_word' id='word_1_274' title='bbox 359 3690 374 3772; x_wconf 66' lang='lat' dir='ltr'><strong>l</strong></span> <span class='ocrx_word' id='word_1_275' title='bbox 395 3690 433 3754; x_wconf 94' lang='lat' dir='ltr'><strong>In</strong></span> <span class='ocrx_word' id='word_1_276' title='bbox 456 3693 586 3756; x_wconf 91' lang='lat' dir='ltr'><strong>nomine</strong></span> <span class='ocrx_word' id='word_1_277' title='bbox 610 3703 744 3757; x_wconf 88' lang='lat' dir='ltr'><strong>sanctae</strong></span> <span class='ocrx_word' id='word_1_278' title='bbox 766 3704 799 3757; x_wconf 89' lang='lat' dir='ltr'><strong>et</strong></span> <span class='ocrx_word' id='word_1_279' title='bbox 820 3693 1009 3758; x_wconf 86' lang='lat' dir='ltr'><strong>individuae</strong></span> <span class='ocrx_word' id='word_1_280' title='bbox 1032 3696 1195 3759; x_wconf 88' lang='lat' dir='ltr'><strong>trinitatis.</strong></span> <span class='ocrx_word' id='word_1_281' title='bbox 1242 3692 1320 3759; x_wconf 89' lang='lat' dir='ltr'><strong>Otto</strong></span> <span class='ocrx_word' id='word_1_282' title='bbox 1348 3693 1459 3759; x_wconf 91' lang='lat' dir='ltr'><strong>divina</strong></span> <span class='ocrx_word' id='word_1_283' title='bbox 1490 3695 1621 3759; x_wconf 87' lang='lat' dir='ltr'><strong>favente</strong></span> <span class='ocrx_word' id='word_1_284' title='bbox 1651 3694 1825 3759; x_wconf 86' lang='lat' dir='ltr'><strong>clementia</strong></span> 
     </span>
     <span class='ocr_line' id='line_1_28' title="bbox 171 3794 1824 3885; baseline 0.002 -27"><span class='ocrx_word' id='word_1_285' title='bbox 171 3816 240 3858; x_wconf 88' lang='lat' dir='ltr'><strong>rex.</strong></span> <span class='ocrx_word' id='word_1_286' title='bbox 327 3794 450 3859; x_wconf 92' lang='lat' dir='ltr'><strong>Notum</strong></span> <span class='ocrx_word' id='word_1_287' title='bbox 473 3797 514 3858; x_wconf 91' lang='lat' dir='ltr'><strong>sit</strong></span> <span class='ocrx_word' id='word_1_288' title='bbox 538 3796 689 3861; x_wconf 90' lang='lat' dir='ltr'><strong>omnibus</strong></span> <span class='ocrx_word' id='word_1_289' title='bbox 711 3795 861 3863; x_wconf 88' lang='lat' dir='ltr'><strong>fidelibus</strong></span> <span class='ocrx_word' id='word_1_290' title='bbox 884 3799 1005 3862; x_wconf 90' lang='lat' dir='ltr'><strong>nostris</strong></span> <span class='ocrx_word' id='word_1_291' title='bbox 1029 3798 1255 3883; x_wconf 88' lang='lat' dir='ltr'><strong>praesentibus</strong></span> <span class='ocrx_word' id='word_1_292' title='bbox 1277 3820 1419 3884; x_wconf 88' lang='lat' dir='ltr'><strong>namque</strong></span> <span class='ocrx_word' id='word_1_293' title='bbox 1445 3807 1478 3862; x_wconf 90' lang='lat' dir='ltr'><strong>et</strong></span> <span class='ocrx_word' id='word_1_294' title='bbox 1499 3801 1513 3885; x_wconf 62' lang='grc' dir='ltr'><strong>ξ</strong></span> <span class='ocrx_word' id='word_1_295' title='bbox 1535 3799 1660 3878; x_wconf 84' lang='lat' dir='ltr'><strong>futuris,</strong></span> <span class='ocrx_word' id='word_1_296' title='bbox 1686 3797 1824 3884; x_wconf 87' lang='lat' dir='ltr'><strong>qualiter</strong></span> 
     </span>
     <span class='ocr_line' id='line_1_29' title="bbox 171 3899 1824 3984; baseline 0.001 -22"><span class='ocrx_word' id='word_1_297' title='bbox 171 3920 232 3962; x_wconf 90' lang='lat' dir='ltr'><strong>nos</strong></span> <span class='ocrx_word' id='word_1_298' title='bbox 254 3919 313 3982; x_wconf 91' lang='lat' dir='ltr'><strong>per</strong></span> <span class='ocrx_word' id='word_1_299' title='bbox 341 3899 558 3963; x_wconf 89' lang='lat' dir='ltr'><strong>interventum</strong></span> <span class='ocrx_word' id='word_1_300' title='bbox 589 3899 706 3984; x_wconf 73' lang='lat' dir='ltr'><strong>dilecte</strong></span> <span class='ocrx_word' id='word_1_301' title='bbox 737 3901 885 3984; x_wconf 86' lang='lat' dir='ltr'><strong>coniugis</strong></span> <span class='ocrx_word' id='word_1_302' title='bbox 908 3909 1040 3965; x_wconf 89' lang='lat' dir='ltr'><strong>nostrae</strong></span> <span class='ocrx_word' id='word_1_303' title='bbox 1063 3899 1267 3965; x_wconf 86' lang='lat' dir='ltr'><strong>Adalheidae</strong></span> <span class='ocrx_word' id='word_1_304' title='bbox 1289 3900 1445 3965; x_wconf 85' lang='lat' dir='ltr'><strong>fratribus</strong></span> <span class='ocrx_word' id='word_1_305' title='bbox 1467 3903 1502 3965; x_wconf 90' lang='lat' dir='ltr'><strong>in</strong></span> <span class='ocrx_word' id='word_1_306' title='bbox 1523 3900 1724 3966; x_wconf 91' lang='lat' dir='ltr'><strong>Uuormacia</strong></span> <span class='ocrx_word' id='word_1_307' title='bbox 1746 3902 1824 3964; x_wconf 89' lang='lat' dir='ltr'><strong>civi·</strong></span> 
     </span>
     <span class='ocr_line' id='line_1_30' title="bbox 171 4000 1823 4091; baseline 0.001 -25"><span class='ocrx_word' id='word_1_308' title='bbox 171 4011 237 4066; x_wconf 86' lang='lat' dir='ltr'><strong>tate</strong></span> <span class='ocrx_word' id='word_1_309' title='bbox 260 4000 391 4065; x_wconf 92' lang='lat' dir='ltr'><strong>domino</strong></span> <span class='ocrx_word' id='word_1_310' title='bbox 414 4013 593 4089; x_wconf 87' lang='lat' dir='ltr'><strong>sanctoque</strong></span> <span class='ocrx_word' id='word_1_311' title='bbox 616 4003 711 4068; x_wconf 85' lang='lat' dir='ltr'><strong>Petro</strong></span> <span class='ocrx_word' id='word_1_312' title='bbox 735 4002 970 4068; x_wconf 85' lang='lat' dir='ltr'><strong>famulantibus</strong></span> <span class='ocrx_word' id='word_1_313' title='bbox 994 4002 1159 4088; x_wconf 89' lang='lat' dir='ltr'><strong>quandam</strong></span> <span class='ocrx_word' id='word_1_314' title='bbox 1180 4015 1307 4087; x_wconf 88' lang='lat' dir='ltr'><strong>partem</strong></span> <span class='ocrx_word' id='word_1_315' title='bbox 1331 4004 1432 4068; x_wconf 90' lang='lat' dir='ltr'><strong>silvae</strong></span> <span class='ocrx_word' id='word_1_316' title='bbox 1455 4026 1557 4091; x_wconf 88' lang='lat' dir='ltr'><strong>prope</strong></span> <span class='ocrx_word' id='word_1_317' title='bbox 1575 4002 1823 4069; x_wconf 83' lang='lat' dir='ltr'><strong>Oheuilunbahc</strong></span> 
     </span>
    </p>

    <p class='ocr_par' dir='ltr' id='par_1_13' title="bbox 120 4104 1824 4614">
     <span class='ocr_line' id='line_1_31' title="bbox 120 4104 1824 4196; baseline 0.003 -29"><span class='ocrx_word' id='word_1_318' title='bbox 120 4120 154 4166; x_wconf 83' lang='lat'><strong>30</strong></span> <span class='ocrx_word' id='word_1_319' title='bbox 171 4106 206 4168; x_wconf 91' lang='lat' dir='ltr'><strong>in</strong></span> <span class='ocrx_word' id='word_1_320' title='bbox 227 4104 300 4168; x_wconf 90' lang='lat' dir='ltr'><strong>loeo</strong></span> <span class='ocrx_word' id='word_1_321' title='bbox 326 4106 379 4190; x_wconf 89' lang='lat' dir='ltr'><strong>qui</strong></span> <span class='ocrx_word' id='word_1_322' title='bbox 404 4105 522 4169; x_wconf 89' lang='lat' dir='ltr'><strong>dicitur</strong></span> <span class='ocrx_word' id='word_1_323' title='bbox 544 4105 814 4189; x_wconf 89' lang='lat' dir='ltr'><strong>Niuunchiricha‚</strong></span> <span class='ocrx_word' id='word_1_324' title='bbox 849 4105 891 4170; x_wconf 91' lang='lat' dir='ltr'><strong>ab</strong></span> <span class='ocrx_word' id='word_1_325' title='bbox 924 4106 1070 4171; x_wconf 88' lang='lat' dir='ltr'><strong>orientali</strong></span> <span class='ocrx_word' id='word_1_326' title='bbox 1102 4106 1202 4192; x_wconf 85' lang='lat' dir='ltr'><strong>plaga</strong></span> <span class='ocrx_word' id='word_1_327' title='bbox 1231 4110 1442 4195; x_wconf 89' lang='lat' dir='ltr'><strong>incipientem</strong></span> <span class='ocrx_word' id='word_1_328' title='bbox 1464 4131 1483 4172; x_wconf 92' lang='lat' dir='ltr'><strong>a</strong></span> <span class='ocrx_word' id='word_1_329' title='bbox 1506 4111 1561 4172; x_wconf 89' lang='lat' dir='ltr'><strong>via</strong></span> <span class='ocrx_word' id='word_1_330' title='bbox 1584 4131 1667 4196; x_wconf 88' lang='lat' dir='ltr'><strong>quae</strong></span> <span class='ocrx_word' id='word_1_331' title='bbox 1691 4108 1824 4173; x_wconf 89' lang='lat' dir='ltr'><strong>ducita</strong></span> 
     </span>
     <span class='ocr_line' id='line_1_32' title="bbox 172 4193 1824 4306; baseline 0.005 -26"><span class='ocrx_word' id='word_1_332' title='bbox 172 4215 269 4281; x_wconf 92' lang='lat' dir='ltr'><strong>domo</strong></span> <span class='ocrx_word' id='word_1_333' title='bbox 293 4193 442 4281; x_wconf 59' lang='lat' dir='ltr'><strong>dodonis</strong></span> <span class='ocrx_word' id='word_1_334' title='bbox 470 4239 573 4302; x_wconf 92' lang='lat' dir='ltr'><strong>usque</strong></span> <span class='ocrx_word' id='word_1_335' title='bbox 602 4217 645 4280; x_wconf 91' lang='lat' dir='ltr'><strong>ad</strong></span> <span class='ocrx_word' id='word_1_336' title='bbox 674 4227 807 4302; x_wconf 85' lang='lat' dir='ltr'><strong>pontem</strong></span> <span class='ocrx_word' id='word_1_337' title='bbox 834 4218 1007 4285; x_wconf 87' lang='lat' dir='ltr'><strong>Riehemos</strong></span> <span class='ocrx_word' id='word_1_338' title='bbox 1030 4229 1062 4283; x_wconf 91' lang='lat' dir='ltr'><strong>et</strong></span> <span class='ocrx_word' id='word_1_339' title='bbox 1085 4218 1204 4283; x_wconf 85' lang='lat' dir='ltr'><strong>exinde</strong></span> <span class='ocrx_word' id='word_1_340' title='bbox 1227 4221 1395 4306; x_wconf 87' lang='lat' dir='ltr'><strong>usquead</strong></span> <span class='ocrx_word' id='word_1_341' title='bbox 1418 4220 1617 4306; x_wconf 76' lang='lat' dir='ltr'><strong>Morbrugga</strong></span> <span class='ocrx_word' id='word_1_342' title='bbox 1640 4231 1672 4285; x_wconf 90' lang='lat' dir='ltr'><strong>et</strong></span> <span class='ocrx_word' id='word_1_343' title='bbox 1695 4244 1824 4288; x_wconf 90' lang='lat' dir='ltr'><strong>sursum</strong></span> 
     </span>
     <span class='ocr_line' id='line_1_33' title="bbox 171 4313 1823 4409; baseline 0.005 -28"><span class='ocrx_word' id='word_1_344' title='bbox 171 4318 309 4382; x_wconf 88' lang='lat' dir='ltr'><strong>Moraha</strong></span> <span class='ocrx_word' id='word_1_345' title='bbox 337 4342 440 4405; x_wconf 89' lang='lat' dir='ltr'><strong>usque</strong></span> <span class='ocrx_word' id='word_1_346' title='bbox 469 4318 513 4382; x_wconf 92' lang='lat' dir='ltr'><strong>ad</strong></span> <span class='ocrx_word' id='word_1_347' title='bbox 540 4319 773 4385; x_wconf 89' lang='lat' dir='ltr'><strong>monachorum</strong></span> <span class='ocrx_word' id='word_1_348' title='bbox 801 4322 889 4384; x_wconf 87' lang='lat' dir='ltr'><strong>viam</strong></span> <span class='ocrx_word' id='word_1_349' title='bbox 916 4313 950 4385; x_wconf 80' lang='lat' dir='ltr'><strong>et</strong></span> <span class='ocrx_word' id='word_1_350' title='bbox 978 4321 1022 4384; x_wconf 89' lang='lat' dir='ltr'><strong>ad</strong></span> <span class='ocrx_word' id='word_1_351' title='bbox 1052 4322 1221 4406; x_wconf 89' lang='lat' dir='ltr'><strong>praedium</strong></span> <span class='ocrx_word' id='word_1_352' title='bbox 1249 4323 1436 4407; x_wconf 89' lang='lat' dir='ltr'><strong>Ranangeri</strong></span> <span class='ocrx_word' id='word_1_353' title='bbox 1459 4333 1491 4387; x_wconf 89' lang='lat' dir='ltr'><strong>et</strong></span> <span class='ocrx_word' id='word_1_354' title='bbox 1514 4326 1547 4386; x_wconf 90' lang='lat' dir='ltr'><strong>in</strong></span> <span class='ocrx_word' id='word_1_355' title='bbox 1579 4325 1823 4409; x_wconf 81' lang='lat' dir='ltr'><strong>septentrionali</strong></span> 
     </span>
     <span class='ocr_line' id='line_1_34' title="bbox 171 4423 1823 4511; baseline 0.003 -24"><span class='ocrx_word' id='word_1_356' title='bbox 171 4433 264 4509; x_wconf 88' lang='lat' dir='ltr'><strong>parte</strong></span> <span class='ocrx_word' id='word_1_357' title='bbox 287 4447 389 4510; x_wconf 89' lang='lat' dir='ltr'><strong>usque</strong></span> <span class='ocrx_word' id='word_1_358' title='bbox 412 4423 455 4487; x_wconf 91' lang='lat' dir='ltr'><strong>ad</strong></span> <span class='ocrx_word' id='word_1_359' title='bbox 478 4427 684 4509; x_wconf 84' lang='lat' dir='ltr'><strong>campestria,</strong></span> <span class='ocrx_word' id='word_1_360' title='bbox 707 4427 741 4488; x_wconf 90' lang='lat' dir='ltr'><strong>in</strong></span> <span class='ocrx_word' id='word_1_361' title='bbox 763 4448 851 4511; x_wconf 89' lang='lat' dir='ltr'><strong>pago</strong></span> <span class='ocrx_word' id='word_1_362' title='bbox 874 4426 1056 4510; x_wconf 90' lang='lat' dir='ltr'><strong>Nahgouue</strong></span> <span class='ocrx_word' id='word_1_363' title='bbox 1078 4429 1112 4490; x_wconf 92' lang='lat' dir='ltr'><strong>in</strong></span> <span class='ocrx_word' id='word_1_364' title='bbox 1135 4427 1258 4490; x_wconf 89' lang='lat' dir='ltr'><strong>forasto</strong></span> <span class='ocrx_word' id='word_1_365' title='bbox 1281 4433 1394 4491; x_wconf 80' lang='lat' dir='ltr'><strong>nestro</strong></span> <span class='ocrx_word' id='word_1_366' title='bbox 1417 4427 1575 4511; x_wconf 88' lang='lat' dir='ltr'><strong>Vuasago</strong></span> <span class='ocrx_word' id='word_1_367' title='bbox 1598 4428 1765 4492; x_wconf 91' lang='lat' dir='ltr'><strong>nominato</strong></span> <span class='ocrx_word' id='word_1_368' title='bbox 1788 4430 1823 4492; x_wconf 90' lang='lat' dir='ltr'><strong>in</strong></span> 
     </span>
     <span class='ocr_line' id='line_1_35' title="bbox 171 4526 1823 4614; baseline 0.003 -24"><span class='ocrx_word' id='word_1_369' title='bbox 171 4529 328 4593; x_wconf 89' lang='lat' dir='ltr'><strong>comitatu</strong></span> <span class='ocrx_word' id='word_1_370' title='bbox 352 4526 483 4592; x_wconf 93' lang='lat' dir='ltr'><strong>Ottonis</strong></span> <span class='ocrx_word' id='word_1_371' title='bbox 506 4527 564 4591; x_wconf 87' lang='lat' dir='ltr'><strong>filii</strong></span> <span class='ocrx_word' id='word_1_372' title='bbox 588 4526 779 4613; x_wconf 75' lang='lat' dir='ltr'><strong>Ouonradli]</strong></span> <span class='ocrx_word' id='word_1_373' title='bbox 805 4529 897 4593; x_wconf 91' lang='lat' dir='ltr'><strong>ducis</strong></span> <span class='ocrx_word' id='word_1_374' title='bbox 926 4530 959 4592; x_wconf 91' lang='lat' dir='ltr'><strong>in</strong></span> <span class='ocrx_word' id='word_1_375' title='bbox 988 4531 1155 4614; x_wconf 89' lang='lat' dir='ltr'><strong>proprium</strong></span> <span class='ocrx_word' id='word_1_376' title='bbox 1185 4529 1379 4594; x_wconf 89' lang='lat' dir='ltr'><strong>donavimus</strong></span> <span class='ocrx_word' id='word_1_377' title='bbox 1409 4550 1484 4593; x_wconf 90' lang='lat' dir='ltr'><strong>cum</strong></span> <span class='ocrx_word' id='word_1_378' title='bbox 1508 4528 1659 4593; x_wconf 90' lang='lat' dir='ltr'><strong>omnibus</strong></span> <span class='ocrx_word' id='word_1_379' title='bbox 1683 4528 1726 4593; x_wconf 90' lang='lat' dir='ltr'><strong>ad</strong></span> <span class='ocrx_word' id='word_1_380' title='bbox 1748 4551 1823 4595; x_wconf 88' lang='lat' dir='ltr'><strong>ean-</strong></span> 
     </span>
    </p>

    <p class='ocr_par' dir='ltr' id='par_1_14' title="bbox 33 4623 1823 4718">
     <span class='ocr_line' id='line_1_36' title="bbox 33 4623 1823 4718; baseline 0.003 -27"><span class='ocrx_word' id='word_1_381' title='bbox 33 4701 34 4708; x_wconf 14' lang='lat'><em>*</em></span> <span class='ocrx_word' id='word_1_382' title='bbox 119 4643 153 4690; x_wconf 77' lang='lat'><strong>35</strong></span> <span class='ocrx_word' id='word_1_383' title='bbox 171 4632 244 4695; x_wconf 90' lang='lat' dir='ltr'><strong>dern</strong></span> <span class='ocrx_word' id='word_1_384' title='bbox 269 4643 394 4717; x_wconf 88' lang='lat' dir='ltr'><strong>partem</strong></span> <span class='ocrx_word' id='word_1_385' title='bbox 418 4623 520 4695; x_wconf 83' lang='lat' dir='ltr'><strong>silvae</strong></span> <span class='ocrx_word' id='word_1_386' title='bbox 543 4631 690 4714; x_wconf 89' lang='lat' dir='ltr'><strong>legaliter</strong></span> <span class='ocrx_word' id='word_1_387' title='bbox 712 4632 958 4716; x_wconf 84' lang='lat' dir='ltr'><strong>pertinentibus,</strong></span> <span class='ocrx_word' id='word_1_388' title='bbox 985 4629 1098 4716; x_wconf 88' lang='lat' dir='ltr'><strong>[pratis</strong></span> <span class='ocrx_word' id='word_1_389' title='bbox 1121 4631 1292 4716; x_wconf 73' lang='lat' dir='ltr'><strong>pelsodis*</strong></span> <span class='ocrx_word' id='word_1_390' title='bbox 1318 4633 1412 4717; x_wconf 91' lang='lat' dir='ltr'><strong>aquis</strong></span> <span class='ocrx_word' id='word_1_391' title='bbox 1435 4653 1657 4718; x_wconf 86' lang='lat' dir='ltr'><strong>aquarumque</strong></span> <span class='ocrx_word' id='word_1_392' title='bbox 1681 4632 1823 4696; x_wconf 91' lang='lat' dir='ltr'><strong>decursi-</strong></span> 
     </span>
    </p>

    <p class='ocr_par' dir='ltr' id='par_1_15' title="bbox 169 4723 1824 5030">
     <span class='ocr_line' id='line_1_37' title="bbox 169 4723 1824 4822; baseline 0 -22"><span class='ocrx_word' id='word_1_393' title='bbox 169 4735 231 4800; x_wconf 88' lang='lat' dir='ltr'><strong>bus</strong></span> <span class='ocrx_word' id='word_1_394' title='bbox 255 4734 449 4800; x_wconf 91' lang='lat' dir='ltr'><strong>molendinis</strong></span> <span class='ocrx_word' id='word_1_395' title='bbox 478 4735 715 4820; x_wconf 86' lang='lat' dir='ltr'><strong>piscationibus</strong></span> <span class='ocrx_word' id='word_1_396' title='bbox 745 4735 888 4800; x_wconf 89' lang='lat' dir='ltr'><strong>exitibus</strong></span> <span class='ocrx_word' id='word_1_397' title='bbox 918 4746 949 4799; x_wconf 91' lang='lat' dir='ltr'><strong>et</strong></span> <span class='ocrx_word' id='word_1_398' title='bbox 976 4733 1147 4818; x_wconf 90' lang='lat' dir='ltr'><strong>red[itibus</strong></span> <span class='ocrx_word' id='word_1_399' title='bbox 1180 4736 1373 4822; x_wconf 81' lang='lat' dir='ltr'><strong>qua]esitis²</strong></span> <span class='ocrx_word' id='word_1_400' title='bbox 1402 4746 1434 4800; x_wconf 89' lang='lat' dir='ltr'><strong>et</strong></span> <span class='ocrx_word' id='word_1_401' title='bbox 1461 4723 1671 4821; x_wconf 85' lang='lat' dir='ltr'><strong>inquirendis.</strong></span> <span class='ocrx_word' id='word_1_402' title='bbox 1716 4737 1760 4800; x_wconf 86' lang='lat' dir='ltr'><strong>Et</strong></span> <span class='ocrx_word' id='word_1_403' title='bbox 1787 4747 1824 4802; x_wconf 89' lang='lat' dir='ltr'><strong>ut</strong></span> 
     </span>
     <span class='ocr_line' id='line_1_38' title="bbox 169 4839 1824 4926; baseline 0 -22"><span class='ocrx_word' id='word_1_404' title='bbox 169 4840 232 4905; x_wconf 92' lang='lat' dir='ltr'><strong>hoc</strong></span> <span class='ocrx_word' id='word_1_405' title='bbox 254 4851 386 4905; x_wconf 89' lang='lat' dir='ltr'><strong>nostrae</strong></span> <span class='ocrx_word' id='word_1_406' title='bbox 408 4841 630 4904; x_wconf 86' lang='lat' dir='ltr'><strong>concessionis</strong></span> <span class='ocrx_word' id='word_1_407' title='bbox 654 4839 877 4926; x_wconf 88' lang='lat' dir='ltr'><strong>prae[ccptum</strong></span> <span class='ocrx_word' id='word_1_408' title='bbox 903 4841 1076 4925; x_wconf 73' lang='lat' dir='ltr'><strong>firmilter²</strong></span> <span class='ocrx_word' id='word_1_409' title='bbox 1106 4850 1313 4926; x_wconf 87' lang='lat' dir='ltr'><strong>permaneat,</strong></span> <span class='ocrx_word' id='word_1_410' title='bbox 1347 4861 1447 4904; x_wconf 89' lang='lat' dir='ltr'><strong>manu</strong></span> <span class='ocrx_word' id='word_1_411' title='bbox 1468 4850 1582 4903; x_wconf 92' lang='lat' dir='ltr'><strong>nostra</strong></span> <span class='ocrx_word' id='word_1_412' title='bbox 1605 4839 1719 4905; x_wconf 77' lang='lat' dir='ltr'><strong>subtus</strong></span> <span class='ocrx_word' id='word_1_413' title='bbox 1742 4839 1824 4904; x_wconf 89' lang='lat' dir='ltr'><strong>illud</strong></span> 
     </span>
     <span class='ocr_line' id='line_1_39' title="bbox 171 4945 1260 5030; baseline -0.002 -20"><span class='ocrx_word' id='word_1_414' title='bbox 171 4946 371 5010; x_wconf 85' lang='lat' dir='ltr'><strong>firmavimus</strong></span> <span class='ocrx_word' id='word_1_415' title='bbox 394 4956 427 5010; x_wconf 89' lang='lat' dir='ltr'><strong>et</strong></span> <span class='ocrx_word' id='word_1_416' title='bbox 448 4945 536 5010; x_wconf 89' lang='lat' dir='ltr'><strong>anuli</strong></span> <span class='ocrx_word' id='word_1_417' title='bbox 559 4948 664 5010; x_wconf 86' lang='lat' dir='ltr'><strong>nostri</strong></span> <span class='ocrx_word' id='word_1_418' title='bbox 687 4947 900 5030; x_wconf 90' lang='lat' dir='ltr'><strong>impressione</strong></span> <span class='ocrx_word' id='word_1_419' title='bbox 923 4946 1078 5009; x_wconf 88' lang='lat' dir='ltr'><strong>iussimus</strong></span> <span class='ocrx_word' id='word_1_420' title='bbox 1101 4945 1260 5029; x_wconf 89' lang='lat' dir='ltr'><strong>insigniri.</strong></span> 
     </span>
    </p>
   </div>
   <div class='ocr_carea' id='block_1_12' title="bbox 119 5080 1820 5272">
    <p class='ocr_par' dir='ltr' id='par_1_16' title="bbox 119 5080 1820 5272">
     <span class='ocr_line' id='line_1_40' title="bbox 272 5080 1205 5168; baseline -0.001 -20"><span class='ocrx_word' id='word_1_421' title='bbox 272 5083 286 5166; x_wconf 66' lang='grc' dir='ltr'>Ξ</span> <span class='ocrx_word' id='word_1_422' title='bbox 308 5082 444 5168; x_wconf 86' lang='lat' dir='ltr'><strong>Signum</strong></span> <span class='ocrx_word' id='word_1_423' title='bbox 467 5082 578 5148; x_wconf 92' lang='lat' dir='ltr'><strong>domni</strong></span> <span class='ocrx_word' id='word_1_424' title='bbox 603 5083 734 5149; x_wconf 88' lang='lat' dir='ltr'><strong>Ottonis</strong></span> <span class='ocrx_word' id='word_1_425' title='bbox 760 5084 824 5164; x_wconf 83' lang='lat' dir='ltr'><strong>(M.)</strong></span> <span class='ocrx_word' id='word_1_426' title='bbox 851 5085 1047 5148; x_wconf 87' lang='lat' dir='ltr'><strong>serenissimi</strong></span> <span class='ocrx_word' id='word_1_427' title='bbox 1073 5084 1169 5166; x_wconf 85' lang='lat' dir='ltr'><strong>regis.</strong></span> <span class='ocrx_word' id='word_1_428' title='bbox 1191 5080 1205 5164; x_wconf 64' lang='grc'><strong>3</strong></span> 
     </span>
     <span class='ocr_line' id='line_1_41' title="bbox 119 5185 1820 5272; baseline -0.004 -18"><span class='ocrx_word' id='word_1_429' title='bbox 119 5206 153 5254; x_wconf 75' lang='lat'><strong>40</strong></span> <span class='ocrx_word' id='word_1_430' title='bbox 273 5190 287 5270; x_wconf 60' lang='grc' dir='ltr'><em>ᾗ</em></span> <span class='ocrx_word' id='word_1_431' title='bbox 309 5186 473 5251; x_wconf 86' lang='lat' dir='ltr'><strong>Liotolfus</strong></span> <span class='ocrx_word' id='word_1_432' title='bbox 489 5187 702 5251; x_wconf 88' lang='lat' dir='ltr'><strong>cancellarius</strong></span> <span class='ocrx_word' id='word_1_433' title='bbox 718 5187 867 5252; x_wconf 88' lang='lat' dir='ltr'><strong>advicem</strong></span> <span class='ocrx_word' id='word_1_434' title='bbox 879 5185 1070 5270; x_wconf 85' lang='lat' dir='ltr'><strong>B[r]unonis</strong></span> <span class='ocrx_word' id='word_1_435' title='bbox 1086 5185 1361 5272; x_wconf 86' lang='lat' dir='ltr'><strong>archicappellani</strong></span> <span class='ocrx_word' id='word_1_436' title='bbox 1377 5188 1564 5270; x_wconf 86' lang='lat' dir='ltr'><strong>recognovi.</strong></span> <span class='ocrx_word' id='word_1_437' title='bbox 1580 5185 1594 5271; x_wconf 69' lang='lat' dir='ltr'><strong>{l</strong></span> <span class='ocrx_word' id='word_1_438' title='bbox 1609 5187 1666 5268; x_wconf 86' lang='lat' dir='ltr'><strong>(SI.</strong></span> <span class='ocrx_word' id='word_1_439' title='bbox 1681 5185 1722 5267; x_wconf 89' lang='lat'><strong>1.)</strong></span> <span class='ocrx_word' id='word_1_440' title='bbox 1737 5185 1820 5266; x_wconf 83' lang='lat' dir='ltr'><strong>(SR.)</strong></span> 
     </span>
    </p>
   </div>
   <div class='ocr_carea' id='block_1_13' title="bbox 171 5323 1819 5515">
    <p class='ocr_par' dir='ltr' id='par_1_17' title="bbox 171 5323 1819 5515">
     <span class='ocr_line' id='line_1_42' title="bbox 272 5323 1819 5408; baseline 0.001 -20"><span class='ocrx_word' id='word_1_441' title='bbox 272 5325 360 5394; x_wconf 84' lang='lat' dir='ltr'><strong>Data</strong></span> <span class='ocrx_word' id='word_1_442' title='bbox 384 5343 458 5388; x_wconf 84' lang='lat' dir='ltr'><strong>vm.</strong></span> <span class='ocrx_word' id='word_1_443' title='bbox 483 5325 526 5389; x_wconf 91' lang='lat' dir='ltr'><strong>id.</strong></span> <span class='ocrx_word' id='word_1_444' title='bbox 549 5349 629 5390; x_wconf 90' lang='lat' dir='ltr'><strong>mar.</strong></span> <span class='ocrx_word' id='word_1_445' title='bbox 651 5348 738 5390; x_wconf 93' lang='lat' dir='ltr'><strong>anno</strong></span> <span class='ocrx_word' id='word_1_446' title='bbox 762 5327 995 5390; x_wconf 88' lang='lat' dir='ltr'><strong>incarnationis</strong></span> <span class='ocrx_word' id='word_1_447' title='bbox 1026 5324 1148 5390; x_wconf 93' lang='lat' dir='ltr'><strong>domini</strong></span> <span class='ocrx_word' id='word_1_448' title='bbox 1180 5340 1367 5406; x_wconf 76' lang='lat' dir='ltr'><strong>oocccnvr,</strong></span> <span class='ocrx_word' id='word_1_449' title='bbox 1401 5323 1579 5391; x_wconf 88' lang='lat' dir='ltr'><strong>indictione</strong></span> <span class='ocrx_word' id='word_1_450' title='bbox 1602 5343 1698 5408; x_wconf 79' lang='lat' dir='ltr'><strong>xlm,</strong></span> <span class='ocrx_word' id='word_1_451' title='bbox 1733 5347 1819 5389; x_wconf 91' lang='lat' dir='ltr'><strong>anno</strong></span> 
     </span>
     <span class='ocr_line' id='line_1_43' title="bbox 171 5426 1718 5515; baseline 0.001 -23"><span class='ocrx_word' id='word_1_452' title='bbox 171 5428 279 5493; x_wconf 92' lang='lat' dir='ltr'><strong>domni</strong></span> <span class='ocrx_word' id='word_1_453' title='bbox 304 5427 434 5494; x_wconf 89' lang='lat' dir='ltr'><strong>Ottonis</strong></span> <span class='ocrx_word' id='word_1_454' title='bbox 457 5431 651 5493; x_wconf 90' lang='lat' dir='ltr'><strong>serenissimi</strong></span> <span class='ocrx_word' id='word_1_455' title='bbox 674 5432 760 5515; x_wconf 87' lang='lat' dir='ltr'><strong>regis</strong></span> <span class='ocrx_word' id='word_1_456' title='bbox 783 5447 861 5511; x_wconf 75' lang='lat' dir='ltr'>xx13</span> <span class='ocrx_word' id='word_1_457' title='bbox 888 5438 998 5493; x_wconf 90' lang='lat' dir='ltr'><strong>actum</strong></span> <span class='ocrx_word' id='word_1_458' title='bbox 1020 5430 1054 5492; x_wconf 94' lang='lat' dir='ltr'><strong>in</strong></span> <span class='ocrx_word' id='word_1_459' title='bbox 1076 5427 1298 5510; x_wconf 80' lang='lat' dir='ltr'><strong>Lauresham3</strong></span> <span class='ocrx_word' id='word_1_460' title='bbox 1327 5430 1360 5492; x_wconf 91' lang='lat' dir='ltr'><strong>in</strong></span> <span class='ocrx_word' id='word_1_461' title='bbox 1383 5426 1435 5492; x_wconf 91' lang='lat' dir='ltr'><strong>dei</strong></span> <span class='ocrx_word' id='word_1_462' title='bbox 1458 5432 1589 5494; x_wconf 87' lang='lat' dir='ltr'><strong>nomine</strong></span> <span class='ocrx_word' id='word_1_463' title='bbox 1612 5451 1718 5494; x_wconf 84' lang='lat' dir='ltr'><strong>amen.</strong></span> 
     </span>
    </p>
   </div>
   <div class='ocr_carea' id='block_1_14' title="bbox 257 5597 1536 5772">
    <p class='ocr_par' dir='ltr' id='par_1_18' title="bbox 257 5597 1536 5772">
     <span class='ocr_line' id='line_1_44' title="bbox 257 5597 1536 5668; baseline 0.002 -16"><span class='ocrx_word' id='word_1_464' title='bbox 257 5597 314 5652; x_wconf 84' lang='lat'><strong>177.</strong></span> <span class='ocrx_word' id='word_1_465' title='bbox 341 5601 367 5662; x_wconf 90' lang='lat' dir='ltr'><strong>b)</strong></span> <span class='ocrx_word' id='word_1_466' title='bbox 388 5616 457 5651; x_wconf 80' lang='lat' dir='ltr'><strong>anno</strong></span> <span class='ocrx_word' id='word_1_467' title='bbox 476 5617 528 5666; x_wconf 89' lang='lat' dir='ltr'><strong>quo</strong></span> <span class='ocrx_word' id='word_1_468' title='bbox 547 5617 627 5668; x_wconf 88' lang='lat' dir='ltr'><strong>supra</strong></span> <span class='ocrx_word' id='word_1_469' title='bbox 643 5601 668 5653; x_wconf 76' lang='lat' dir='ltr'><strong><em>A</em></strong></span> <span class='ocrx_word' id='word_1_470' title='bbox 684 5603 730 5651; x_wconf 78' lang='lat' dir='ltr'><strong>mit</strong></span> <span class='ocrx_word' id='word_1_471' title='bbox 749 5601 896 5668; x_wconf 77' lang='lat' dir='ltr'><strong>Beaiehunq</strong></span> <span class='ocrx_word' id='word_1_472' title='bbox 913 5600 967 5666; x_wconf 76' lang='lat' dir='ltr'><strong>ms</strong></span> <span class='ocrx_word' id='word_1_473' title='bbox 979 5599 1040 5653; x_wconf 85' lang='lat' dir='ltr'><strong>Do.</strong></span> <span class='ocrx_word' id='word_1_474' title='bbox 1051 5604 1111 5666; x_wconf 77' lang='lat'><strong><em>1⁷6,</em></strong></span> <span class='ocrx_word' id='word_1_475' title='bbox 1127 5599 1210 5651; x_wconf 78' lang='lat' dir='ltr'><strong>daber·</strong></span> <span class='ocrx_word' id='word_1_476' title='bbox 1227 5599 1295 5650; x_wconf 77' lang='lat' dir='ltr'><strong>auch</strong></span> <span class='ocrx_word' id='word_1_477' title='bbox 1312 5599 1408 5650; x_wconf 67' lang='lat' dir='ltr'><strong>dium</strong></span> <span class='ocrx_word' id='word_1_478' title='bbox 1425 5605 1536 5666; x_wconf 66' lang='lat' dir='ltr'><strong>crytiani.</strong></span> 
     </span>
     <span class='ocr_line' id='line_1_45' title="bbox 257 5701 1413 5772; baseline -0.002 -16"><span class='ocrx_word' id='word_1_479' title='bbox 257 5701 314 5756; x_wconf 81' lang='grc'><strong>178.</strong></span> <span class='ocrx_word' id='word_1_480' title='bbox 342 5701 451 5772; x_wconf 82' lang='lat' dir='ltr'><strong>[Siclrsl]</strong></span> <span class='ocrx_word' id='word_1_481' title='bbox 556 5711 582 5767; x_wconf 83' lang='lat' dir='ltr'><strong>a)</strong></span> <span class='ocrx_word' id='word_1_482' title='bbox 602 5705 707 5756; x_wconf 68' lang='lat' dir='ltr'><strong>Ldrkea</strong></span> <span class='ocrx_word' id='word_1_483' title='bbox 725 5709 753 5755; x_wconf 68' lang='grc' dir='ltr'><strong>ἐπ</strong></span> <span class='ocrx_word' id='word_1_484' title='bbox 770 5706 829 5756; x_wconf 82' lang='lat' dir='ltr'><strong>dem</strong></span> <span class='ocrx_word' id='word_1_485' title='bbox 846 5712 925 5756; x_wconf 70' lang='grc' dir='ltr'><strong>ἄνεω</strong></span> <span class='ocrx_word' id='word_1_486' title='bbox 941 5704 1121 5770; x_wconf 60' lang='lat' dir='ltr'><strong>mardasan</strong></span> <span class='ocrx_word' id='word_1_487' title='bbox 1137 5705 1174 5768; x_wconf 81' lang='lat' dir='ltr'><strong>A,</strong></span> <span class='ocrx_word' id='word_1_488' title='bbox 1198 5708 1301 5770; x_wconf 66' lang='lat' dir='ltr'><strong>synar</strong></span> <span class='ocrx_word' id='word_1_489' title='bbox 1318 5720 1365 5753; x_wconf 70' lang='lat' dir='ltr'><strong>mar</strong></span> <span class='ocrx_word' id='word_1_490' title='bbox 1385 5703 1413 5755; x_wconf 86' lang='lat'><strong>0.</strong></span> 
     </span>
    </p>
   </div>
   <div class='ocr_carea' id='block_1_15' title="bbox 1554 5811 1615 5870">
    <p class='ocr_par' dir='ltr' id='par_1_19' title="bbox 1554 5811 1615 5870">
     <span class='ocr_line' id='line_1_46' title="bbox 1554 5811 1615 5870; baseline 0 0"><span class='ocrx_word' id='word_1_491' title='bbox 1554 5811 1615 5870; x_wconf 74' lang='lat'><strong>83*</strong></span> 
     </span>
    </p>
   </div>
   <div class='ocr_carea' id='block_1_16' title="bbox 0 0 2254 6421">
    <p class='ocr_par' dir='ltr' id='par_1_20' title="bbox 0 0 2254 6421">
     <span class='ocr_line' id='line_1_47' title="bbox 0 0 2254 6421; baseline 0 0"><span class='ocrx_word' id='word_1_492' title='bbox 0 0 2254 6421; x_wconf 95' lang='lat' dir='ltr'><strong> </strong></span> 
     </span>
    </p>
   </div>
  </div>
 </body>
</html>
