4500 6428
402 395 465 463 312
998 401 1446 463 KAISERURKUNDEN.

403 589 536 672 dustria,
561 586 701 675 qualiter
722 589 773 653 vir
794 586 989 653 venerabilis
1011 587 1142 650 nomine
1165 584 1401 668 Landwardus,
1425 587 1624 671 episcopus·
1646 581 1771 649 scilicet
1793 579 1968 649 ecclesiae
1995 599 2078 645 con-

401 703 543 759 structae
570 695 605 757 in
634 692 791 758 honorem
820 693 924 756 sancti
952 690 1039 755 Petri
1069 690 1226 775 principis
1255 687 1478 773 apostolorum
1505 690 1539 753 in
1560 687 1635 753 loco
1659 691 1713 773 qui
1736 688 1859 752 dicitur
1883 681 2076 765 Mindunl,

402 795 509 860 attulit
536 797 570 859 in
597 804 744 860 nostram
774 794 991 879 praesentiam
1020 793 1158 878 piissimi
1188 793 1345 876 genitoris
1373 793 1477 856 nostri
1506 800 1772 878 caeterorumque
1808 801 2076 856 antecessorum

399 910 585 964 nostrorum
607 920 719 982 regum
743 899 931 981 conscripta
952 897 986 960 in
1009 895 1126 980 quibus
1149 895 1378 960 continebatur
1389 904 1410 977 ⁰,
1446 893 1586 978 qualiter
1612 895 1675 979 ipsi
1704 893 1875 978 praefatae
1900 891 2077 956 ecclesiae

400 1025 451 1067 res
480 1025 554 1066 cum
584 999 734 1066 omnibus
764 1002 798 1063 in
828 1001 908 1083 ipsis
937 998 1034 1064 rebus
1065 1000 1318 1065 consistentibus
1348 999 1408 1064 sub
1437 998 1568 1064 illorum
1596 1009 1788 1084 receperunt
1814 995 2111 1076 mundeburdae

400 1115 616 1191 precatusque
640 1113 689 1168 est
710 1101 992 1168 mansuetudinem
1014 1112 1176 1184 nostram,
1211 1111 1247 1167 ut
1268 1102 1331 1167 hoc
1353 1104 1461 1186 ipsum
1483 1125 1503 1165 a
1526 1112 1658 1167 nostrae
1680 1101 1858 1186 imperialis
1884 1101 2074 1186 potestatis

399 1231 561 1274 consensu
594 1209 663 1272 fieri
697 1230 764 1272 non
798 1229 1033 1272 recusaremus.
1076 1207 1146 1271 Nos
1177 1217 1286 1272 autem
1317 1207 1357 1272 ob
1388 1229 1532 1271 amorem
1563 1205 1614 1270 dei
1648 1215 1680 1270 et
1711 1205 1893 1270 remedium
1931 1208 2073 1269 animae

399 1323 530 1378 nostrae
554 1334 593 1376 ac
616 1314 661 1397 pii
684 1312 839 1395 genitoris
861 1311 963 1374 nostri
987 1320 1253 1396 caeterorumque
1276 1319 1518 1374 antecessorum
1542 1318 1727 1374 nostrorum
1754 1330 1870 1392 regum
1900 1329 1969 1372 nec
1999 1329 2071 1370 non

397 1427 430 1481 et
456 1439 515 1502 pro
545 1424 677 1481 nostrae
705 1412 865 1479 mercedis
894 1423 1069 1497 augmento
1099 1422 1253 1498 paternos
1282 1434 1389 1476 mores
1419 1420 1588 1497 sequentes
1612 1419 1645 1474 et
1666 1411 1860 1494 benignitati
1885 1412 1964 1475 eius
1988 1433 2072 1474 con-

399 1524 573 1584 sentientes
597 1521 644 1582 ita
665 1517 734 1581 fieri
759 1517 973 1582 decrevimus.
1017 1515 1260 1600 Praecipientes
1283 1537 1360 1600 ergo
1389 1514 1539 1579 iubemus
1567 1523 1603 1578 ut
1630 1514 1737 1578 nullus
1770 1514 1873 1579 iudex
1903 1512 2070 1600 publicus
2091 1524 2122 1571 10

398 1620 450 1685 vel
478 1620 632 1706 quislibet
659 1643 701 1684 ex
729 1619 900 1684 iudiciaria
931 1628 1092 1704 potestate
1114 1611 1155 1682 'in
1181 1617 1338 1682 ecclesias
1362 1627 1418 1682 aut
1440 1617 1515 1683 loca
1537 1617 1590 1681 vel
1613 1639 1709 1701 agros
1733 1640 1790 1681 seu
1811 1617 1964 1702 reliquas
1989 1639 2070 1702 pos-

400 1726 562 1789 sessiones
585 1725 651 1787 iam
674 1723 781 1788 dictae
804 1722 964 1787 ecclesiae
988 1743 1069 1807 quas
1091 1742 1179 1785 nunc
1202 1721 1287 1784 infra
1309 1718 1467 1785 ditionem
1489 1723 1580 1806 regni
1602 1722 1706 1786 nostri
1734 1719 1862 1805 legibus
1886 1721 2070 1804 possideat

399 1826 450 1892 vel
475 1849 558 1912 quae
582 1826 737 1911 deinceps
760 1827 794 1888 in
816 1827 888 1890 iura
911 1827 980 1890 eius
1004 1826 1114 1890 divina
1136 1826 1241 1909 pietas
1259 1823 1399 1888 voluerit
1422 1827 1543 1910 augeri,
1566 1825 1610 1890 ad
1632 1848 1747 1890 causas
1769 1825 1947 1889 iudiciario
1971 1847 2068 1890 more

400 1929 580 1994 audiendas
598 1928 650 1993 vel
668 1928 762 1993 freda
785 1928 948 2013 exigenda
970 1929 1156 1993 mansiones
1178 1926 1232 1991 vel
1255 1925 1415 2012 paratas(¹
1437 1927 1606 1992 faciendas
1629 1937 1685 1994 aut
1707 1927 1919 1994 fideiussores
1944 1929 2067 1994 tollen-

400 2028 459 2095 dos
487 2040 545 2096 aut
572 2030 719 2096 homines
750 2032 853 2116 ipsius
881 2031 1017 2114 ecclesie
1047 2041 1161 2096 contra
1188 2032 1348 2095 rationem
1376 2031 1617 2116 distringendos
1645 2055 1706 2096 nec
1733 2033 1816 2097 ullas
1840 2032 2064 2098 redibitiones
2085 2047 2116 2093 15

399 2134 452 2198 vel
480 2136 653 2199 inusitatas
685 2136 875 2199 occasiones
897 2135 1110 2220 requirendas
1134 2134 1200 2200 ullo
1223 2157 1369 2221 unquam
1391 2143 1538 2219 tempore
1560 2133 1686 2219 ingredi
1709 2134 1829 2198 audeat
1851 2135 1906 2198 vel
1931 2157 1972 2198 ea
1999 2159 2064 2221 que

400 2258 500 2321 supra
521 2246 702 2302 memorata
725 2246 801 2302 sunt
826 2239 955 2322 penitus
982 2239 1114 2321 exigere
1141 2248 1316 2323 presumat.
1360 2237 1559 2302 Hominibus
1588 2260 1717 2323 quoque
1744 2237 1945 2302 famulatum
1975 2241 2064 2304 eius-

400 2341 474 2406 dem
497 2343 684 2408 monasterii
706 2341 901 2406 facientibus
924 2343 979 2427 qui
1003 2340 1168 2406 Saxonice
1190 2341 1333 2405 maiman
1357 2339 1526 2423 dicuntur,
1560 2341 1763 2425 praedictum
1790 2340 2064 2406 mundeburdum

399 2454 432 2510 et
452 2447 623 2511 tuitionem
645 2456 792 2510 nostram
815 2447 1062 2528 constituimus,
1097 2454 1133 2509 ut
1155 2448 1254 2510 etiam
1281 2467 1392 2509 coram
1421 2445 1512 2510 nulla
1538 2445 1709 2510 iudiciaria
1737 2455 1902 2532 potestate
1932 2449 2064 2511 exami-

398 2558 516 2613 nentur
537 2551 599 2613 nisi
623 2571 735 2615 coram
758 2551 914 2635 episcopo
939 2558 996 2614 aut
1019 2549 1182 2614 advocato
1207 2571 1302 2634 quem
1325 2548 1471 2613 eiusdem
1493 2548 1558 2615 loci
1583 2552 1756 2635 episcopus
1775 2548 1922 2634 elegerit.
1959 2549 2063 2630 Quic·
2081 2569 2114 2615 ro

398 2651 477 2736 quid
503 2675 581 2716 vero
611 2653 711 2716 fiscus
740 2653 860 2717 exinde
891 2675 1024 2737 sperare
1054 2654 1211 2736 potuerit,
1241 2674 1300 2737 pro
1324 2662 1458 2716 aeterna
1479 2655 1739 2717 remuneratione
1761 2653 1869 2718 dietae
1893 2653 2063 2718 ecclesiae

398 2754 442 2819 ad
465 2755 627 2840 stipendia
650 2778 831 2842 pauperum
854 2766 886 2821 et
908 2756 1082 2822 luminaria
1105 2754 1356 2820 concinnanda⁰
1378 2758 1611 2838 concessimus,
1636 2765 1667 2821 et
1690 2758 1759 2840 ipse
1783 2758 1963 2842 episcopus
1984 2779 2063 2822 cum

397 2857 549 2922 omnibus
576 2857 673 2922 rebus
702 2860 769 2923 suis
798 2869 911 2923 nostro
934 2857 1073 2923 fideliter
1096 2869 1211 2942 pareat
1233 2860 1370 2944 imperio
1394 2869 1426 2924 et
1449 2860 1508 2924 sub
1532 2871 1644 2926 nostra
1667 2862 1828 2944 consistat
1850 2861 2061 2944 defensione,

398 2970 557 3044 quatenus
585 2963 694 3046 ipsum
721 2963 903 3048 fratresque
932 2962 1077 3027 eiusdem
1104 2963 1169 3027 loci
1197 2985 1257 3048 pro
1285 2963 1381 3028 nobis
1408 2966 1545 3048 coniuge
1568 2963 1723 3050 proleque
1746 2973 1860 3029 nostra
1884 2963 2062 3030 dominum

397 3063 512 3128 melius
541 3066 721 3149 iugitcrque
752 3088 891 3131 exorare
920 3065 1069 3130 delectet.
1113 3067 1284 3132 Fratribus
1316 3076 1426 3132 autem
1455 3069 1599 3133 eiusdem
1632 3067 1696 3132 loci
1727 3068 1866 3152 praefati
1903 3068 2060 3134 dedimus
2079 3084 2112 3130 ao

397 3165 564 3231 licentiam
587 3167 727 3252 eligendi
750 3179 916 3253 pastorem
937 3171 1022 3234 inter
1045 3191 1079 3233 se
1103 3169 1361 3256 qualemcunque
1384 3171 1560 3255 voluerint,
1594 3173 1641 3236 ita
1669 3181 1778 3237 tamen
1806 3173 1833 3235 si
1863 3171 1942 3236 talis
1975 3174 2062 3237 inter

397 3293 456 3336 eos
477 3271 662 3336 inveniatur
685 3273 740 3356 qui
763 3275 830 3335 vita
852 3282 885 3336 et
907 3272 1052 3336 moribus
1075 3272 1233 3357 probatus
1257 3271 1429 3340 habeatur.
1463 3276 1507 3341 Et
1529 3286 1564 3340 ut
1585 3273 1693 3339 baec‘
1712 3286 1845 3340 nostrae
1867 3279 2061 3341 concessio-

398 3375 447 3437 nis
471 3375 651 3438 auctoritas
674 3373 853 3458 pleniorem
878 3376 912 3438 in
944 3375 994 3439 dei
1026 3378 1157 3440 nomine
1189 3375 1335 3441 obtineat
1363 3379 1564 3462 firmitatem,
1599 3381 1753 3443 iussimus
1783 3377 1961 3462 praelibati
1994 3379 2061 3444 loci

397 3478 553 3562 episcopo
577 3475 640 3541 hoc
663 3499 819 3562 praesens
842 3486 1054 3564 praeceptum
1077 3477 1241 3543 conscribi
1263 3490 1407 3544 manusg
1436 3492 1567 3546 nostrae
1589 3483 1800 3566 inscriptione
1823 3482 2061 3547 confirmatum

397 3581 510 3647 subtus
540 3591 572 3646 et
601 3582 714 3646 annuli
743 3584 845 3647 nostri
874 3585 1089 3668 impressione
1117 3583 1322 3648 corroborari
1351 3607 1410 3670 pro
1442 3586 1493 3650 dei
1524 3607 1633 3650 amore
1662 3593 1694 3648 et
1723 3583 1902 3649 stabilitate
1926 3586 2058 3671 imperii
2078 3598 2109 3646 ao

396 3687 499 3750 nostri
523 3695 555 3750 et
577 3685 803 3751 incolumitate
825 3696 939 3752 nostra
961 3697 994 3751 et
1016 3695 1147 3750 aeterno
1172 3688 1317 3771 praemio
1340 3690 1549 3773 precipimus.

501 3803 637 3890 Signum
661 3804 773 3870 domni
796 3804 927 3870 Ottonis
950 3807 1014 3887 (M.)
1036 3808 1241 3872 invictissimi
1263 3810 1360 3893 regis.

500 3905 693 3974 Liutulfush
717 3909 933 3974 cancellarius
956 3910 1106 3975 advicem
1128 3911 1290 3977 Brunonis
1315 3911 1592 3998 archicappellani
1614 3913 1816 3996 recognovit.

500 4029 590 4093 Data
606 4046 666 4094 vn.
682 4029 756 4095 idus
778 4027 865 4094 iun.i
887 4053 974 4095 anno
999 4031 1183 4096 dominicae
1205 4033 1441 4097 incarnationis
1463 4047 1644 4115 Dccccnxr,
1667 4031 1845 4097 indictione
1865 4049 1903 4096 1v
1915 4029 1940 4115 l,
1966 4057 2054 4099 anno

396 4133 489 4216 regni
512 4133 708 4196 serenissimi
731 4134 817 4216 regis
842 4131 972 4198 Ottonis
996 4152 1090 4217 xxn3
1126 4144 1236 4200 actum
1263 4135 1438 4201 Burcheim
1451 4132 1475 4217 ¹3
1509 4136 1543 4198 in
1571 4133 1690 4198 Christi
1718 4135 1850 4198 nomine
1881 4134 2056 4200 felicitertn
2073 4153 2104 4200 35

397 4257 503 4300 amen.

1180 4409 1267 4483 ⁶228.

407 4540 487 4618 Orto
510 4545 650 4620 actardo
667 4545 747 4618 dora
765 4545 1056 4620 Nonacakloster
1072 4575 1117 4620 za
1139 4546 1388 4646 Quodliabarp
1411 4547 1481 4620 dca
1504 4547 1619 4621 barber
1639 4573 1721 4620 zum
1741 4547 1913 4621 thbam
1935 4550 2055 4622 seiaer

398 4665 533 4738 Mattcr
561 4667 737 4740 Mutbildo
763 4666 958 4766 pobbripca
987 4666 1072 4765 Hof
1101 4669 1253 4743 duselbst
1281 4668 1381 4742 nebat
1408 4668 1473 4742 der
1504 4667 1754 4743 Jacobslcirrbe
1783 4669 1865 4742 aad
1898 4671 2054 4744 anderrn

398 4783 574 4858 hocta.
1548 4828 1750 4905 aminare
1772 4832 1834 4889 eor
1860 4829 1932 4890 aaa·
1954 4832 2007 4890 15.
2070 4847 2102 4894 ιο

502 4991 749 5066 Oricinataptom
770 4997 813 5053 im
835 4996 862 5054 k.
887 4995 1089 5058 Stautsorcbio
1110 5017 1151 5058 au
1173 4999 1280 5057 Berlin
1301 4997 1361 5078 (A).

498 5131 623 5190 Kettoer
637 5131 707 5190 Ant.
724 5133 878 5209 Quodliab.
897 5137 959 5196 693
974 5137 1022 5196 cit.
1038 5154 1095 5196 aas
1110 5137 1147 5196 Α.
1164 5171 1206 5181 -
1221 5137 1318 5196 Eratb
1334 5135 1398 5198 OD.
1413 5137 1566 5214 Quodlinb
1583 5143 1622 5198 11
1639 5144 1673 5197 κθ
1688 5142 1729 5200 15
1745 5157 1802 5200 aas
1816 5139 1853 5198 A.
1873 5173 1916 5182 -
1939 5141 2051 5200 Heins-

499 5252 590 5294 moom
613 5232 675 5294 OD.
698 5235 820 5296 Anbult.
844 5242 874 5309 1,
897 5242 942 5300 22
961 5245 996 5297 a⁰
1018 5244 1058 5300 31
1083 5258 1140 5300 aas
1162 5241 1202 5303 A.
1224 5275 1267 5284 -
1289 5242 1419 5300 Bdhrncr
1439 5243 1510 5316 Ray.
1533 5246 1607 5303 247.
1630 5277 1673 5287 -
1694 5242 1910 5316 sumpsero.
1934 5247 2010 5305 290.

479 5401 539 5456 227.
569 5401 664 5472 [nola]
769 5409 794 5468 a)
815 5409 955 5474 episcopus
973 5435 1007 5445 —
1025 5411 1142 5475 praemio
1160 5411 1319 5476 precipimus
1331 5409 1402 5474 sebit
1419 5412 1449 5460 iu
1466 5409 1509 5461 132
1608 5413 1637 5475 b)
1654 5429 1682 5464 sc
1699 5413 1837 5465 oetam
1853 5411 1922 5462 accit
1940 5413 2056 5477 Saampf

565 5472 629 5538 Bcp.
654 5476 717 5536 696,
748 5476 860 5526 Mindim
883 5475 907 5526 A
1021 5481 1047 5539 c)
1071 5481 1274 5530 continebantur
1296 5478 1320 5530 A
1441 5480 1467 5542 d)
1512 5481 1605 5532 madae
1629 5481 1653 5532 A
1768 5483 1792 5540 e)
1819 5481 2002 5533 conn'nnanda
2025 5481 2097 5531 Mt

564 5541 656 5602 f)hoc
679 5541 703 5593 A
811 5547 840 5611 g)
860 5543 916 5594 bier
939 5544 1041 5610 bcpinrrt
1064 5544 1103 5597 Β]
1211 5548 1239 5607 h)
1258 5547 1297 5609 E,
1324 5547 1459 5600 Lintulfus
1512 5586 1519 5609 ,
1547 5550 1682 5601 Luitulfus
1705 5549 1787 5601 3132
1890 5551 1911 5611 i)
1931 5547 2047 5612 B1B2E,

560 5609 641 5730 {isba
649 5610 782 5730 Ἕω,
823 5613 852 5677 lr)
870 5613 1016 5666 indictione
1034 5615 1147 5679 wscblt
1164 5617 1194 5666 ia
1211 5615 1320 5668 amm
1421 5617 1441 5680 l)
1459 5617 1574 5682 B¹B2E,
1599 5620 1732 5671 Burchem
1749 5617 1774 5669 A
1874 5621 1911 5682 m)
1929 5617 1964 5682 E,
1990 5619 2048 5670 foe·

589 5695 614 5729 cr
642 5696 655 5728 r
782 5718 789 5732 .
993 5723 997 5728 .
