4576 6428
916 431 1041 488 ΟΤΤΟ
1064 432 1088 486 Ι.
1112 429 1184 488 964.
1307 467 1308 472 1

1004 612 1091 685 266.

116 873 119 880 Δ
233 767 313 844 Oro
339 769 500 866 bestttiqt
523 768 593 844 dea
611 767 773 858 Norenses
791 767 851 840 clos
869 765 1182 842 Salvatorlclostere
1199 793 1245 840 za
1262 765 1383 840 Luooo
1410 765 1520 840 deren
1545 766 1760 840 nomentliclt
1788 769 1872 868 ous-

221 888 385 988 9rfi'tlsrte
401 888 650 986 Basitzcapcn.
1475 906 1577 966 lateo
1599 910 1661 970 ool
1686 907 1756 968 rote
1776 913 1829 972 29.

328 1094 577 1169 Oriciaoldcplom
599 1098 642 1154 im
662 1096 690 1154 le.
715 1095 918 1156 Stoatsorctio
939 1113 980 1154 aa
1002 1095 1103 1154 bucco
1125 1092 1186 1173 (A).

325 1231 568 1294 Accesserat
585 1233 628 1292 ool.
650 1241 674 1304 1,
698 1235 728 1303 5,
748 1236 791 1294 67
807 1249 863 1292 aas
878 1231 909 1296 A
929 1255 967 1284 =
984 1231 1029 1290 ed.
1050 1238 1091 1303 ΙΙ,
1112 1235 1140 1303 5,
1162 1236 1212 1292 67.
1228 1233 1438 1293 -Marotori
1451 1235 1523 1294 Ant.
1539 1234 1611 1294 Ital.
1627 1240 1656 1306 1,
1673 1237 1736 1296 829
1759 1235 1872 1294 mooll-

325 1337 444 1410 sttodip
472 1353 529 1396 ouo
548 1334 585 1396 A.
609 1369 651 1380 --
669 1336 863 1396 Borsoootiai
891 1337 925 1394 ia
942 1335 1035 1394 Mon.
1060 1335 1092 1394 de·
1110 1336 1212 1396 Lacca
1233 1338 1275 1406 5⁶,
1297 1339 1361 1398 295
1386 1343 1420 1396 νο
1443 1342 1526 1400 1399
1555 1355 1612 1398 oue
1630 1339 1666 1396 A.
1687 1371 1728 1382 -·
1744 1337 1874 1404 Bdtmer

325 1441 397 1514 Rea.
423 1443 495 1500 279.
518 1471 560 1482 -
584 1439 713 1512 Stampf
729 1439 802 1512 neo.
826 1442 902 1500 339.

325 1578 388 1637 Mic
402 1576 575 1638 Areatas
598 1577 650 1637 dor
671 1595 727 1637 oon
742 1579 783 1638 It.
802 1576 834 1638 0.
857 1577 1091 1651 tinsupeftlptoo
1112 1578 1395 1650 Reoopaitr'onsreilc
1417 1595 1473 1637 eoa
1494 1582 1576 1637 sonet
1597 1579 1677 1637 nicht
1700 1579 1872 1638 estuantem

326 1682 477 1742 Sctror'ter
504 1681 655 1752 manain,
686 1682 738 1740 dor
766 1683 840 1740 wohl
867 1681 943 1740 otiolo
965 1681 1010 1740 ols
1033 1681 1171 1739 Dictator
1191 1699 1232 1739 aa
1255 1681 1419 1739 betroclstoo
1440 1683 1489 1739 ist.
1531 1679 1629 1752 timon
1651 1680 1729 1738 atlon
1750 1682 1873 1740 Brouolr

323 1785 393 1845 sind
414 1785 463 1843 die
485 1785 686 1858 Besitaarpoo
708 1785 757 1844 dos
780 1785 917 1844 Kloslcrs
938 1785 1074 1842 sweimol
1095 1783 1267 1857 auspesdttt
1289 1784 1415 1853 worden,
1439 1783 1570 1854 offertor
1590 1783 1667 1840 noct
1688 1785 1783 1841 sicem
1803 1785 1871 1844 Ver.

324 1890 483 1949 seiobnisse
511 1889 628 1948 welches
659 1889 712 1947 dor
732 1889 870 1948 Dictator
899 1889 979 1947 nicht
1010 1890 1065 1946 mit
1089 1887 1248 1948 Sistertoit
1270 1905 1310 1945 aa
1333 1886 1410 1946 lesen
1438 1887 1578 1946 castanei
1607 1886 1679 1945 oder
1705 1887 1871 1962 motldssip

301 1986 442 2066 'oopirte
466 2010 499 2052 so
521 1992 590 2052 dass
613 1993 744 2051 metrero
757 1993 875 2052 Nomen
890 1991 954 2052 orso
973 1993 1071 2052 Worte
1086 1993 1131 2051 toi
1146 1991 1203 2059 der,
1217 1989 1443 2064 Wiedertolmrp
1458 1990 1566 2050 armas
1581 1991 1626 2050 als
1642 2009 1734 2050 eaeor
1755 1992 1884 2064 lactem

324 2097 371 2155 dic
392 2096 586 2168 botreffendeo
609 2095 824 2168 Soloreibfotler
845 2097 939 2154 habers
960 2097 1016 2154 wir
1037 2095 1131 2154 daret
1153 2094 1209 2153 deo
1231 2095 1365 2153 lliawots
1388 2093 1450 2165 ors
1468 2094 1497 2152 A
1519 2095 1666 2154 keantltols
1684 2097 1826 2169 paaoctt.

326 2283 385 2364 (G.)
408 2280 428 2368 ,ἓξΙ
443 2281 483 2348 In
505 2283 636 2347 nomine
667 2290 780 2348 sancte
810 2279 1042 2364 individuaque
1071 2281 1236 2346 trinitatis.
1279 2278 1357 2344 Otto
1390 2281 1501 2346 divina
1531 2280 1661 2346 favente
1692 2281 1871 2347 clemencia

172 2407 203 2456 16
220 2387 398 2472 imperator
427 2395 596 2470 augustus.
699 2385 854 2450 Omnium
882 2382 1027 2448 fidelium
1054 2395 1189 2449 sanctae
1213 2383 1264 2448 dei
1288 2382 1446 2449 ecclesiae
1468 2393 1719 2474 nostrorumque
1741 2407 1870 2472 presen·
1936 2459 1940 2468 ‚

221 2491 307 2553 cium
331 2488 456 2553 scilicet
477 2509 517 2552 ac
540 2488 721 2553 futurorum
743 2491 871 2554 noverit
893 2488 1053 2570 sollercia,
1077 2488 1296 2554 Adelehidam
1317 2492 1331 2574 ξ
1352 2498 1501 2554 nostram
1524 2487 1769 2555 dilectissimam
1792 2512 1867 2554 oon-

221 2594 329 2677 iugem
357 2602 467 2677 nostre
495 2591 697 2657 celsitudinis
718 2614 876 2656 exorasse
899 2591 1123 2675 clemenciam,
1153 2594 1307 2680 quatinus
1330 2616 1390 2680 pro
1413 2593 1465 2658 dei
1489 2616 1600 2659 amore
1624 2597 1870 2681 animarumque

220 2705 406 2762 nostrarum
427 2695 571 2761 remedio
595 2694 745 2760 Grimma
768 2694 936 2760 abbatissa
958 2717 1034 2761 cum
1056 2696 1282 2763 monachabus
1304 2700 1338 2762 in
1359 2699 1582 2763 monesterio⁸
1603 2696 1727 2763 domini
1751 2708 1783 2762 et
1799 2697 1869 2764 Sal-

167 2787 169 2792 '
221 2798 370 2864 vatos-ist
400 2801 454 2886 qui
484 2798 602 2864 dicitur
623 2799 808 2883 Prisciano,
844 2798 940 2865 deum
963 2798 1178 2866 militantibus
1200 2803 1235 2865 in
1257 2823 1352 2865 usum
1375 2810 1407 2864 et
1431 2811 1595 2885 sumptum
1617 2803 1650 2865 in
1673 2800 1778 2865 Flexc
1802 2823 1870 2865 ma·

170 2923 204 2971 ao
221 2911 334 2968 nentes
358 2921 390 2986 v,
413 2905 447 2968 in
469 2903 695 2990 Tempaniano
718 2927 834 2988 unum,
857 2906 891 2968 in
914 2905 1017 2971 Turre
1041 2906 1183 2991 quinque
1206 2914 1238 2970 et
1261 2905 1430 2971 sundrium
1452 2928 1563 2989 unum,
1586 2908 1620 2970 in
1643 2903 1870 2990 Oastagnulo⁰

221 3017 389 3073 manentes
418 3017 493 3072 octo
523 3029 598 3073 eum
627 3007 843 3092 dominicato,
879 3008 1001 3074 salinas
1025 3031 1137 3074 omnes
1160 3033 1223 3096 que
1245 3007 1289 3074 ad
1311 3010 1419 3094 ipsum
1442 3010 1604 3094 pertinent
1626 3011 1868 3091 monesterium,

222 3109 377 3197 cafugio‘¹
407 3110 606 3177 dominicato
628 3113 663 3176 in
684 3110 806 3195 Flexo,
839 3122 942 3178 terras
965 3123 998 3178 et
1019 3115 1133 3178 vineas
1155 3115 1189 3180 in
1210 3112 1316 3178 Flexa
1340 3134 1415 3177 cum
1438 3110 1589 3178 omnibus
1612 3135 1674 3200 que
1697 3112 1870 3197 adipsum

221 3217 384 3301 pertinent
407 3216 638 3281 monesterium
656 3215 785 3280 stelias
808 3217 913 3302 petias
932 3214 972 3281 de
991 3225 1077 3281 terra
1101 3238 1163 3303 que
1187 3225 1262 3282 sunt
1283 3238 1386 3302 prope
1400 3216 1542 3282 Flexum
1557 3226 1589 3282 et
1605 3217 1758 3282 olivetum
1781 3216 1869 3304 quod

220 3318 266 3384 ibi
288 3321 438 3404 pertinet,
463 3319 503 3384 de
525 3317 667 3384 Petrulio
691 3328 877 3384 manentem
899 3341 1010 3402 unum,
1033 3321 1067 3384 in
1088 3319 1235 3385 Uaccule
1258 3321 1371 3406 pecias
1394 3319 1434 3384 de
1456 3321 1560 3384 vineis
1584 3319 1676 3402 duas,
1700 3342 1721 3384 a
1745 3316 1868 3405 Capru·

169 3441 328 3508 toguano
352 3430 520 3487 manentes
543 3432 618 3506 tres,
641 3422 676 3486 in
691 3419 853 3487 Saltudo⁶
875 3430 1043 3488 manentes
1067 3423 1209 3512 quinque
1232 3433 1264 3488 et
1285 3446 1386 3489 unam
1408 3424 1538 3510 peciam
1554 3421 1705 3488 devince
1721 3431 1869 3488 etunum

220 3525 388 3591 sandi-ium
412 3525 656 3608 dominicatum,
678 3525 713 3589 in
734 3525 842 3590 Fraca
865 3533 1034 3590 manentes
1058 3534 1220 3611 quattuor,
1243 3529 1278 3592 in
1299 3524 1448 3592 Priscias
1466 3536 1633 3592 manentes
1657 3525 1772 3592 decem
1794 3548 1869 3592 cum

220 3632 313 3696 terris
335 3640 368 3695 et
390 3631 493 3694 vineis
516 3628 740 3712 dominicatis,
768 3630 802 3695 in
824 3626 960 3693 Trotta‘
981 3628 1155 3694 ecclesiam
1183 3653 1282 3696 unam
1311 3652 1386 3696 cum
1408 3631 1590 3696 masariciis
1613 3628 1717 3695 tribus
1740 3639 1869 3695 etcum

219 3735 313 3799 terris
336 3742 368 3798 et
390 3734 493 3798 vineis
517 3732 733 3814 dominicatis,
756 3733 790 3795 in
805 3731 991 3798 Pucanicof
1012 3742 1198 3798 manentem
1219 3756 1330 3819 unum,
1353 3737 1466 3821 pecias
1490 3734 1530 3799 de
1545 3744 1639 3820 prato
1655 3743 1721 3799 tres
1739 3737 1774 3798 in
1793 3733 1867 3800 loeo

220 3839 274 3923 qui
305 3837 423 3902 dicitm
444 3837 647 3901 Petronacco
677 3843 710 3902 et
738 3834 821 3900 alias
852 3837 963 3922 pecias
986 3836 1028 3902 de
1049 3847 1143 3923 prato
1167 3847 1335 3927 quattuor,
1368 3841 1403 3905 in
1428 3837 1659 3922 [Tlassignano
1690 3840 1869 3904 masan'um

170 3955 204 4004 so
220 3963 321 4006 unum
328 3991 336 4023 ,
359 3943 393 4007 in
407 3941 606 4024 Petu-ignauo
628 3941 815 4006 masarios⁸
836 3949 1009 4025 quattuor,
1032 3942 1066 4006 in
1089 3941 1259 4008 Pulieiano
1283 3943 1460 4008 masarium
1483 3964 1600 4025 unum,
1624 3951 1745 4008 sortem
1767 3964 1868 4008 unam

221 4047 255 4109 in
269 4044 392 4128 Massa,
414 4045 450 4110 in
465 4043 589 4125 Quiesa
611 4045 788 4110 masarium
810 4065 923 4127 unum,
948 4067 968 4108 a
982 4042 1115 4130 Caprile
1137 4047 1315 4112 masarium
1338 4067 1439 4112 unum
1456 4066 1575 4130 -per
1597 4047 1700 4112 nostri
1722 4047 1868 4132 precepti

221 4148 376 4232 paginam
398 4147 521 4212 donare
542 4145 725 4212 concedere
748 4145 940 4214 confirmare
963 4157 996 4213 et
1017 4147 1260 4217 corroborare¹¹
1283 4148 1501 4234 dignaremur.
1525 4147 1626 4214 Onus
1650 4147 1867 4234 peticionibus

172 4237 174 4240 ⁵
221 4272 315 4315 aures
350 4249 604 4316 accomodantes
634 4273 693 4336 pro
725 4249 777 4316 dei
807 4273 919 4316 amore
953 4253 1201 4338 animarumque
1233 4261 1420 4319 nostrarum
1453 4251 1597 4318 remedio
1632 4254 1868 4337 prenominatis

219 4351 444 4418 monachabus
467 4354 500 4418 in
523 4350 671 4438 prefatoi
693 4356 888 4420 monesterio
908 4354 1032 4420 domini
1049 4354 1231 4420 Salvatoris
1250 4357 1305 4442 qui
1321 4356 1477 4420 Prixiano
1494 4354 1620 4438 dieitur,
1644 4377 1703 4441 pro
1721 4364 1868 4440 tempore

170 4471 202 4520 ³5
222 4455 319 4520 deum
345 4453 561 4520 militantibus
584 4456 618 4520 in
640 4478 735 4522 usum
758 4465 791 4521 et
813 4469 979 4542 sumptum
1007 4459 1041 4524 in
1063 4457 1169 4524 Flexo
1198 4469 1367 4528 manentes
1396 4460 1552 4545 quinque,
1585 4461 1620 4524 in
1642 4458 1866 4544 Tempaniano

219 4583 330 4642 unum,
353 4561 387 4624 in
403 4559 507 4624 Turre
529 4561 672 4646 quinque
694 4571 726 4625 et
744 4560 912 4626 sundrium
935 4583 1044 4645 unum,
1068 4563 1102 4626 in
1119 4559 1320 4647 Castagnulo
1344 4573 1512 4629 manentes
1536 4571 1610 4628 octo
1633 4584 1708 4627 eum
1732 4561 1867 4628 domini-

219 4672 304 4746 cato,
328 4662 451 4728 salinas
475 4685 588 4730 omnes
608 4655 673 4750 que
689 4664 855 4749 adipsum
878 4666 1041 4750 pertinent
1062 4669 1306 4750 monasterium,
1330 4668 1459 4752 cafagio
1483 4665 1683 4732 dominicato
1699 4667 1733 4730 in
1747 4665 1864 4750 Flexo,

219 4775 322 4830 terras
346 4775 379 4830 et
400 4768 514 4831 vineas
536 4767 570 4830 in
593 4766 698 4832 Flexo
728 4789 802 4834 eum
832 4768 983 4834 omnibus
1007 4792 1069 4854 que
1091 4768 1264 4855 adipsum
1291 4773 1454 4856 pertinent
1476 4770 1708 4835 monesterium
1731 4778 1764 4836 et
1785 4770 1867 4837 alias

220 4871 330 4956 pecias
355 4870 394 4934 de
418 4881 504 4936 terra
532 4892 594 4956 que
625 4880 699 4936 sunt
728 4893 830 4957 prope
853 4873 994 4939 Flexum
1017 4884 1049 4938 et
1072 4873 1227 4942 olivetum
1257 4873 1346 4959 quod
1373 4872 1420 4940 ibi
1442 4873 1596 4960 pertinet,
1631 4873 1672 4937 de
1693 4872 1870 4940 Petruciof

168 4995 203 5045 νο
220 4971 430 5039 manentemk
453 4996 569 5057 unum,
602 4975 637 5038 in
659 4973 806 5040 Uaccule
829 4978 940 5061 pecias
964 4976 1004 5042 de
1027 4978 1141 5043 vineas
1164 4977 1262 5061 duas,
1295 5001 1315 5042 a
1337 4972 1579 5064 Capragnanof
1598 4985 1767 5042 manentes
1790 4986 1866 5060 tres,

217 5078 252 5142 in
275 5074 412 5142 Saltudo
441 5085 608 5141 manentes
638 5078 779 5162 quinque
808 5088 840 5143 et
869 5101 967 5144 unam
995 5082 1123 5165 peciam
1146 5080 1187 5146 de
1210 5083 1306 5146 vinea
1328 5090 1360 5144 et
1383 5103 1483 5146 unum
1513 5078 1703 5146 sandriums
1730 5078 1866 5146 domini·

219 5191 346 5265 catum,
379 5184 413 5246 in
436 5182 542 5248 Fraca
564 5191 733 5248 manentes
757 5192 925 5268 quattuor,
958 5185 1006 5248 in*
1023 5184 1133 5248 Piscia
1162 5193 1332 5250 manentes
1357 5184 1470 5248 decem
1493 5205 1568 5248 cum
1590 5185 1684 5250 terris
1707 5192 1740 5252 ct
1761 5184 1866 5250 vineis

221 5286 470 5371 [dominileatis,
503 5287 537 5351 in
558 5287 659 5354 Rctta
682 5288 853 5354 ecclesiam
877 5311 976 5358 unam
998 5310 1075 5355 omn
1107 5289 1289 5354 masarieiis
1313 5287 1415 5354 tribus
1438 5296 1568 5353 etcum
1590 5288 1685 5353 terris
1706 5297 1740 5353 et
1761 5289 1865 5354 vineis

304 5491 363 5546 200.
392 5492 562 5562 [Lascbitaar]
667 5497 692 5558 a)
712 5494 748 5558 A,
775 5495 835 5546 deas
852 5494 988 5548 saonen
1008 5495 1147 5561 polliifiper
1169 5493 1210 5544 ola
1231 5497 1420 5546 monasterinm
1522 5495 1550 5557 b)
1569 5494 1591 5544 A
1609 5500 1669 5544 stau
1689 5495 1789 5544 domini
1807 5494 1864 5545 Sal-

166 5577 200 5626 45
390 5566 497 5627 vetoris,
516 5565 564 5614 wia
581 5568 670 5630 aptter
773 5566 797 5626 e)
816 5583 834 5616 n
851 5564 912 5616 tiber
929 5563 977 5616 aar
987 5563 1057 5618 Zeila
1073 5563 1262 5630 noctparapsa
1365 5561 1430 5630 d)A
1448 5569 1509 5614 state
1528 5563 1632 5629 cafagio
1739 5566 1762 5624 e)
1783 5563 1799 5613 d
1818 5579 1866 5612 aas

391 5631 512 5682 mem
531 5631 693 5684 Brehatoden
719 5635 840 5699 corripiet
946 5632 1009 5696 ΟΔ
1121 5636 1149 5700 g)
1168 5649 1234 5682 corr.
1253 5649 1301 5683 aas
1324 5648 1457 5684 masaraos
1562 5631 1590 5695 h)
1610 5631 1672 5682 aas·
1695 5633 1865 5683 corrobarare
1928 5691 1933 5706 ι

392 5703 413 5763 i)
432 5717 532 5753 aem.
551 5717 632 5752 moso
736 5702 765 5766 k)
784 5701 922 5754 mitet.
1339 5745 1344 5756 ,

1595 5803 1659 5866 48*
