4500 6428
885 431 1010 489 ΟΤΤΟ
1032 433 1057 488 Ι.
1081 427 1153 487 958.
1782 419 1846 486 273

296 616 382 675 Nocte
404 615 506 675 Dictat
528 615 579 674 des
601 614 668 675 LE.
689 614 774 674 theiis
796 631 852 674 sna
873 612 936 674 LO.
960 616 1045 675 tbcds
1066 633 1123 674 con
1145 615 1210 673 dem
1231 614 1382 676 Scbreibcr
1402 632 1459 674 con
1480 612 1546 674 DO.
1564 617 1585 673 8
1606 614 1751 674 maradirt.
1782 611 1843 674 LO.

297 719 411 791 lteferte
433 720 480 778 dic
501 724 577 778 erate
601 719 682 778 Zeila
702 718 767 776 aad
788 719 843 777 dcc
862 719 1056 789 Eschatoleolt,
1081 717 1204 790 uorans
1222 719 1275 776 der
1296 718 1406 778 andere
1428 717 1580 778 Schreiber
1601 717 1663 790 aas
1682 718 1748 776 dem
1769 718 1846 776 auct

298 825 403 882 bercits
425 825 480 881 mit
503 823 599 896 Siepet
619 823 793 882 narsetencn
815 821 914 880 Blatte
936 821 993 879 dea
1016 819 1137 881 Cordect
1160 823 1279 894 eintrap
1301 821 1365 879 aad
1392 839 1433 880 ra
1461 821 1514 879 der
1544 821 1679 880 ttblicben
1700 821 1846 895 Recopni-

297 926 483 997 canescenti
504 930 533 985 et
555 927 727 1001 subscripsit
748 923 935 998 binaafdpte.
962 958 999 968 -
1023 926 1089 984 Das
1107 925 1243 998 Oripinat
1264 923 1294 982 A
1316 942 1398 983 mass
1420 927 1508 984 sebon
1530 927 1572 983 im
1595 929 1646 985 15.
1663 925 1690 985 J
1691 926 1719 985 b.
1741 942 1774 984 sc
1792 926 1848 983 wic

297 1031 473 1104 mantcpe
501 1030 668 1104 besctddtpt
692 1046 823 1104 pcwcscn
848 1029 928 1100 sein,
963 1029 1003 1088 dn
1026 1031 1080 1088 der
1102 1028 1255 1088 Sobreiber
1275 1046 1330 1088 con
1354 1027 1380 1088 Ο
1403 1030 1520 1089 stetin
1541 1030 1763 1103 Erpdneunpca
1784 1045 1846 1087 cer·

296 1135 397 1193 sncbtc
419 1135 520 1193 welche
542 1135 638 1193 weder
658 1153 699 1192 aa
721 1134 788 1192 dem
814 1132 962 1208 Umsanpc
983 1135 1036 1192 der
1057 1134 1180 1192 Ia'tcken
1200 1134 1273 1191 aeccle
1294 1151 1335 1191 aa
1357 1133 1415 1191 den
1436 1135 1510 1192 siber
1531 1133 1610 1191 dtesc
1632 1133 1846 1206 lrinnasrapen-

297 1238 355 1296 dea
369 1240 652 1299 Bachstabcnrcsten
669 1256 798 1312 possea·
820 1241 897 1296 trote
919 1238 1000 1296 ihrer
1014 1238 1191 1296 tbcilrccisea
1211 1237 1423 1310 Uartcbtr'pbeit
1437 1237 1506 1296 sind
1520 1237 1599 1295 diesc
1614 1237 1845 1310 Erpdnranpea

297 1343 363 1400 weit
384 1345 428 1401 sie
449 1344 484 1401 ta
506 1343 554 1400 die
576 1343 740 1416 bistertpea
761 1340 882 1400 Drucke
903 1342 1125 1415 tberpepanpae
1146 1340 1231 1410 stad,
1261 1358 1317 1398 con
1339 1358 1396 1400 aas
1419 1343 1452 1398 ia
1474 1341 1530 1399 den
1551 1342 1648 1400 Notae
1669 1340 1846 1399 caedebat

298 1445 424 1505 wordea

145 1670 177 1720 ιο
298 1650 356 1732 (C.)
383 1649 397 1734 Ε
424 1649 463 1714 In
485 1650 616 1714 nomine
640 1657 774 1714 sanctim
797 1657 830 1713 et
855 1647 1044 1713 individuae
1073 1646 1236 1713 trinitatis.
1283 1645 1362 1712 Otto
1386 1647 1498 1713 divina
1519 1648 1651 1715 favente
1674 1650 1847 1716 clementia

195 1778 265 1821 rex.
354 1753 389 1820 Si
404 1778 457 1819 res
475 1754 718 1819 aeclesiasticas
741 1777 762 1818 a
784 1754 904 1817 nostris
927 1750 1216 1838 pradecessoribus
1229 1761 1252 1836 ¹,
1274 1751 1429 1817 videlicet
1450 1753 1593 1838 regibus,
1617 1756 1812 1819 constitutas
1834 1749 1848 1830 ξ

196 1858 436 1944 augmentando
466 1858 603 1924 sollicite
632 1879 808 1944 procurare
838 1858 1033 1942 satagimus,
1069 1854 1256 1921 summaml
1283 1860 1600 1923 remunerationem⁰
1628 1857 1704 1921 iude
1732 1859 1848 1921 mereri

194 1985 262 2029 non
284 1962 482 2028 dubitamus.
525 1961 654 2027 Idcirco
678 1963 829 2026 noverint
851 1982 964 2025 omncs
986 1959 1100 2026 fideles
1122 1961 1226 2024 nostri
1249 1970 1417 2045 presentes
1440 1970 1473 2026 et
1493 1962 1603 2044 futuri,
1628 1959 1766 2047 qualiter
1787 1982 1847 2024 uos

196 2066 237 2132 ob
260 2077 424 2132 aeternam
448 2065 631 2131 mercedem
653 2089 693 2132 ac
716 2064 789 2151 p[ro
807 2065 952 2130 remedio
970 2067 1098 2130 animae
1113 2064 1171 2129 filii
1187 2064 1301 2149 uostn']
1325 2062 1487 2131 Liutollid
1511 2065 1671 2151 quasdam
1692 2087 1744 2130 res
1768 2064 1848 2128 iuris

145 2187 176 2235 15
195 2173 299 2236 nostri
314 2174 348 2236 iu
363 2172 464 2236 Recia
480 2168 629 2235 Curiensi
644 2171 678 2234 in
694 2173 877 2235 comitatu⁰
898 2169 1069 2234 Adalberti
1093 2171 1221 2234 comitis
1244 2172 1279 2234 in
1300 2168 1374 2236 loco
1398 2180 1431 2236 et
1449 2173 1581 2237 civitate
1598 2169 1697 2236 Curia
1713 2178 1847 2235 sanctae

195 2275 246 2340 dci
270 2277 419 2360 genitrici
442 2275 568 2339 Mariae
590 2283 623 2338 et
646 2271 785 2357 s[aucto]
810 2274 915 2339 Lucio
939 2273 1120 2338 confessori
1145 2271 1263 2337 Christi
1296 2272 1418 2339 ibidem
1446 2273 1685 2361 requi[csceuti,
1717 2276 1772 2360 qui
1799 2283 1848 2336 cst

195 2391 295 2467 caput
311 2378 477 2444 Curiensis
497 2380 665 2464 episcopii,
688 2375 789 2461 ho]c‘
812 2386 966 2462 precepto
990 2377 1223 2458 contradimus,
1245 2377 1309 2442 boc
1332 2388 1381 2442 est
1403 2378 1572 2443 dimidiam
1596 2386 1721 2464 partem
1744 2379 1847 2462 ipsius

195 2485 337 2548 civitatis
361 2506 436 2549 cum
458 2483 516 2546 tali
540 2480 743 2546 districtione
765 2491 798 2545 et
819 2482 888 2544 iure
912 2482 1007 2545 sicuti
1030 2481 1188 2544 hactenus
1212 2478 1255 2544 ad
1277 2490 1425 2548 nostram
1447 2480 1631 2566 pertinebat
1652 2488 1848 2565 potestatem

195 2599 228 2652 et
250 2590 334 2653 sicut
356 2587 504 2652 homines
526 2587 629 2670 ipsius
652 2587 752 2649 totius
775 2584 964 2670 provinciae
987 2582 1157 2647 censuales
1180 2605 1219 2646 ac
1241 2582 1335 2647 liberi
1359 2584 1522 2649 debitores
1546 2593 1635 2665 sunt,
1664 2605 1738 2646 cum
1760 2581 1848 2647 aedi-

144 2706 177 2754 20
194 2690 278 2754 ficiis
301 2712 393 2754 muro
416 2698 449 2751 et
471 2687 612 2753 assiduis
634 2686 756 2772 vigiliis
779 2696 811 2750 et
833 2687 989 2752 custodiis
1011 2689 1099 2751 intus
1122 2695 1155 2751 et
1175 2686 1256 2751 foris
1282 2695 1316 2751 et
1342 2709 1418 2752 cum
1447 2689 1534 2752 omni
1563 2709 1623 2751 sua
1651 2688 1846 2771 pertinentia

194 2796 229 2858 in
257 2792 427 2880 curtilibus
457 2802 488 2856 et
517 2791 688 2855 structuris
717 2801 750 2854 et
779 2790 941 2855 aecclesia
970 2792 1075 2854 sancti
1099 2790 1267 2854 Laurentii
1297 2799 1329 2854 et
1358 2812 1433 2854 cum
1457 2788 1607 2855 omnibus
1629 2788 1783 2872 legitimis
1806 2785 1849 2850 ad

196 2896 334 2961 candem
365 2896 530 2958 civitatem
560 2893 806 2979 pertinentibus.
850 2894 979 2959 Eodem
1009 2916 1139 2982 quoque
1169 2903 1280 2958 tenore
1310 2901 1435 2958 curtem
1465 2903 1497 2958 et
1527 2892 1720 2956 aecclesiam
1745 2890 1848 2954 sancti
1909 2885 1912 2890 ’

196 2999 314 3063 Hilarii
337 3021 411 3063 cum
435 2996 585 3062 omuibus
616 2998 682 3061 suis
711 2999 930 3083 pertinentiis,
966 2997 1159 3062 aecclesiam
1184 2999 1289 3061 sancti
1312 2998 1445 3062 Martini
1469 3019 1543 3062 cum
1565 2998 1661 3062 vinca
1685 2997 1848 3060 adiaceuti

196 3113 228 3167 ot
251 3105 377 3169 cunctis
401 3099 444 3165 ad
466 3122 540 3165 cam
562 3100 810 3185 pertinentibus,
833 3102 867 3164 in
885 3101 1040 3165 Trimune
1061 3103 1136 3166 vico
1160 3100 1323 3186 capellam
1346 3103 1451 3165 sancti
1471 3099 1642 3186 Carpofori
1666 3122 1741 3164 cum
1764 3099 1849 3164 deci-

146 3218 179 3266 26
197 3208 258 3271 mis
287 3229 326 3270 ac
357 3208 423 3270 suis
452 3205 657 3291 pertinebis*
685 3203 846 3268 donamus
876 3225 916 3267 ac
945 3203 1105 3269 tradimus
1134 3204 1179 3270 ad
1206 3204 1400 3270 aecclesiam
1429 3204 1575 3289 prefatae
1605 3203 1657 3268 dei
1683 3204 1849 3288 genitricis

196 3311 321 3384 Mariae
343 3311 396 3374 cui
420 3310 617 3394 Hartpertus
640 3310 814 3394 episcopus
838 3306 943 3372 fidelis
970 3318 1081 3373 noster
1109 3330 1240 3394 preesse
1262 3308 1405 3390 videtur,
1439 3331 1513 3373 cum
1544 3307 1690 3372 curtibus
1719 3316 1751 3370 et
1779 3329 1850 3371 cur-

197 3415 308 3480 tilibus
331 3416 502 3498 mancipiis
525 3415 613 3499 agris
636 3414 739 3498 pratis
762 3414 893 3497 pascuis
918 3411 1007 3476 silvis
1029 3414 1134 3476 vineis
1163 3411 1259 3476 cultis
1289 3421 1321 3475 et
1350 3410 1480 3477 incultis
1512 3413 1659 3497 queatis*
1686 3420 1719 3475 et
1747 3410 1850 3496 inqui·

195 3519 305 3585 tendis
329 3515 485 3604 alp[ib]us
508 3527 540 3581 et
562 3515 669 3602 planis
692 3525 725 3580 et
745 3517 872 3580 cunctis
891 3514 1153 3580 subsistentibus.
1188 3514 1390 3580 Theloueum
1405 3537 1483 3580 vero
1501 3538 1628 3580 omnem
1646 3515 1850 3601 quocumque

196 3623 294 3690 modo
324 3645 344 3686 a
372 3619 657 3707 negotiator[ib]us
688 3621 840 3704 exigatur
867 3621 901 3684 iu
931 3621 1004 3705 ipso
1035 3618 1124 3702 loco,
1158 3628 1191 3683 et
1219 3621 1438 3704 integritatem
1469 3629 1597 3703 monete
1628 3618 1777 3683 similiter
1807 3614 1850 3681 ad
1947 3647 1949 3650 ·

144 3745 178 3793 sn
195 3730 303 3814 ipsam
332 3726 527 3792 aecclesiam
556 3723 782 3789 condonamus
816 3722 1048 3808 perpetualiter
1078 3721 1266 3788 habendum
1296 3745 1337 3787 ac
1368 3724 1451 3787 iuste
1480 3721 1653 3787 fruendum
1686 3721 1849 3807 episcopis

196 3831 317 3897 ibidem
341 3830 502 3897 omnibus.
535 3829 694 3895 Iussimus
713 3848 843 3914 quoque
864 3827 928 3892 hoc
951 3837 1141 3912 preceptum
1163 3825 1239 3890 iude
1262 3826 1435 3909 conscribi,
1459 3835 1492 3890 et
1514 3835 1550 3890 ut
1573 3824 1689 3890 stabile
1711 3827 1745 3888 in
1769 3831 1849 3908 etoi-

196 3957 274 4000 num
297 3943 497 4020 permaeat⁸,
521 3954 621 3997 mauu
642 3942 756 3998 nostra
778 3929 860 3996 illud
881 3930 1083 3996 firmavimus
1106 3939 1138 3995 et
1161 3928 1268 4015 sigillo
1287 3940 1399 3995 nostro
1418 3930 1613 4014 insingniri²
1634 3929 1850 4014 precepimus.

298 4088 313 4170 Ε
334 4088 471 4174 Signum
495 4088 605 4154 domui
629 4086 762 4153 Ottouis
787 4087 852 4169 (u.)
875 4088 1073 4153 serenissimi
1095 4088 1191 4171 regis.
1214 4084 1228 4170 Ξ

298 4207 499 4292 flLiutolfus
535 4207 749 4274 cancellarius
784 4209 934 4275 advicem
969 4208 1172 4276 Unillihelmi
1208 4206 1462 4293 archicapellani
1496 4210 1673 4294 recognovi
1710 4217 1743 4272 ct
1776 4207 1851 4273 sub-

147 4331 181 4380 35
200 4311 376 4401 scripsitfl
1620 4313 1677 4393 (s1.
1696 4313 1736 4393 1.)
1769 4311 1852 4393 (SR.)

302 4470 393 4536 Data
407 4489 493 4536 xvn.
508 4469 577 4536 lral.
592 4469 673 4536 febr.
690 4493 777 4536 anuo
792 4470 1028 4535 iucarnationis
1044 4467 1166 4534 domini
1183 4482 1406 4548 Dccccnvml,
1429 4466 1607 4531 indictione
1619 4474 1634 4514 ἔ
1648 4482 1671 4546 1,
1694 4474 1852 4548 regnante

199 4574 320 4640 domno
342 4597 417 4660 rege
441 4573 562 4640 Ottone
585 4597 671 4640 anuo
695 4592 802 4657 xxln3
826 4583 937 4638 acuum
957 4570 1152 4654 Friteslare3
1174 4572 1209 4635 in
1232 4569 1284 4635 dei
1307 4573 1437 4636 nomine
1459 4569 1598 4634 feliciter
1620 4590 1726 4632 amen.

978 4762 1066 4839 192.

157 5015 160 5022 .
209 4919 289 4996 Otto
318 4918 458 4996 acbcnkt
488 4919 567 4994 dem
596 4918 742 4994 Kloster
771 4916 810 4997 S.
838 4918 961 4993 Alban
991 4919 1046 4992 bei
1074 4916 1202 4990 Maiae
1231 4915 1308 4990 seia
1337 4914 1521 5016 Elpenpnt
1547 4940 1592 4989 aa
1623 4911 1850 4992 Obcrnaisen.

148 5082 183 5132 ιο
1448 5058 1559 5116 Marna
1580 5058 1644 5117 aas
1666 5055 1757 5131 nprn
1779 5061 1808 5116 c.

303 5251 433 5311 Helacicb
460 5251 494 5310 in
521 5250 645 5310 Ioannis
674 5248 727 5311 SS.
750 5247 887 5323 disparet.
909 5252 940 5320 2,
964 5249 1027 5308 735
1055 5263 1112 5306 aas
1134 5246 1288 5320 Abscbrtst
1311 5245 1362 5326 (A)
1387 5269 1427 5301 =
1450 5246 1575 5306 Krcmer
1601 5246 1681 5322 orep.
1705 5247 1795 5308 Noas.
1819 5251 1850 5318 2,

303 5359 345 5416 73
365 5361 401 5415 n⁰
423 5358 474 5416 50.
499 5387 537 5400 -
562 5355 691 5415 Bttmer
712 5355 784 5428 Rep.
806 5357 881 5415 219.
904 5385 947 5398 —
970 5351 1100 5424 &omps
1118 5353 1190 5426 aa.
1213 5355 1288 5414 255.

288 5521 346 5578 ιιι.
374 5505 501 5592 [sieten
574 5524 653 5586 aa
757 5523 785 5586 u)
803 5529 866 5574 stac
884 5539 901 5575 a
917 5521 1101 5588 amanam
1118 5523 1161 5572 aa
1179 5521 1290 5573 anae
1307 5519 1453 5573 sanem
1556 5523 1580 5582 e>
1600 5521 1650 5573 aa
1667 5526 1732 5572 aaa
1752 5536 1765 5569 r
1787 5535 1853 5570 aa.

370 5610 418 5643 arar
441 5611 454 5644 s
558 5593 586 5656 d)
604 5610 636 5644 nc
659 5609 707 5659 pro
730 5593 847 5644 remedio
871 5595 957 5646 anime
982 5601 1071 5643 nosne
1093 5592 1240 5643 venerabili
1264 5595 1389 5658 episcopo
1413 5590 1532 5640 Lintolto
1553 5590 1577 5642 0
1678 5591 1703 5656 e)
1722 5605 1788 5639 corr.
1806 5605 1854 5638 arar

150 5672 183 5718 lb
372 5664 501 5713 cumitatu
603 5663 625 5724 ἰ)
644 5664 821 5728 requiescenti
838 5665 883 5729 qui
902 5669 942 5714 est
958 5667 1040 5728 caput
1057 5660 1194 5712 Curiausis
1213 5663 1343 5728 episcopii
1360 5666 1486 5726 precepto
1507 5658 1531 5709 0
1635 5659 1663 5728 g)
1682 5658 1765 5708 indict
1788 5656 1854 5707 abac

372 5729 650 5797 autumpnatem

251 5839 438 5886 mammeam
453 5843 471 5886 1.
1588 5835 1629 5896 35
