4650 6420
444 399 506 464 192
867 484 871 494 Α,
1033 403 1487 463 KAISERURKUNDEN.

546 589 635 653 Data
658 607 746 653 vs111.
770 588 837 654 hal.
861 588 925 653 feb.
948 609 1034 653 anno
1057 587 1219 671 dominice
1242 587 1476 650 incarnationis
1500 600 1737 666 nocccxnvm,
1771 593 1929 668 regnante
1953 584 2090 648 serenis·

444 694 525 756 simo
548 714 625 776 rege
649 691 770 756 Ottone
793 690 905 756 annob
928 708 1025 772 111113
1047 700 1158 754 actum
1179 689 1457 771 Franconefurt⁶3
1477 690 1514 752 in
1537 687 1670 753 domino
1694 688 1831 764 feliciter
1854 709 1959 752 amen.

1224 947 1308 1021 109.

452 1123 532 1200 Otto
553 1125 630 1223 gibt
650 1125 730 1197 dem
751 1123 893 1196 Klostcr
914 1122 1086 1221 Hersfeld
1105 1122 1227 1194 scinco
1250 1119 1368 1192 Besitz
1389 1119 1430 1191 ia
1453 1116 1669 1216 Gttlaiwco
1690 1144 1735 1190 zu
1762 1118 1909 1192 Tarescb.

1575 1257 1747 1330 Frankstat
1769 1263 1832 1320 949
1855 1258 1991 1340 Febrem
2014 1262 2044 1316 2.
2107 1276 2123 1322 s

548 1451 796 1527 Oriytaaldtplem
818 1453 861 1509 im
882 1451 909 1509 Ιι,
935 1449 1137 1510 Stcatsarcbio
1157 1468 1199 1508 su
1220 1449 1369 1522 Morbum
1391 1445 1452 1526 (A).

546 1607 652 1683 Weaclc
679 1606 763 1666 Hess.
787 1607 999 1680 Laadesqcscb.
1021 1601 1065 1678 2⁶,
1088 1610 1130 1666 30
1152 1611 1186 1663 a⁰
1206 1609 1250 1666 23
1278 1622 1334 1664 uus
1357 1604 1394 1663 B.
1423 1638 1466 1648 -
1493 1604 1637 1664 Brassica
1657 1603 1728 1663 DD.
1753 1608 1869 1662 centum
1891 1606 1911 1662 8
1933 1608 1967 1662 a⁰
1991 1609 2011 1662 7
2032 1620 2089 1662 aas

544 1711 581 1768 A.
605 1745 647 1754 —
670 1708 798 1769 Bobmcr
819 1711 891 1784 Ray.
914 1713 986 1769 161.
1010 1743 1052 1753 -
1075 1708 1204 1782 Stumpf
1222 1709 1293 1782 Ray.
1318 1713 1404 1768 173.

545 1865 610 1924 Das
628 1865 750 1940 emeret
770 1867 881 1924 scheist
903 1866 1074 1924 ausserbclb
1097 1865 1150 1922 der
1164 1865 1301 1934 Kcnslei,
1317 1865 1423 1938 jedocb
1437 1867 1491 1922 mit
1507 1864 1686 1937 Beautsumq
1701 1880 1757 1920 sca
1770 1861 1838 1924 Do.
1856 1865 1897 1923 96
1916 1861 2089 1922 eatstoaden

544 1985 585 2026 aa
606 1969 678 2026 scta.
714 1968 798 2026 Aacb
813 1969 861 2026 dte
874 1967 1060 2038 Rciascbrtst
1085 1966 1119 2044 (s.
1136 1967 1204 2028 Do.
1221 1966 1274 2044 94)
1298 1971 1418 2026 stommt
1439 1968 1520 2025 nicht
1541 1984 1598 2026 uus
1621 1966 1672 2024 der
1686 1966 1823 2024 Kouslci.
1858 1965 1922 2024 Der
1938 1964 2090 2024 Sobreiber
2109 1976 2141 2024 10

545 2071 626 2128 obest
648 2073 799 2131 eiacrscits
821 2072 878 2130 dea
899 2089 955 2130 voa
976 2069 1074 2129 DDO.
1093 2075 1198 2140 1—3‚
1221 2071 1401 2130 cadrcrscits
1419 2070 1486 2129 BA.
1509 2071 1592 2129 noch.
1630 2069 1770 2128 Ztmnlicb
1789 2070 1878 2142 cett-bt
1899 2072 2036 2127 ocrstosst
2057 2085 2091 2126 cr

546 2174 617 2232 decb
637 2174 774 2246 iasofcra
792 2192 884 2248 qcpca
906 2174 963 2233 dea
984 2173 1224 2232 Kaualeibraacb
1245 2175 1315 2233 dass
1337 2191 1378 2244 cr,
1407 2175 1480 2232 abac
1503 2175 1550 2232 dic
1572 2190 1785 2247 ooryezoyeaea
1807 2173 1918 2230 Ia'aica
1942 2175 1960 2231 6
1983 2172 2089 2230 arrd&

545 2276 748 2349 aaaaoftllee,
771 2280 826 2336 mit
854 2277 980 2336 Econtra
1007 2277 1072 2342 and
1093 2279 1148 2335 mit
1174 2279 1213 2335 Et
1234 2279 1267 2337 ut
1292 2294 1368 2335 aeae
1394 2277 1494 2336 Zetlea
1516 2279 1641 2351 bcyimtt.
1681 2278 1780 2335 Ib'aea
1802 2276 1999 2334 Anthedona
2020 2275 2087 2333 BA.

544 2399 585 2439 aa
608 2381 661 2439 der
675 2380 894 2454 Ausfertiyuap
916 2381 1036 2442 crbb'cke
1057 2381 1104 2438 ich
1126 2380 1260 2454 lediqlicb
1281 2383 1315 2439 tu
1337 2381 1390 2442 der
1411 2381 1464 2440 der
1487 2380 1623 2454 Zattara
1646 2380 1738 2441 dieses
1753 2379 1865 2438 Natura
1888 2379 2088 2452 cataprecbca·

545 2483 601 2542 den
624 2482 779 2544 Correctur
800 2483 851 2543 des
872 2485 1162 2558 Reatemmquqtres.
1221 2527 1224 2534 .
2108 2491 2138 2539 15

545 2704 602 2786 (O.)
629 2702 643 2787 ξ
674 2702 713 2766 In
740 2704 871 2767 nomine
900 2711 1012 2786 sancte
1041 2712 1073 2766 et
1099 2701 1287 2768 individuae
1318 2704 1482 2768 trinitatis.
1529 2702 1607 2768 Otto
1630 2703 1742 2772 divina
1763 2703 1893 2768 favente
1916 2703 2088 2768 clementia

442 2829 511 2871 rex.
598 2806 732 2872 Noverit
749 2807 893 2870 omnium
908 2805 1052 2870 fidelium
1067 2817 1252 2871 nostrorum
1267 2809 1486 2893 praesentium
1505 2807 1630 2872 scilicet
1644 2817 1677 2872 et
1692 2809 1873 2873 futurorum
1889 2806 2057 2898 industria,
2075 2802 2089 2884 Ξ

443 2907 582 2996 qualiter
603 2931 662 2974 nos
686 2909 846 2993 quasdam
868 2932 919 2974 res
943 2911 1150 2995 proprietatis
1173 2921 1304 2976 nostrae
1328 2911 1503 2994 Haganoni
1525 2910 1703 2975 venerabili
1726 2909 1838 2975 abbati
1855 2908 2088 2974 Herueldensis

443 3013 593 3078 coenobii
616 3013 705 3099 quod
727 3024 776 3077 est
802 3023 1024 3078 constructum
1052 3015 1085 3076 in
1112 3013 1206 3078 litore
1228 3013 1355 3078 Fuldae
1384 3014 1527 3077 fluminis
1555 3015 1588 3077 in
1618 3014 1740 3090 honore
1762 3004 2086 3097 beatorum'aposto-

444 3117 549 3182 lorum
574 3116 727 3201 Symonis
750 3126 783 3180 et
804 3115 960 3198 Thathei,
989 3116 1046 3180 ubi
1074 3118 1174 3208 etiam
1196 3127 1328 3182 sanctus
1351 3119 1521 3182 confessor
1544 3115 1662 3181 Christi
1685 3116 1927 3200 Uuigberchtvs
1950 3137 2086 3200 corpore
2106 3135 2139 3182 ιο

445 3220 628 3306 requiescit,
650 3221 684 3282 in
706 3218 887 3303 legitimum
911 3218 1142 3283 concambium
1165 3222 1397 3285 concessimus.
1427 3219 1632 3285 Donavimus
1656 3220 1816 3306 siquidem
1838 3220 1882 3284 ad
1904 3219 2088 3305 praefatum

443 3322 639 3387 coenobium
661 3323 694 3385 in
718 3343 802 3406 pago
826 3321 1043 3406 Thuringensi
1067 3324 1100 3385 in
1123 3324 1281 3386 comitatu
1302 3323 1505 3388 Uuillihalmi
1529 3324 1657 3388 comitis
1681 3323 1836 3407 quicquid
1857 3321 2030 3386 habuimus
2053 3323 2087 3384 in

447 3424 640 3509 Gruoningo
663 3445 786 3505 marcu,
810 3422 898 3508 quod
920 3422 1008 3487 idem
1022 3423 1252 3490 Uuillihalmus
1276 3447 1386 3490 comcs
1403 3435 1435 3490 et
1451 3425 1691 3492 Gumberchtus
1706 3426 1811 3490 fidelis
1826 3435 1938 3490 noster
1953 3435 2087 3489 eatenus

443 3529 476 3592 in
500 3527 696 3593 beneficium
717 3524 837 3590 habere
855 3509 1060 3608 videbantur,
1084 3549 1159 3592 curn
1182 3528 1350 3593 curtilibus
1373 3529 1531 3594 aedificiis
1547 3529 1720 3614 mancipiis
1737 3528 1951 3613 omnibusque
1967 3549 2087 3612 appen-

445 3630 538 3697 diciis
561 3641 593 3696 et
616 3631 806 3695 adjacentiis
830 3625 903 3694 suis
927 3629 1071 3714 legitimo
1101 3630 1176 3696 illuc
1206 3633 1275 3697 iure
1302 3633 1537 3719 pcrtinentibus
1561 3633 1716 3718 quaesitis
1740 3640 1772 3695 et
1795 3629 2014 3716 inquirendis,
2048 3625 2087 3694 ea
2105 3649 2139 3696 as

443 3734 596 3799 videlicet
617 3737 743 3799 ratione
766 3744 802 3799 ut
824 3734 979 3819 deinceps
1003 3736 1071 3798 sine
1094 3734 1160 3799 ulla
1184 3736 1443 3801 contradictione
1468 3735 1673 3821 supradictus
1697 3733 1800 3799 abbas
1824 3743 1856 3798 et
1880 3732 2015 3798 subiecti
2040 3732 2087 3797 illi

443 3837 596 3902 monachi
625 3846 821 3923 potestatem
850 3837 993 3902 habeant
1023 3839 1178 3923 quicquid
1207 3841 1254 3902 eis
1284 3839 1443 3925 placuerit
1478 3838 1597 3903 exinde
1630 3837 1782 3902 faciendi.
1834 3838 1978 3901 Econtra
2008 3855 2087 3900 vere

443 3943 515 4025 pari
543 3942 670 4004 ratione
698 3939 739 4004 ab
769 3939 885 4004 eodem
913 3938 1033 4004 abbate
1064 3962 1138 4005 curn
1167 3963 1329 4006 consensu
1356 3942 1494 4006 fratrum
1522 3941 1602 4005 inibi
1626 3940 1756 4006 domino
1779 3939 2006 4005 famulantium
2030 3961 2089 4024 per

443 4064 560 4106 manus
583 4041 818 4106 advocatorum
841 4043 909 4106 eius
932 4043 1114 4128 recepimus
1138 4046 1294 4131 quicquid
1317 4045 1361 4108 ad
1389 4047 1456 4109 iarn
1479 4045 1583 4109 fatum
1604 4046 1837 4108 monasterium
1859 4044 2020 4128 pertinere
2042 4043 2088 4105 vi-

445 4146 584 4211 debatur
605 4147 639 4209 in
654 4143 902 4209 Bobbenzunon
925 4154 957 4208 et
979 4147 1012 4210 in
1027 4145 1181 4232 Eilmare,
1205 4171 1281 4214 curn
1303 4149 1472 4213 curtilibus
1495 4148 1653 4214 aedificiis
1676 4149 1848 4233 mancipiis
1872 4146 2087 4231 omnibusque
2107 4163 2141 4211 30

445 4246 731 4313 commoditatibus
760 4246 904 4331 legitimo
935 4246 1012 4313 illuc
1040 4249 1109 4314 iure
1139 4252 1384 4336 pertinentibus.
1429 4253 1474 4316 Et
1501 4262 1538 4316 ut
1565 4252 1646 4315 haec
1669 4250 1933 4316 commutationis
1956 4258 2088 4313 nostrae

443 4352 633 4418 vicissitudo
659 4353 785 4418 cunctis
806 4363 892 4416 retro
917 4352 1056 4417 saeculis
1077 4353 1172 4418 firma
1194 4365 1226 4418 et
1248 4355 1439 4419 inconvulsa
1468 4363 1673 4440 permaneat,
1703 4374 1802 4417 manu
1831 4363 1942 4418 nostra
1973 4351 2088 4417 subtus

444 4479 517 4520 eam
536 4455 739 4520 firmavimus
762 4464 795 4520 et
816 4455 914 4540 sigilli
936 4458 1039 4521 nostri
1061 4458 1208 4541 insigniri
1231 4459 1444 4542 impressione
1466 4460 1629 4523 iussimus.

546 4607 560 4693 ξ
582 4609 719 4696 Signum
741 4610 852 4676 domni
876 4609 1006 4677 Ottonis
1029 4611 1092 4692 (Μ.)
1114 4613 1311 4678 serenissimi
1333 4613 1430 4698 regis.
1452 4609 1467 4690 ᾔ

547 4727 673 4809 llBrun
695 4731 910 4798 cancellarius
930 4732 1080 4798 advicem
1095 4734 1257 4800 Fridurici
1279 4730 1556 4820 archicappellani
1579 4739 1756 4821 recognovi
1778 4746 1810 4802 et
1830 4735 1845 4816 ξ
1867 4741 1948 4814 (SR.)
1971 4741 2027 4814 (SI.
2047 4737 2087 4811 1.)
2105 4747 2139 4795 35

547 4885 637 4949 Data
659 4904 721 4950 1111.
746 4909 822 4951 non.
846 4886 927 4951 febr.
950 4909 1036 4952 anno
1067 4890 1300 4953 incarnationis
1331 4890 1513 4954 dominicae
1536 4906 1789 4984 Dccqcxnvml,
1826 4890 2006 4956 inditione²
2027 4907 2087 4968 vn,
2135 4946 2136 4950 ,

444 4999 601 5076 regnante
624 4989 860 5075 gloriosissimo
884 5013 960 5077 rege
983 4990 1104 5056 Ottone
1136 5015 1221 5058 anno
1251 4995 1341 5078 regni
1370 4994 1440 5057 eius
1463 4991 1583 5075 xnnl3
1620 5002 1731 5060 actum
1759 4995 2026 5078 Franconouurt3
2054 4996 2089 5058 in

446 5093 577 5158 domino
601 5093 747 5159 feliciter.

535 5280 592 5334 108.
620 5283 648 5347 b)
666 5299 713 5334 cor
730 5300 800 5336 anno
818 5283 907 5336 Bam
1010 5288 1034 5349 c)
1052 5303 1072 5337 u
1089 5287 1143 5350 arf
1152 5285 1279 5356 mdirtern
1296 5303 1316 5337 r.
1363 5333 1364 5336 ,

535 5383 590 5438 lot.
618 5385 726 5455 [Sickel]
824 5387 892 5451 all
988 5389 1016 5455 b)
1035 5406 1092 5442 com
1111 5388 1246 5442 saeue
1262 5396 1364 5442 amm
1378 5406 1432 5442 aar
1449 5402 1506 5444 xm
1522 5392 1570 5440 usit
1586 5390 1774 5455 Vatum-noy
1792 5389 1838 5442 ds·
1855 5388 1944 5442 mar
1963 5386 2090 5453 Satafis,
2107 5401 2143 5449 40

617 5455 667 5506 das
682 5459 761 5508 etate
778 5469 790 5507 1
807 5459 841 5508 tat
858 5473 908 5509 voa
925 5459 1035 5510 macer
1051 5459 1133 5509 ama
1150 5461 1196 5508 mit
1213 5458 1353 5510 auram
1372 5459 1447 5510 Τιίιιι
1464 5458 1634 5524 Ιιὲπιιιςῳῖὶφι.
