4560 6436
411 422 475 488 552
1008 428 1460 487 KAISERURKUNDEN.

414 612 606 697 antiquioris
637 621 707 675 erat
736 613 833 695 etatis
864 620 897 675 et
924 612 1089 691 annosior,
1125 607 1228 696 quiah
1256 611 1341 695 parti
1370 611 1474 694 ipsius
1505 607 1649 692 subiecta
1680 609 1867 672 monasterii
1898 631 1960 694 que
1983 631 2059 674 con·

413 717 498 780 iacet
520 717 553 778 in
576 716 733 778 comitatu
755 715 915 778 Firmensi
938 723 1078 800 preerat,
1101 712 1164 777 hac
1187 715 1362 776 occasione
1384 713 1485 776 totins
1507 713 1696 776 monasterii
1720 701 1875 776 honorem
1899 711 1960 776 sibi
1983 735 2059 778 ven-

414 819 522 882 dicare
550 817 685 883 volehet
712 828 743 881 et
772 840 807 882 se
836 817 989 883 abbatem
1020 818 1090 881 fore
1125 816 1242 881 dehere
1276 813 1475 880 asserebat.i
1520 815 1683 880 Iohannes
1712 838 1789 879 vero
1819 813 1923 880 abbas
1958 817 2060 898 ipsius

412 923 599 986 monasterii
630 921 761 986 dicebat
790 939 825 985 sc
855 923 956 1005 ipsius
984 919 1118 986 honoris
1147 920 1265 984 infulas
1295 942 1367 983 esse
1394 918 1550 1004 adeptum
1573 919 1730 983 electione
1753 927 1785 982 et
1807 940 1969 983 consensu
1993 940 2060 981 om-

412 1026 502 1088 nium
524 1024 758 1089 monachorum
781 1035 814 1088 et
835 1026 936 1089 totius
959 1025 1214 1109 congregatione
1238 1023 1367 1107 collegii
1390 1033 1431 1104 et,
1463 1022 1549 1108 quod
1573 1031 1643 1087 erat
1665 1022 1799 1103 firmius,
1823 1024 1938 1086 summi
1962 1021 2094 1086 bene-5

414 1127 555 1192 dictione
578 1128 758 1213 pontificis3
781 1130 915 1213 insuper
937 1150 978 1191 ex
1001 1130 1074 1212 ipso
1099 1128 1295 1212 imperatore
1313 1126 1495 1190 clarissimo
1512 1124 1703 1211 possidebat
1719 1123 1759 1189 de
1774 1127 1847 1210 ipso
1862 1126 2060 1191 monasterio

413 1231 649 1314 pragmaticon.
695 1228 794 1314 Quok
818 1233 928 1295 omnia
951 1253 1013 1315 que
1036 1229 1243 1315 promulgata
1267 1229 1406 1294 suntab
1429 1228 1576 1293 Iohanne
1600 1228 1729 1311 abbate,
1753 1229 1853 1293 firmis
1876 1230 2061 1293 assertioni-

412 1332 474 1396 bus
498 1355 574 1416 vcra
597 1355 669 1396 esse
692 1332 879 1398 claruerunt
900 1355 1011 1398 coram
1035 1335 1138 1419 ipsius
1161 1335 1366 1418 imperatoris
1390 1336 1569 1418 presentia,
1602 1332 1817 1397 residentibus
1844 1331 1889 1396 ibi
1913 1331 2061 1417 plurimis

414 1435 537 1502 Hitalie
567 1437 787 1523 principibuS,
822 1437 975 1502 videlicet
1007 1437 1167 1502 Pandulfo
1204 1440 1350 1523 principe
1380 1448 1412 1501 et
1442 1436 1629 1501 marchione
1658 1446 1691 1500 et
1721 1436 1869 1500 Huberto
1899 1435 2062 1501 Furliensi

414 1542 569 1625 episeopo
594 1550 692 1625 atque
707 1540 803 1604 Petro
824 1543 941 1606 comite
964 1551 997 1606 et
1019 1544 1134 1626 ceteris
1158 1564 1256 1627 quam
1279 1541 1426 1627 plurimis
1449 1543 1613 1626 episcopis
1638 1540 1812 1605 comitibus
1837 1538 2060 1604 sacerdotibus
2083 1557 2113 1603 ro

416 1643 620 1726 diaconibus,
645 1643 771 1728 clericis
794 1647 891 1710 etiam
914 1645 1025 1710 multis
1049 1655 1081 1708 et
1103 1644 1206 1710 laicis.
1234 1645 1328 1710 Tunc
1351 1646 1421 1730 ipse
1443 1647 1620 1729 imperator
1642 1642 1891 1707 dissertissimus
1914 1651 1946 1706 et
1968 1664 2061 1706 sanc-

413 1744 577 1811 tissimns¹
605 1746 763 1811 Iohannis
792 1747 923 1814 abbatis
952 1749 1179 1815 rectitudinem
1208 1752 1314 1814 sciens
1344 1759 1376 1813 et
1404 1749 1578 1814 mendacia
1607 1757 1704 1833 atque
1737 1748 1912 1810 iniustitias
1943 1747 2062 1831 prefati

415 1849 632 1934 Hildeprandi
645 1857 665 1885 ¹⁰
689 1850 874 1936 providens,
899 1855 1044 1938 precepit
1062 1852 1224 1918 Pandulfo
1247 1854 1387 1939 principi
1410 1861 1443 1917 et
1465 1851 1644 1917 marchioni
1665 1862 1696 1916 et
1711 1851 1807 1915 Petro
1830 1853 1940 1914 comiti
1964 1860 2062 1935 atque

413 1956 509 2020 Petro
527 1978 585 2020 suo
602 1955 809 2038 cancellario,
833 1966 869 2020 ut
885 1979 941 2021 eos
958 1957 1072 2022 ambos
1093 1959 1126 2022 in
1146 1959 1195 2021 sui
1214 1958 1411 2042 presentiam
1434 1955 1591 2020 ducerent
1612 1966 1644 2019 et
1666 1955 1751 2019 hanc
1773 1953 1862 2024 litem
1885 1956 1956 2018 ita¹¹
1978 1957 2064 2018 inter

415 2081 471 2123 eos
495 2058 665 2123 definirent
688 2061 771 2123 iuste
793 2059 942 2143 legaliter
964 2069 1019 2124 et⁰
1043 2060 1179 2125 firmiter
1200 2083 1264 2148 quo
1280 2059 1370 2124 nulla
1386 2059 1555 2124 altercatio
1572 2061 1656 2123 inter
1670 2069 1752 2124 eost
1774 2059 1888 2122 fuisset
1910 2058 2060 2143 amplius,
2085 2074 2114 2120 ro

415 2184 454 2225 co
470 2160 624 2226 videlicet
647 2161 757 2226 ordine
776 2173 811 2227 ut
829 2162 992 2229 Iohannes
1016 2163 1120 2228 abhas
1143 2165 1248 2248 ipsius
1269 2165 1456 2227 monasterii
1480 2165 1611 2228 omnino
1634 2153 1749 2228 fuisset
1771 2164 1923 2227 cunctis‘l
1946 2161 2061 2227 diebus

415 2267 481 2350 vite
506 2288 563 2350 sue
586 2264 691 2331 abbas
714 2276 746 2329 et
769 2265 939 2349 dominum
963 2277 1072 2332 tamen
1095 2289 1155 2353 pro
1180 2266 1229 2330 dei
1254 2288 1363 2331 amore
1387 2278 1420 2332 et
1442 2266 1584 2331 remedio
1607 2289 1664 2350 sue
1687 2267 1793 2350 anime
1812 2267 1937 2351 etquis
1952 2263 2064 2328 Hilde-

415 2369 593 2453 prandus¹¹¹
620 2378 690 2433 erat
712 2369 841 2453 vetulus
865 2380 897 2434 et
920 2370 1093 2456 plurimum
1116 2381 1242 2436 canusr
1270 2379 1368 2457 atque
1391 2373 1487 2455 etatis
1515 2370 1694 2456 decrepite,
1719 2369 1936 2434 concederent
1960 2372 1988 2432 ei
2012 2368 2065 2432 vel

416 2472 504 2537 dua⁸
532 2471 607 2536 loca
634 2472 744 2538 undet
771 2476 894 2538 victum
923 2485 954 2538 et
982 2477 1211 2541 vestimentum
1241 2496 1315 2538 cum
1341 2477 1457 2558 ceteris
1486 2473 1547 2549 sibi
1572 2471 1727 2538 subiectis
1750 2471 1871 2536 habere
1894 2472 2064 2556 potuisset,

416 2577 569 2641 videlicet
591 2587 713 2640 curtem
737 2575 777 2642 de
800 2577 946 2642 Muliano
970 2589 1002 2644 et
1024 2587 1149 2643 curtem
1172 2577 1211 2642 de
1235 2587 1349 2642 sancto
1373 2577 1552 2642 Benedicta
1576 2599 1651 2642 cum
1675 2575 1825 2641 omnibus
1854 2595 1965 2639 earum
1992 2596 2063 2658 per·
2082 2589 2116 2636 ao

415 2682 575 2762 tinentiis3
598 2679 698 2747 nichil
722 2690 856 2745 tamenn
880 2680 1021 2767 amplius
1044 2690 1193 2767 quereret
1215 2703 1275 2746 nec
1294 2681 1440 2766 aliquam
1455 2679 1620 2766 querelam
1636 2679 1775 2760 laceret,
1800 2681 1922 2743 sivero
1945 2677 2063 2741 futuris

415 2782 617 2869 temporibus
649 2784 734 2847 ultra
761 2783 821 2868 hec
854 2783 997 2870 aliquam
1026 2796 1198 2871 pretaxato
1226 2785 1365 2851 Iohanni
1396 2785 1562 2871 querelam
1591 2793 1765 2869 temptaret
1792 2804 1906 2867 agere,
1941 2785 2064 2868 proprii

416 2887 551 2952 honoris
575 2886 697 2952 subiret
726 2889 922 2972 periculum3
957 2913 998 2953 ex
1021 2890 1176 2975 predictis
1199 2913 1276 2955 vero
1301 2889 1447 2955 curtibus
1469 2890 1593 2955 nullam
1616 2888 1750 2953 haberet
1773 2896 1968 2973 potestatem
1988 2909 2064 2950 vcn-

418 2990 515 3055 dendi
539 2992 760 3057 commutandi
786 2990 951 3056 alienandi
973 2994 1026 3057 vel
1049 2993 1173 3079 aliquid
1191 2995 1344 3077 faciendi,
1367 2996 1429 3059 nisi
1452 2994 1594 3058 fructum
1616 2995 1649 3057 in
1672 2995 1840 3078 proprium
1862 3013 1957 3056 nsum
1980 2993 2064 3056 acci-

417 3094 537 3179 piendi.
581 3095 703 3176 Quod¹¹
728 3098 821 3159 iuxta
844 3098 1042 3161 sanctissimi
1064 3099 1271 3182 imperatoris
1296 3097 1461 3162 decretum
1485 3107 1561 3161 ante
1584 3098 1782 3182 presentiam
1806 3094 1955 3159 Pandulfi
1979 3096 2064 3179 prin·
2083 3106 2116 3151 ‘25

417 3200 500 3283 cipis
523 3208 555 3263 et
577 3199 774 3264 marchionis
799 3209 830 3265 et
852 3200 939 3265 Petri
964 3203 1092 3266 comitis
1117 3211 1214 3288 atque
1236 3202 1324 3266 Petri
1353 3200 1539 3266 cancellarii
1568 3201 1737 3266 definitum
1760 3210 1793 3265 et
1815 3199 2066 3264 determinatum

417 3311 468 3366 est
495 3303 579 3368 inter
607 3327 679 3386 eos,
709 3326 749 3368 ea
776 3306 904 3368 ratione
935 3314 971 3368 ut
998 3305 1190 3369 inviolatum
1219 3314 1251 3369 et
1280 3305 1509 3370 inconvulsum
1537 3307 1623 3369 inter
1653 3307 1743 3390 ipsos
1767 3305 1855 3368 omni
1877 3311 2067 3388 permaneat

415 3416 562 3492 tempore
578 3408 739 3473 volumus.
774 3407 872 3488 Quod
886 3418 923 3474 ut
937 3409 1045 3494 verius
1062 3408 1104 3474 ab
1122 3408 1272 3474 omnibus
1291 3409 1453 3493 credatur,
1476 3419 1589 3474 nostro
1614 3408 1719 3492 sigillo
1744 3407 1878 3491 sigillari
1902 3408 2065 3471 iussimus.

1198 3649 1284 3723 too.
1351 3671 1352 3674 ’

428 3797 508 3873 Ouo
531 3800 671 3874 scbcnkt
686 3802 752 3873 mit
772 3801 908 3875 Wissen
930 3804 1009 3876 und
1027 3805 1277 3901 Zastimmanp
1298 3805 1410 3876 seinos
1428 3801 1564 3879 Sohaes
1586 3803 1651 3877 der
1673 3803 1917 3901 hischbflicben
1934 3803 2066 3878 Kircbc
2084 3827 2117 3873 ao

419 3944 464 3990 za
490 3920 643 3992 Meissea
670 3920 740 3993 don
768 3921 928 3995 Zcbntea
954 3950 1025 3996 von
1052 3924 1146 3997 allen
1172 3924 1347 4022 Abpabea
1373 3925 1414 3996 in
1441 3925 1674 4016 Dulamiaza,
1711 3925 1864 4014 Nicone,
1894 3925 2064 4015 Diedcsn,

420 4037 596 4112 Milzsone
622 4041 701 4113 aad
725 4042 858 4116 Lusici.
1666 4067 1809 4124 Ravenna
1831 4069 1893 4126 971
1918 4100 1960 4108 —
1982 4099 2023 4110 -

528 4267 775 4343 Oripinaidrplom
797 4272 839 4328 im
861 4272 888 4330 k.
913 4273 1032 4345 Haupt·
1054 4273 1119 4332 aad
1141 4273 1344 4334 Staatsarchr'o
1365 4292 1405 4333 aa
1426 4273 1562 4333 Dracen
1584 4271 1644 4353 (A).

522 4423 717 4485 nesteron.
741 4427 977 4502 hominesue.
1002 4429 1045 4487 ed.
1066 4439 1108 4500 11,
1132 4424 1175 4500 1⁶,
1199 4434 1216 4488 1
1241 4435 1276 4487 πθ
1298 4433 1316 4488 1
1341 4447 1397 4488 aas
1420 4428 1449 4487 A
1470 4447 1511 4488 aa
1533 4432 1605 4489 970.
1635 4462 1677 4472 -
1708 4426 1770 4488 OD.
1796 4427 1944 4489 Senoniae
1971 4428 2067 4502 reptos

524 4539 565 4598 11,
589 4534 619 4600 1,
642 4533 683 4590 11
706 4537 740 4588 a⁰
761 4535 782 4592 8
804 4549 861 4592 aas
884 4533 912 4590 A
933 4551 974 4591 aa
996 4536 1059 4593 970
1081 4532 1188 4604 uadi,
1213 4539 1242 4604 1,
1265 4535 1327 4593 251
1352 4539 1386 4591 n⁰
1410 4536 1450 4592 13
1472 4533 1594 4606 Frupm.
1619 4549 1675 4592 aas
1698 4531 1728 4590 A
1748 4550 1789 4591 aa
1812 4535 2001 4592 970-971.
2025 4565 2067 4574 -
2085 4550 2117 4596 so

525 4633 655 4708 Stampf
672 4636 745 4709 Ray.
769 4639 841 4697 500.

524 4789 591 4847 Alie
616 4789 781 4849 Mertmaie
809 4809 865 4850 von
891 4790 958 4851 ΒΟ.
983 4795 1046 4851 106
1075 4794 1181 4851 weism
1209 4790 1329 4863 darauf
1353 4793 1405 4850 tin
1433 4791 1503 4852 dass
1532 4793 1597 4850 dein
1620 4791 1748 4862 Biscbos
1766 4791 1906 4851 Folchold
1932 4808 1988 4850 ron
2018 4791 2069 4848 der·

522 4893 651 4954 Konalci
674 4898 722 4954 ein
738 4897 897 4970 Blanquet,
921 4894 983 4967 aas
1001 4897 1066 4955 dem
1090 4895 1164 4956 WA.
1189 4897 1236 4955 dio
1248 4913 1344 4969 quare
1359 4901 1434 4956 erste
1452 4896 1532 4954 Zeila
1554 4897 1617 4954 aad
1639 4896 1686 4954 die
1709 4896 1809 4954 beiden
1825 4895 2069 4968 Surrentinum

522 4999 706 5070 posttriehea
729 5001 808 5058 hatte
830 5001 894 5058 aad
916 5001 1032 5059 welches
1055 5001 1131 5059 auch
1154 5002 1259 5058 hereits
1283 5002 1337 5057 mit
1353 4999 1507 5058 Haadmol
1529 4999 1706 5070 neustorel
1727 4999 1865 5058 versehea
1888 4987 1958 5070 rear,
1982 5001 2068 5058 aba·

523 5102 615 5172 qehea
637 5102 739 5160 roardo
760 5121 812 5160 um
835 5121 864 5162 es
884 5109 1000 5176 pemmo
1023 5103 1075 5161 der
1097 5103 1291 5162 kaiseriichea
1311 5104 1554 5176 Eatscitiessanq
1582 5101 1786 5174 ausrafr'tllca.
1824 5102 1888 5162 Der
1916 5102 1995 5160 doru
2019 5119 2068 5176 pe·
2086 5125 2120 5172 40

523 5205 629 5263 rodhlte
652 5205 840 5278 Inprossutor
862 5207 942 5265 hatte
957 5225 1015 5280 par
1031 5207 1115 5266 lisiae
1136 5209 1256 5280 eruaq
1271 5209 1305 5265 ia
1319 5207 1584 5280 kanelcipem-c‘tsser
1599 5205 1713 5278 Schrift
1728 5207 1792 5266 aad
1807 5207 1915 5276 tanate
1929 5223 1962 5265 so
1978 5208 2071 5279 wetip

526 5326 587 5369 roas
609 5308 732 5368 Braach
755 5310 808 5368 der
828 5309 958 5369 Karistoi
980 5330 1052 5384 war,
1077 5312 1146 5371 dass
1169 5327 1200 5370 er
1222 5312 1269 5370 die
1290 5310 1454 5386 Datiranp,
1478 5314 1512 5370 in
1534 5311 1654 5370 ivelcher
1674 5329 1735 5369 aar
1757 5311 1837 5370 Jahr
1859 5312 1923 5369 aad
1942 5310 1996 5370 Ort
2018 5311 2072 5369 der

511 5493 569 5548 405.
597 5498 625 5559 h)
642 5497 668 5560 0,
688 5503 714 5547 et
731 5500 794 5564 qnia
811 5498 837 5548 B
936 5501 955 5561 i)
978 5497 1005 5561 0,
1023 5497 1093 5562 fehlt
1111 5501 1139 5550 in
1157 5501 1183 5551 B
1280 5501 1309 5562 k)
1329 5501 1387 5562 Que
1400 5528 1432 5536 -
1446 5500 1520 5549 laicis
1539 5499 1568 5548 in
1584 5497 1613 5548 Ζ,
1626 5500 1654 5547 11
1666 5497 1735 5560 fehlt
1752 5499 1781 5546 in
1801 5497 1824 5548 0
1915 5497 1934 5560 l)
1951 5503 1978 5547 et
1995 5512 2069 5546 sanc·

596 5569 712 5616 tissimus
732 5566 803 5630 fehlt
824 5565 897 5617 s'nO
995 5567 1031 5635 m)
1051 5568 1077 5631 0,
1096 5569 1222 5634 Heldepr.
1241 5569 1267 5619 B
1372 5571 1399 5634 n)
1415 5567 1485 5632 fehlt
1505 5566 1577 5617 iaO
1677 5571 1703 5629 ο)
1723 5569 1791 5617 iuste
1815 5565 1936 5632 legaliter
1958 5571 1984 5616 et
2000 5564 2070 5628 scitu

596 5636 626 5684 ia
646 5633 670 5685 0
768 5636 795 5701 p)
812 5636 948 5686 altercatio
967 5637 1030 5687 tnde
1051 5635 1074 5688 0
1172 5643 1199 5704 q)
1219 5639 1311 5689 ceteris
1333 5637 1356 5688 0
1455 5638 1477 5702 r)
1497 5636 1638 5702 plurimum
1656 5639 1762 5686 carrium
1780 5635 1814 5699 B,
1836 5636 2008 5701 plurimorum
2026 5649 2070 5684 ca·
2086 5639 2120 5688 to

597 5701 714 5753 niumO
812 5705 835 5769 s)
853 5703 905 5756 ΒΟ
1003 5710 1024 5768 t)
1043 5704 1162 5756 unumO
1262 5709 1290 5769 u)
1308 5707 1356 5756 mit
1378 5705 1450 5772 quod
1468 5707 1507 5756 sic
1525 5705 1661 5757 delinitum
1680 5711 1720 5756 est
1736 5708 1804 5756 inter
1822 5721 1867 5755 cos
1889 5703 1972 5754 bricht
1992 5703 2015 5755 0
2028 5703 2070 5752 ab.
