4530 6434
889 427 1014 484 ΟΤΤΟ
1036 429 1061 484 Ι.
1086 424 1157 483 970.

981 607 1070 684 395.

210 776 291 852 Otto
318 777 459 852 schenkl
483 777 563 851 dem
588 802 661 850 oon
688 776 753 850 der
770 779 948 851 Aebtisee'n
966 779 1164 878 Helmburg]
1188 781 1369 878 peleiteteu
1387 779 1677 853 Nonueolcloster
1700 806 1745 851 zo
1766 778 1848 852 Hil-

209 898 454 972 wortslzousera
480 899 573 973 seclis
600 897 728 996 Hufea
754 900 820 971 mit
845 898 949 972 nam
978 899 1145 973 meeber
1171 901 1211 973 in
1238 898 1364 976 Gfmte.

1388 1039 1533 1098 Ravenna
1555 1044 1621 1104 970
1641 1038 1732 1112 April
1753 1042 1803 1097 11.

92 1237 94 1242 Ι
167 1275 183 1322 5
307 1264 554 1338 Orfqinoldiplom
576 1267 618 1322 im
641 1265 669 1324 a.
687 1263 888 1324 Stootsarebio
909 1280 949 1320 aa
971 1263 1131 1322 Honaover
1152 1260 1213 1341 (A).

304 1418 433 1492 Stumpf
450 1421 525 1478 Acta
547 1420 624 1478 iared.
648 1422 711 1479 309
734 1425 768 1475 πθ
788 1421 853 1478 218
875 1433 932 1475 aas
953 1414 992 1475 A.
1017 1449 1060 1458 —-
1082 1414 1211 1488 Stampf
1228 1416 1300 1490 Ray.
1326 1417 1397 1475 488.

302 1572 388 1633 ΝαεῙι
410 1573 475 1634 dem
498 1571 638 1646 Ooncepte
660 1573 710 1632 des
732 1573 771 1632 It.
797 1571 827 1632 0.
851 1590 906 1632 ooo
929 1574 1022 1631 cirtem
1047 1571 1195 1630 Schrer'ber
1222 1571 1358 1630 marsdirt
1387 1571 1505 1629 wetcber
1531 1588 1593 1630 aar
1620 1571 1692 1629 noct
1723 1572 1756 1628 in
1786 1569 1851 1628 dem

300 1677 520 1750 pleicheeitiyen
548 1677 612 1734 aad
636 1675 888 1750 oleichlauteaden
909 1673 976 1734 DO.
997 1683 1037 1733 ΙΙ.
1063 1677 1103 1734 20
1127 1676 1260 1748 beqeyuet
1282 1675 1347 1733 aad
1368 1675 1430 1733 sicb
1452 1675 1569 1734 hamelet
1592 1675 1640 1733 die
1664 1673 1777 1744 Schrift
1800 1675 1850 1732 des

304 1781 343 1840 n.
362 1779 392 1840 0.
415 1781 646 1839 mobauabmea.

152 2013 183 2061 10
305 2002 364 2082 (0.)
393 1999 407 2082 ξ
433 2000 472 2063 In
500 2001 633 2065 nomine
657 2010 769 2065 sancte
792 2009 824 2065 et
845 1999 1033 2065 individuae
1056 2002 1220 2066 trinitatis.
1267 1999 1344 2066 Ott'o
1375 2001 1486 2067 divina
1515 2002 1646 2067 favente
1676 2001 1850 2066 clementia

200 2107 378 2190 imperator
405 2113 574 2188 augustus.
674 2102 828 2169 Omnium
857 2113 970 2168 sancte
1001 2103 1052 2168 dei
1082 2104 1241 2170 eeclesiae
1271 2103 1416 2169 fidelium
1445 2114 1694 2190 nostrorumque
1720 2126 1849 2189 presen-

201 2211 281 2272 tium
302 2208 316 2291 ξ
339 2205 463 2272 scilicet
478 2217 511 2271 et
526 2208 707 2272 futurorum
723 2209 851 2272 noverit
868 2206 1039 2290 industria,
1064 2208 1203 2295 qualiter
1220 2232 1281 2274 nos
1304 2232 1363 2294 per
1385 2208 1565 2274 remedium
1587 2212 1694 2294 anime
1717 2219 1850 2273 nostrae

201 2321 449 2396 nostrorumque
471 2319 658 2395 parentum,
689 2309 814 2375 scilieet
837 2309 922 2396 bone
944 2314 1122 2378 memoriae
1145 2301 1247 2378 nostri
1270 2313 1373 2397 patris
1397 2313 1543 2378 Heinrici
1566 2317 1652 2399 regis
1674 2322 1850 2399 nostreque

201 2414 316 2479 dilecte
344 2415 458 2478 matris
486 2413 705 2478 Mahttildae²
733 2415 860 2498 regine,
891 2437 951 2479 nee
980 2437 1046 2480 non
1071 2425 1103 2480 et
1125 2438 1182 2501 per
1205 2417 1420 2480 interventum
1444 2438 1483 2480 ac
1508 2417 1704 2501 peticionem
1733 2416 1850 2482 dilecte

153 2528 184 2575 rs
202 2519 350 2600 coniugis
373 2525 504 2581 nostrae
527 2514 707 2600 Adelheide
730 2527 889 2600 augustae
911 2539 1149 2603 regnorumque
1179 2527 1460 2604 nostrorumque&
1483 2521 1645 2584 consortis
1674 2519 1718 2583 ad
1746 2519 1850 2584 aecle-

202 2623 283 2685 siam
315 2622 348 2684 in
377 2618 718 2684 Hildiuuardeshusun
747 2628 970 2684 constructam
1000 2643 1061 2706 quq
1093 2630 1143 2685 est
1171 2621 1390 2687 consecratab
1421 2623 1454 2686 in
1482 2621 1606 2687 honore
1636 2631 1770 2687 sanotae
1798 2623 1849 2686 dei

202 2725 375 2809 genetricis
400 2745 592 2810 semperque
615 2723 752 2808 virginis
769 2723 906 2806 Mariae,
930 2735 1027 2810 atque
1051 2723 1180 2789 ancillis
1204 2725 1255 2790 dei
1278 2726 1312 2789 in
1337 2724 1452 2791 eodem
1475 2724 1549 2790 loeo
1574 2725 1634 2790 deo
1659 2747 1851 2810 semperque

200 2830 319 2912 virgini
347 2828 472 2892 Mariae
501 2829 697 2910 genetricis*
726 2826 778 2891 dei
809 2826 1019 2893 devotissime
1048 2829 1283 2894 famulantibus
1313 2828 1431 2914 quibus
1453 2827 1651 2893 venerabilis
1681 2827 1851 2892 abbatissa

201 2932 385 3016 Helmburg
413 2954 543 3017 preesse
572 2930 715 3012 videtur,
746 2953 804 3017 per
832 2933 935 2996 nostri
965 2934 1109 3017 precepti
1141 2934 1296 3017 paginam
1325 2933 1358 2995 in
1382 2934 1551 3017 proprium
1574 2931 1768 2996 donavimus
1792 2953 1850 2996 sex

152 3052 185 3098 20
203 3057 336 3098 mansos
360 3056 435 3099 curn
458 3055 518 3098 sex
539 3032 673 3097 familiis
697 3055 795 3118 super
815 3035 905 3120 ipsos
928 3057 1061 3099 mansos
1084 3034 1295 3099 habitantes²
1318 3037 1352 3099 in
1367 3034 1445 3099 villa
1465 3033 1616 3100 Gemmet
1638 3038 1670 3100 in
1694 3037 1851 3100 comitatu

200 3137 361 3202 Bernonis
385 3137 513 3200 comitis
537 3145 570 3200 et
593 3146 718 3200 tantum
732 3137 783 3201 ¹de
805 3137 903 3220 lignis
925 3138 1099 3202 fructiferis
1122 3139 1303 3223 ceterisque
1332 3137 1472 3203 arbustis
1502 3147 1659 3223 quantum
1690 3137 1733 3202 ad
1760 3140 1850 3223 ipsos

203 3263 263 3305 sex
282 3263 415 3306 mansos
434 3241 574 3325 pertinet
597 3242 721 3325 etipse
746 3263 804 3304 sex
828 3239 951 3305 familie
975 3239 1017 3305 ad
1039 3242 1185 3325 ipsarum
1207 3239 1380 3306 utilitatem
1404 3252 1538 3304 actenus
1560 3240 1753 3322 babuerunt,
1777 3262 1851 3305 cum

202 3344 360 3408 aedificiis
390 3344 562 3427 mancipiis
597 3344 690 3407 terris
723 3343 818 3408 cultis
847 3355 879 3407 et
908 3343 1038 3409 incultis
1069 3345 1156 3428 agris
1186 3346 1311 3429 eampis
1339 3346 1443 3428 pratis
1475 3346 1606 3429 pascuis
1637 3342 1726 3407 silvis
1756 3346 1850 3429 aquis

203 3468 425 3531 aquammque
454 3445 644 3510 decursibus
672 3445 867 3511 molendinis
897 3446 1133 3532 piscationibus
1162 3448 1224 3511 viis
1254 3457 1285 3512 et
1318 3449 1415 3512 inviis
1451 3446 1593 3511 exitibus
1628 3457 1660 3510 et
1693 3446 1850 3511 reditibus

152 3566 184 3612 aa
203 3551 337 3635 quesitis
361 3558 393 3613 et
416 3548 615 3635 inquirendis
639 3548 814 3626 mobilibus
838 3560 870 3614 et
892 3548 1102 3615 inmobilibus
1124 3550 1221 3614 rebus
1244 3550 1459 3636 omnibusque
1481 3552 1685 3636 pertinentiis
1708 3559 1740 3614 et
1762 3548 1852 3614 adia-

202 3654 316 3717 centiis
341 3675 402 3738 que
426 3651 489 3715 dici
512 3650 565 3715 vel
587 3653 747 3716 nominari
771 3662 923 3736 possunt,
953 3661 989 3717 ut
1020 3655 1085 3718 iam
1114 3653 1331 3738 prediximus,
1363 3654 1407 3718 ad
1435 3654 1596 3738 prefatam
1621 3653 1793 3717 aeclesiam
1817 3655 1851 3716 in

202 3755 543 3822 Hildiuuardesbusun
572 3766 793 3821 constructam
822 3767 920 3844 atque
948 3761 982 3822 in
1011 3757 1134 3848 bonore
1156 3769 1276 3842 ¹structe
1303 3759 1354 3822 dei
1378 3760 1551 3841 genetricis
1575 3779 1766 3840 semperque
1789 3755 1851 3818 vir-

202 3862 285 3945 ginis
301 3861 425 3924 Mariae
448 3870 674 3925 consecratam
697 3869 794 3946 atque
817 3859 945 3925 ancillis
970 3861 1022 3924 dei
1044 3860 1166 3924 ibidem
1189 3860 1250 3925 deo
1270 3883 1461 3946 semperque
1476 3861 1593 3943 virgini
1610 3859 1735 3923 Mariae
1754 3858 1852 3922 devo·

202 3966 325 4028 tissime
348 3962 582 4028 famulantibus
605 3966 639 4028 in
662 3966 824 4047 integrum
847 3963 1054 4046 donavimus,
1076 3975 1113 4029 ut
1128 3964 1272 4029 habeant
1289 3973 1422 4028 teneant
1436 3962 1634 4047 firmiterque
1651 3961 1852 4044 possideant,

152 4089 185 4134 ao
204 4077 363 4153 quatenus
391 4067 506 4131 melius
534 4065 598 4130 illis
630 4066 769 4131 delectet
798 4069 885 4131 omni
914 4077 1060 4152 ternpore
1088 4089 1148 4151 pro
1178 4066 1273 4131 nobis
1302 4068 1486 4151 nostrisque
1515 4063 1705 4150 parentibus
1729 4063 1852 4128 domini

203 4168 460 4234 misericordiam
484 4172 655 4233 stennius*
677 4192 824 4234 exorare.
862 4171 907 4234 Et
929 4179 964 4234 ut
986 4168 1046 4234 hec
1070 4169 1256 4234 donationis
1281 4172 1457 4234 auctoritas
1483 4171 1568 4233 omni
1593 4178 1739 4253 tempore
1758 4168 1852 4232 firma

205 4272 396 4358 stabilisque
420 4283 618 4356 permaneat,
641 4273 793 4338 iussimus
817 4272 893 4337 inde
915 4270 978 4336 hoc
1003 4294 1136 4357 presens
1160 4283 1349 4357 preceptum
1373 4271 1534 4336 conscribi
1559 4258 1721 4356 anuloque
1739 4281 1851 4334 nostro

205 4376 349 4461 sigillari,
374 4398 472 4441 manu
496 4378 629 4460 propria
652 4374 764 4439 subter
785 4376 995 4439 firmavimus.

307 4528 321 4614 Ξ
342 4529 478 4614 Signum
503 4528 613 4592 domni
638 4527 769 4593 Ottouis
792 4531 901 4611 magni
926 4537 958 4592 et
979 4527 1186 4592 invictissimi
1212 4529 1301 4610 (ΜΡ.)
1326 4529 1532 4614 imperatoris
1556 4525 1733 4612 augusti}

153 4669 187 4718 es
305 4650 528 4734 {Liutgerins
558 4647 774 4712 cancellarius
805 4646 954 4711 advicem
978 4646 1149 4712 Ruotberti
1175 4648 1414 4733 archiepiscopi
1438 4659 1470 4712 et
1492 4647 1652 4733 capellani
1675 4649 1851 4730 recognovi

206 4763 238 4818 et
260 4753 448 4837 subscripsi.
472 4748 486 4834 Ξ
954 4849 955 4852 ¹
1633 4751 1715 4830 (SR.)
1737 4751 1793 4829 (SI.
1811 4750 1852 4827 5.)

306 4908 397 4972 Data
419 4925 470 4971 111.
493 4906 537 4971 id.
561 4927 631 4992 apr.
656 4927 741 4970 anno
766 4905 927 4990 dominice
951 4907 1186 4970 incarnationis
1214 4921 1413 4986 Dccocnxx,
1446 4905 1624 4969 indictione
1647 4923 1729 4986 xm,
1764 4925 1850 4968 anno

205 5012 296 5094 regni
320 5011 516 5074 serenissimi
539 5012 625 5096 regis
650 5008 781 5074 Ottouis
804 5025 913 5090 xxxv,
941 5009 1068 5093 imperii
1098 5007 1223 5072 scilicet
1252 5009 1301 5072 sui
1324 5016 1440 5089 V1111⁶;
1470 5005 1605 5072 actumd
1633 5009 1766 5072 civitate
1788 5008 1850 5071 Ra-

205 5135 313 5178 uenna
334 5113 413 5178 foris
436 5136 564 5178 murum
587 5136 689 5199 prope
712 5099 893 5196 civitatem}
920 5115 954 5178 in
977 5111 1097 5176 Christi
1120 5115 1252 5177 nomine
1274 5111 1413 5177 feliciter
1435 5132 1541 5176 amen.

155 5320 189 5369 40
293 5316 351 5370 395.
379 5316 474 5385 [Foltz]
577 5320 640 5384 a)A
744 5323 774 5386 b)
791 5321 853 5372 fiber
870 5320 928 5370 dem
946 5319 1035 5370 latriae
1058 5336 1074 5369 a
1097 5322 1131 5369 ist
1149 5322 1191 5370 ein
1209 5317 1476 5384 Abln'trauuyszetcllen
1497 5317 1631 5368 ermedeo
1741 5317 1766 5378 o)
1785 5333 1851 5368 corr.

377 5399 505 5508 &nepum
609 5390 635 5454 d)
649 5387 718 5455 solqt
736 5390 821 5441 kam
838 5389 934 5453 Reaur,
960 5389 1047 5440 adan
1070 5387 1273 5440 dassaretas·
1294 5395 1377 5439 meret
1403 5390 1533 5438 Rauenna
1559 5387 1628 5438 batte
1647 5385 1739 5451 solym
1766 5386 1850 5436 locem
