4538 6436
414 423 477 488 528
1015 426 1462 486 KAISERURKUNDEN.

420 638 461 679 ex
484 623 554 680 toto
579 624 675 679 etex
697 614 823 694 integro
853 633 928 675 cunr
957 609 1107 674 omnibus
1130 609 1344 695 appendiciis,
1372 611 1495 675 tamin
1519 610 1655 694 edificiis
1679 633 1776 696 quam
1799 611 1833 675 in
1856 609 1991 675 familiis
2015 611 2070 676 vel

417 718 588 802 mancipiis
620 718 788 802 utriusque
821 735 919 778 sexus
951 715 1044 777 terris
1075 712 1171 777 cultis
1201 723 1233 776 et
1262 712 1393 777 incultis
1423 715 1526 799 pratis
1554 715 1687 799 pascuis
1716 716 1809 801 aquis
1839 713 2070 800 aquarumve‘l

417 820 608 885 decursibus
630 821 692 884 viis
721 829 754 882 et
781 818 878 882 inviis
907 816 1050 881 exitibus
1080 828 1113 882 et
1135 815 1293 881 reditibus
1320 818 1453 904 quesitis
1477 827 1510 881 et
1531 818 1742 903 inquirendis,
1767 831 1880 884 sancto
1904 819 2069 884 Mauricio

416 923 644 1008 Magdeburg⁰
673 925 705 986 in
736 931 926 1007 perpetuam
956 923 1197 1006 possessionem
1227 920 1353 986 liberali
1383 921 1605 986 munificentia
1637 923 1799 987 offerimus
1830 932 1862 988 et
1893 923 2071 988 donamus.

415 1028 459 1091 Et
481 1035 516 1090 ut
538 1026 601 1091 boc
624 1026 785 1110 largitatis
808 1035 918 1108 nostre
948 1025 1070 1090 donum
1101 1023 1206 1089 eidem
1235 1024 1372 1108 ecclesie
1401 1024 1531 1091 firmum
1561 1037 1593 1091 et
1621 1026 1739 1092 stabile
1767 1039 1973 1111 permaneat,
2004 1027 2107 1092 hocs

416 1133 621 1194 auctoritatis
650 1138 761 1212 nostre
790 1136 980 1214 preceptum
1011 1128 1174 1193 conscribi
1204 1137 1237 1192 et
1266 1126 1355 1192 anuli
1383 1131 1485 1192 nostri
1514 1131 1718 1214 inpressione
1747 1130 1871 1214 signari
1900 1132 2071 1212 iussimus,

415 1229 537 1319 quarn‘
557 1243 590 1297 et
613 1255 711 1298 manu
734 1234 868 1318 propria
891 1231 1005 1297 subtus
1028 1233 1240 1298 firmavimus.
1591 1229 1593 1234 ’

519 1386 655 1472 Signum
678 1387 789 1452 domni
812 1387 944 1454 Ottonis
967 1390 1076 1473 magni
1100 1397 1132 1452 et
1153 1386 1359 1451 invictissimi
1383 1387 1578 1471 inperatoris
1601 1388 1732 1470 augusti
1755 1387 1819 1467 (ll.)

516 1510 739 1593 Liudigerus⁸
762 1509 977 1574 cancellarius
1000 1509 1149 1574 advicem
1173 1506 1338 1573 Hubertil
1364 1508 1619 1595 archicapellani
1642 1509 1764 1573 notavi.

516 1667 606 1730 Data
626 1683 712 1730 vr111.
733 1665 798 1730 kal.
823 1665 887 1730 feb.
911 1688 997 1730 anno
1022 1665 1183 1749 dominice
1205 1666 1442 1732 incarnationis
1465 1684 1659 1750 Dcccccxx,
1682 1666 1861 1732 indictione
1881 1683 1956 1746 x111‚
1980 1688 2071 1730 anno
2094 1686 2127 1732 ro

416 1771 534 1855 inperii
558 1769 668 1833 domni
693 1768 825 1833 Ottonis
849 1787 937 1854 vr111,
960 1768 1018 1833 filii
1042 1779 1151 1834 autem
1174 1771 1243 1833 eius
1267 1787 1338 1852 11113
1361 1779 1471 1836 actum
1493 1771 1612 1856 Papie3
1635 1774 1669 1836 in
1693 1771 1745 1836 dei
1769 1772 1900 1854 nomine
1922 1793 2032 1836 amen.

1199 2010 1286 2084 387.

425 2165 506 2242 Otto
533 2165 674 2239 scdcalct
699 2165 764 2238 der
790 2163 1091 2262 cr·zbc'scbtiflicbeu
1114 2166 1247 2240 Ktrcte
1269 2166 1330 2238 des
1351 2165 1385 2238 b.
1405 2167 1524 2240 Moris
1546 2194 1591 2240 zu
1609 2166 1836 2266 Mapdebery
1861 2167 1928 2240 dus
1953 2168 2075 2241 bolebec·

417 2314 498 2362 com
524 2286 745 2385 Erzbisclrof
767 2286 935 2360 Folcmer
961 2314 1032 2359 voa
1059 2287 1157 2362 Kale
1183 2315 1228 2360 co
1254 2289 1376 2361 Labeo
1404 2289 1577 2404 basessenc
1603 2288 1678 2365 Get
1702 2288 1905 2362 Bornstedt.

1622 2415 1716 2472 Pario
1739 2417 1802 2474 970
1825 2414 1951 2473 Jaauar
1972 2415 2025 2472 25.
2095 2433 2126 2478 15

523 2599 773 2674 Oriptaaldtplem
794 2601 837 2658 im
859 2599 886 2657 lc.
904 2599 1106 2660 Staatsarchio
1126 2618 1169 2658 aa
1190 2599 1296 2658 Berlin
1320 2599 1384 2679 (A).

522 2755 706 2828 Quassus
728 2754 800 2814 Aac.
825 2755 1021 2828 Mchebarp.
1046 2755 1090 2812 ed.
1111 2763 1135 2826 1,
1159 2757 1200 2815 95
1229 2773 1286 2814 aas
1308 2755 1375 2815 MS.
1406 2757 1455 2815 des
1480 2756 1618 2816 olearias
1641 2780 1682 2810 =
1706 2758 1749 2815 cd.
1772 2764 1813 2827 11,
1838 2761 1876 2816 71
1903 2778 1942 2807 =
1966 2755 2074 2828 Dante

520 2858 591 2919 ΒΑ.
608 2853 672 2929 16⁶,
688 2863 780 2918 21n⁰
796 2863 837 2919 60
862 2883 900 2918 =
924 2857 1106 2930 Iasormetto
1126 2861 1205 2917 iuris
1228 2864 1254 2917 et
1273 2859 1348 2930 facti
1363 2863 1396 2918 in
1414 2861 1575 2920 Tlrrtcclius
1591 2861 1746 2921 Actaeam
1762 2863 1957 2936 juniperum.
1974 2861 2074 2918 secrato

517 2969 548 3034 2,
566 2966 628 3022 475
643 2969 678 3020 n⁰
692 2968 722 3034 1,
749 2987 787 3015 =
812 2962 993 3036 Suqittarius
1014 2964 1048 3020 ia
1062 2963 1179 3036 Boyscn
1193 2962 1271 3036 Ate.
1288 2964 1433 3036 Maffoaia
1447 2970 1477 3036 1,
1495 2967 1567 3025 151.
1592 2999 1634 3009 -
1657 2967 1845 3025 Hctncmoan
1862 2964 1924 3025 01).
1942 2964 2069 3024 Aetoli.

520 3073 550 3139 1,
567 3070 608 3127 35
624 3073 658 3126 πθ
674 3071 714 3127 46
738 3085 794 3127 aas
809 3067 847 3126 A.
871 3099 914 3110 ——
935 3068 1064 3126 Borimer
1079 3068 1152 3140 Rea.
1169 3070 1242 3127 369.
1267 3101 1310 3112 -
1333 3067 1461 3142 Starupf
1472 3071 1544 3142 lter.
1563 3073 1635 3131 482.
2093 3089 2128 3136 eo

523 3223 658 3296 Versasst
680 3242 736 3283 coa
750 3225 820 3284 ΒΗ.
843 3225 963 3284 welcter
984 3225 1061 3282 auct
1083 3224 1139 3283 dea
1156 3225 1286 3294 δοκέωσι,
1312 3224 1358 3282 die
1373 3226 1567 3298 Rccopaitirm
1589 3225 1654 3283 aad
1675 3227 1761 3285 eines
1782 3223 1899 3282 tleiuea
1916 3223 2002 3282 Theti
2020 3223 2076 3281 der

523 3329 679 3402 Detimaq
700 3329 812 3387 setrich
835 3329 899 3387 aad
922 3329 1043 3398 eadticlr,
1066 3329 1208 3387 meroem
1223 3327 1292 3387 Μ.
1317 3329 1371 3387 des
1394 3329 1548 3386 Handmot
1570 3330 1625 3387 mit
1647 3329 1703 3388 den
1726 3328 1857 3387 dosselbe
1879 3326 2075 3384 erictdrcaden

527 3433 647 3493 Wortca
668 3430 864 3506 lriaeuycfttpt
886 3433 973 3504 hade,
998 3433 1046 3490 die
1067 3432 1222 3506 Datiruae
1244 3432 1511 3506 cervollstdndiptc;
1533 3451 1574 3492 aa
1597 3433 1729 3491 lctctmr
1750 3433 1805 3506 apl.
1828 3430 1897 3491 DO.
1915 3433 1987 3490 382.

521 3616 580 3698 (Ο.)
609 3613 624 3698 ’ᾖ
649 3616 687 3680 In
717 3617 847 3682 nomine
877 3627 1009 3700 sauctae
1040 3626 1072 3682 et
1100 3615 1267 3701 individue
1295 3618 1457 3682 trinitatis.
1503 3616 1581 3683 Otto
1607 3618 1718 3683 divina
1740 3618 1871 3682 favente
1897 3615 2074 3682 clementia

418 3723 596 3804 imperator
624 3729 792 3803 augustus.
891 3721 1028 3785 Noverit
1057 3723 1200 3786 omniurn
1228 3721 1374 3786 fidelium
1402 3732 1587 3787 nostrorum
1617 3719 1630 3800 Ξ
1658 3731 1727 3786 tam
1749 3724 1949 3807 presentium
1972 3744 2072 3808 quam
2092 3743 2126 3790 25

418 3824 600 3887 futurorum
629 3822 805 3906 industria,
837 3823 975 3908 qualiter
996 3847 1056 3888 nos
1079 3828 1262 3889 interventu
1285 3824 1404 3908 dilecte
1427 3827 1576 3908 coniugis
1598 3834 1709 3908 nostre
1731 3824 1925 3890 Adalbeidis
1947 3825 2073 3910 filiique

422 3927 585 3990 carissimi
609 3926 856 4010 coimperatoris
881 3935 912 3990 et
934 3928 1125 4012 coequivoci
1149 3929 1252 3993 nostri
1272 3927 1404 3993 Ottonis
1428 3928 1583 4015 quicquid
1607 3928 1709 4014 predii
1732 3928 1852 3994 habere
1876 3929 1936 3993 visi
1960 3951 2073 3993 sumus

420 4031 454 4092 in
475 4029 758 4112 Brrmningisstedi
786 4032 819 4093 in
846 4051 933 4115 pago
957 4029 1180 4114 Northuringa
1207 4034 1240 4095 in
1269 4033 1426 4097 comitatu
1450 4031 1590 4097 Geronis
1618 4033 1764 4112 comitis,
1799 4032 1887 4118 quod
1914 4031 2073 4096 hactenus

420 4133 612 4198 Folcmarus
629 4131 836 4200 Coloniensis
859 4133 1039 4199 aecclesiae
1063 4137 1294 4221 episcopusin
1317 4134 1512 4201 beneficium
1533 4135 1649 4200 babuit
1671 4146 1784 4201 nostra
1807 4146 1973 4221 exparte,
1997 4159 2073 4200 curn
2098 4163 2099 4166 ¹

422 4237 572 4302 omnibus
602 4237 805 4323 appendiciis
836 4241 903 4303 suis
931 4238 1109 4304 mobilibus
1137 4248 1169 4303 et
1197 4238 1417 4304 immobilibus
1441 4242 1533 4304 terris
1557 4239 1654 4304 cultis
1677 4249 1709 4303 et
1730 4239 1860 4304 incultis
1884 4239 1946 4303 viis
1969 4248 2002 4303 et
2025 4241 2073 4302 in·
2092 4260 2127 4306 so

420 4343 482 4405 viis
506 4341 648 4406 exitibus
671 4350 703 4405 et
724 4341 882 4407 reditibus
906 4345 1039 4429 quesitis
1062 4351 1095 4407 et
1117 4343 1320 4429 inquirendis
1342 4342 1395 4406 vel
1419 4342 1569 4408 omnibus
1592 4343 1788 4408 utilitatibus
1812 4343 1855 4408 ad
1884 4344 1970 4408 idem
2000 4365 2073 4430 pre-

421 4444 511 4510 dium
539 4447 608 4510 iure
638 4445 888 4531 pertinentibus,
919 4447 963 4512 ad
994 4469 1076 4532 opus
1106 4455 1138 4510 et
1167 4447 1339 4510 servicium
1369 4448 1472 4510 sancti
1496 4447 1646 4512 Mauricii
1671 4450 1812 4512 martiris
1839 4445 2016 4512 liberaliter
2040 4449 2073 4511 in

420 4559 611 4636 perpetuam
634 4551 867 4636 proprietatem
888 4552 922 4614 in
945 4549 1172 4635 Magadeburg
1195 4548 1353 4615 tradimus
1380 4561 1413 4614 et
1440 4550 1618 4630 donamus,
1650 4559 1685 4614 ut
1716 4549 1955 4635 archiepiscopi
1985 4547 2074 4612 illius

422 4653 600 4718 aecclesiae
628 4655 715 4719 omni
742 4643 1005 4719 contradictione
1034 4663 1160 4718 remota
1189 4653 1346 4718 inoffense
1376 4664 1508 4719 teneant
1530 4664 1562 4717 et
1584 4653 1775 4738 possideant
1797 4663 1830 4717 et
1853 4654 1919 4718 suis
1941 4663 1977 4717 ut
1999 4675 2073 4717 aec·

421 4756 624 4822 clesiasticas
646 4781 698 4822 res
722 4759 816 4822 iuxta
837 4757 965 4823 libitum
988 4756 1101 4821 usibus
1120 4756 1309 4840 adiungunt.
1345 4759 1388 4823 Et
1403 4769 1439 4822 ut
1453 4758 1516 4823 hoc
1532 4768 1641 4842 nostre
1658 4761 1862 4823 auctoritatis
1878 4769 2072 4848 preceptum
2092 4785 2126 4832 35

420 4861 473 4926 vel
496 4862 734 4926 munificentiae
758 4872 867 4946 nostre
891 4861 1013 4925 donum
1034 4861 1164 4924 firmum
1186 4873 1218 4925 et
1247 4861 1475 4926 inconvulsum
1497 4871 1629 4927 maneat
1652 4884 1709 4947 per
1732 4884 1925 4926 successura
1948 4871 2073 4946 tempo-

420 4986 492 5028 rum
522 4965 700 5047 cmm'cula,
732 4975 857 5030 cartam
885 4964 970 5029 hanc
1000 4963 1164 5028 conscribi
1195 4975 1227 5029 et
1256 4965 1345 5030 anuli
1375 4967 1478 5030 nostri
1509 4967 1724 5050 impressione
1756 4967 1876 5049 signari
1908 4967 2072 5047 iussimus,

423 5089 521 5153 quam
545 5078 578 5133 et
600 5091 699 5133 manu
721 5071 854 5154 propria
878 5067 991 5132 subtus
1014 5067 1227 5132 firmavimus.

524 5223 538 5304 l
560 5223 697 5308 Signum
720 5225 842 5290 domini
867 5223 998 5290 Ottonis
1024 5225 1089 5306 (M.)
1114 5227 1225 5310 magni
1248 5237 1280 5291 et
1301 5228 1508 5291 invictissimi
1530 5228 1763 5312 imperatoris³
1784 5230 1926 5312 augusti.
1949 5224 1963 5310 Ξ

525 5343 757 5431 {Liudigerus
780 5346 930 5411 advicem
953 5346 1092 5432 Huperti
1117 5346 1394 5433 archicappellani
1418 5351 1604 5433 recognovi.
1627 5344 1642 5426 i
1853 5351 1910 5428 (SI.
1928 5350 1969 5430 5.)
1991 5350 2074 5430 (SR.)
2092 5371 2126 5418 40

509 5532 568 5588 ³8⁰.
595 5536 821 5656 membrumque
839 5535 867 5586 D
971 5537 995 5600 e)
1012 5537 1194 5604 magdeburch
1213 5538 1242 5588 D
1343 5539 1456 5604 f)quod
1476 5537 1526 5589 OD
1623 5539 1650 5604 g)
1667 5511 1827 5605 Lludigerus
1844 5536 1874 5590 D
1971 5538 1999 5600 b)
2018 5539 2074 5589 Wi-

594 5622 628 5671 pe
653 5623 663 5656 1
710 5643 716 5654 .

510 5706 570 5764 387.
597 5707 706 5779 [Sicltsl]
