4546 6420
415 404 478 472 598
988 377 1461 471 'nnisnnnanunnan

415 607 447 661 et
468 594 642 661 universali
666 617 752 680 papa
773 595 861 660 beati
884 596 971 659 Petri
994 593 1135 680 apostoli
1158 596 1264 658 vicem
1287 603 1418 678 gerente
1441 602 1473 658 ct
1496 615 1554 678 per
1576 591 1756 678 apostolice
1781 585 2101 675 sueauctoritatis

414 699 618 784 privilegium
642 699 864 779 confirmante,
888 720 962 762 cum
986 697 1113 783 prefata
1136 697 1270 762 abbatia
1294 695 1389 780 sio[ut
1412 698 1560 781 primitus
1582 698 1615 759 in
1638 717 1784 780 regnum,
1809 697 1862 758 ita
1892 701 1928 754 et
1959 687 2102 773 nu]uc⁰

414 805 446 868 in
469 805 639 888 imperium
663 801 812 866 dotamus
838 800 1063 886 s[ublimamus
1087 811 1119 865 et
1141 799 1413 884 corrobo]ramus,
1449 801 1665 885 precipientes
1688 796 1845 862 videlicet
1872 805 1908 860 et
1934 815 2005 879 per
2031 791 2102 855 boc

414 917 525 989 nostre
555 907 759 970 auctoritatis
789 905 994 990 privilegium
1024 904 1207 968 firmissime
1237 901 1459 986 decernente[s
1482 913 1519 966 ut
1540 902 1626 968 idem
1649 901 1753 986 locus]
1786 901 1842 965 cui
1873 895 2101 964 venerabilis

415 1011 464 1074 vir
485 1007 675 1073 Williherus
699 1008 802 1072 abbas
825 1010 890 1071 iam
913 1030 1042 1092 preesse
1066 1006 1253 1088 dinoscitur,
1278 1029 1298 1070 a
1321 1009 1410 1089 regni
1435 1005 1511 1070 dote
1535 1027 1737 1091 quacumque
1760 1014 1832 1070 arte
1860 1002 1919 1067 vcl
1948 1001 2138 1084 ingenios

414 1133 591 1198 numquam
614 1110 774 1176 avellatur
800 1132 860 1174 neo
891 1111 989 1174 alicui
1019 1109 1087 1193 sedi
1116 1109 1169 1174 vel
1197 1111 1355 1193 aecclesie
1384 1132 1444 1174 nec
1474 1108 1572 1174 alicui
1602 1108 1849 1191 aecclesiastice
1883 1109 1965 1171 sive
1999 1127 2101 1168 mun-

415 1215 498 1299 danq
523 1237 660 1300 persone
682 1213 805 1278 famula
828 1223 886 1276 aut
907 1213 1083 1299 appendex
1105 1237 1260 1300 nmquam
1283 1214 1466 1296 subiaceat,
1499 1213 1557 1278 sed
1587 1214 1670 1278 sicut
1702 1213 1760 1277 sub
1793 1209 2100 1298 predecessorum

414 1329 598 1384 nostrorum
629 1323 675 1383 sic
705 1318 764 1383 sub
793 1328 904 1382 nostro
936 1339 1064 1403 quoque
1094 1341 1383 1404 successorumque
1412 1329 1599 1383 nostrorum
1628 1316 1863 1382 mundiburdio
1900 1325 1939 1379 et
1977 1313 2101 1378 defen-

413 1425 504 1486 sione
537 1433 569 1487 et
602 1421 782 1506 apostolice
817 1421 904 1506 sedis
939 1420 1052 1486 dotata
1086 1424 1263 1486 munimine
1294 1421 1335 1486 ab
1367 1423 1454 1486 omni
1488 1419 1741 1506 perturbationis
1776 1419 1946 1483 molestia
1985 1416 2100 1480 libera

414 1550 541 1612 semper
564 1537 596 1592 et
617 1528 769 1590 immunis
792 1536 991 1610 permaneat.
1038 1527 1251 1591 Decernimus
1281 1528 1378 1591 etiam
1408 1535 1505 1610 atquc
1528 1525 1755 1598 constituimus
1777 1532 1814 1587 ut
1841 1523 2010 1607 prefatus
2037 1520 2099 1584 ab·
2122 1533 2154 1580 10

412 1631 474 1695 bas
505 1652 680 1715 omnesque
710 1632 758 1694 sui
789 1652 994 1694 successores
1025 1629 1170 1714 predicte
1200 1630 1330 1713 coniugi
1353 1637 1479 1712 nostrq,
1504 1626 1683 1711 Adelhcide
1707 1626 1834 1691 scilicet
1858 1625 2099 1710 imperatrici,

414 1733 550 1818 aliisque
580 1743 655 1819 post
683 1733 773 1798 illam
801 1734 921 1816 reginis
951 1733 1002 1796 vel
1031 1733 1293 1817 imperatricibus
1316 1731 1360 1796 ad
1383 1731 1543 1817 capellam
1568 1731 1610 1796 ad
1633 1752 1778 1796 mensam
1802 1732 1839 1794 in
1866 1730 1973 1793 curia
1998 1728 2100 1812 regia

414 1839 557 1901 serviant
579 1846 611 1902 et
634 1837 799 1901 servitium
823 1834 911 1921 quod
933 1837 966 1899 in
992 1835 1133 1900 secundo
1159 1857 1286 1921 semper
1308 1857 1394 1900 anno
1419 1835 1459 1898 de
1482 1834 1596 1898 eadem
1619 1833 1752 1898 abbatia
1769 1832 1929 1897 dictante
1952 1832 2100 1895 iusticia

414 1940 520 2005 daturi
544 1948 628 2028 sunt,
661 1938 722 2003 sibi
746 1938 931 2003 exhibeant.
977 1938 1045 2024 Ipsi
1068 1960 1146 2002 vero
1171 1940 1438 2023 quotiescumque
1462 1938 1505 2002 ad
1527 1937 1671 2022 regalem
1694 1939 1819 2001 curiam
1845 1936 2027 2016 venerint,
2055 1935 2100 1998 de

412 2045 503 2127 regia
533 2065 644 2108 mensa
673 2052 851 2128 pascantur
879 2053 911 2106 et
939 2043 1023 2106 inter
1051 2029 1194 2106 curiales
1221 2052 1253 2105 et
1276 2042 1475 2106 domesticos
1497 2043 1584 2125 regis
1607 2050 1639 2105 ct
1661 2042 1771 2124 regine
1795 2040 1856 2125 qui
1881 2041 1988 2122 regio
2015 2038 2098 2102 cibo
2120 2057 2152 2104 lo

412 2157 603 2230 vescuntur,
634 2170 698 2212 non
728 2147 828 2211 infimi
858 2169 985 2230 semper
1013 2145 1210 2228 habeantur,
1242 2155 1338 2232 prout
1368 2144 1462 2210 decet
1490 2137 1581 2209 illum
1612 2145 1876 2209 sacratissimum
1911 2142 2039 2208 locum
2065 2153 2100 2206 ct

413 2252 597 2336 provisores
617 2273 655 2314 ac
675 2252 840 2314 ministros
863 2249 949 2313 illius
969 2250 1143 2334 aecclesie,
1169 2274 1227 2335 per
1242 2272 1339 2336 quam
1356 2251 1464 2314 cuncti
1479 2272 1573 2334 reges
1590 2258 1621 2313 et
1635 2251 1853 2332 imperatores
1872 2269 1940 2332 per
1958 2248 2099 2311 vicissi-

412 2352 539 2419 tudines
562 2364 746 2437 temporum
769 2373 844 2416 curn
867 2354 934 2416 suis
957 2353 1151 2436 coniugibus
1174 2355 1207 2416 in
1230 2373 1366 2436 regnum
1390 2361 1422 2416 et
1439 2354 1611 2437 imperium
1628 2373 1755 2436 semper
1771 2351 2098 2417 confirmabuntur.

413 2456 591 2521 Statuimus
621 2458 753 2540 insuper
783 2465 815 2536 et
845 2455 906 2519 hac
933 2466 1045 2521 nostra
1068 2456 1228 2541 imperiali
1251 2458 1445 2520 auctoritate
1469 2455 1511 2520 ad
1535 2455 1733 2540 prebendam
1756 2455 1906 2519 fratrum
1933 2457 1974 2520 in
2001 2465 2099 2519 ante-

413 2560 498 2625 dicto
522 2561 718 2624 monasterio
743 2559 804 2623 deo
829 2561 1015 2644 sanctisque
1039 2561 1108 2624 eius
1133 2558 1349 2624 servientibus
1373 2558 1585 2624 corroborare
1608 2559 1811 2624 decrevimus
1831 2559 2012 2643 quicquid
2029 2558 2094 2624 sub
2114 2575 2148 2623 20

411 2661 673 2726 antecessoribus
701 2662 821 2726 nostris
849 2659 1082 2742 Constantine,
1106 2663 1315 2747 Dagoberto,
1339 2663 1496 2747 Pippino,
1519 2661 1661 2740 Karolo,
1686 2660 1828 2726 Arnulfo
1856 2673 1892 2726 et
1920 2663 2097 2728 Heinrico

412 2776 504 2851 patre
528 2776 638 2830 nostro
664 2765 707 2830 ad
730 2775 844 2829 nostra
866 2787 969 2851 nsque
993 2775 1139 2850 tempora
1163 2765 1206 2830 ad
1229 2763 1476 2850 peculiariteml
1499 2765 1629 2830 illorum
1652 2766 1684 2829 in
1708 2765 1888 2830 aecclesiis
1915 2777 1985 2831 aut
2008 2767 2098 2832 locis

413 2868 667 2934 subternotatis
691 2871 851 2954 pertinere
873 2868 1058 2950 videbatur,
1082 2879 1117 2934 ut
1139 2893 1181 2932 ex
1204 2869 1254 2933 his
1278 2870 1398 2934 vietum
1423 2877 1520 2954 atque
1542 2870 1696 2934 vestitum
1719 2879 2000 2955 consequantur,
2030 2871 2098 2936 hoc

412 2983 462 3037 est
484 2971 604 3057 Apula,
629 2971 833 3055 Suaueheim,
858 2972 1101 3055 Euernesheim,
1126 2971 1336 3054 Mannendal,
1359 2971 1525 3055 Narheim,
1553 2971 1760 3054 Bukinheim,
1789 2972 1978 3058 Alsontia,
2014 2975 2097 3041 Sce-

410 3074 589 3159 ringesfelt,
606 3075 830 3157 Vkinesheim,
846 3075 1025 3156 Basinbah,
1043 3075 1197 3159 Siemera,
1220 3074 1522 3157 Gunthereshusun,
1546 3076 1712 3160 Ruosbah,
1736 3074 1966 3160 Holzhusun,
1993 3079 2096 3144 Fole-
2115 3096 2149 3146 25
2194 3115 2204 3136 ·

411 3178 614 3259 maresbach,
637 3179 817 3261 Riuenaha,
842 3179 979 3260 Loauia,
1003 3177 1217 3263 Windingun,
1242 3179 1438 3261 Ochisheim,
1462 3179 1705 3262 Ratheresdorf,
1724 3179 1859 3262 Bustat,
1878 3181 2095 3265 Meisbrath,

411 3283 536 3364 Eben0,
560 3284 698 3347 Decima
714 3294 745 3347 et
761 3283 865 3348 Vallis
882 3305 957 3348 cum
973 3285 1040 3348 suis
1057 3285 1261 3368 pertinentiis
1282 3284 1485 3366 Markedeth,
1504 3284 1686 3367 Daleheim,
1710 3284 1893 3367 Linniche,
1922 3287 2095 3369 Mierske,

409 3386 601 3470 Euerlinga,
625 3385 709 3449 Fula
732 3395 763 3450 ct
787 3385 876 3472 quod
897 3387 931 3450 in
955 3408 1040 3470 pago
1065 3385 1223 3450 Salnense
1246 3385 1297 3450 vel
1320 3388 1354 3451 in
1377 3387 1508 3452 civitate
1536 3387 1673 3452 Metensi
1703 3386 1756 3451 vel
1786 3390 2028 3455 circumcirca
2060 3393 2095 3455 in

411 3489 488 3554 villa
504 3489 627 3554 Wilere
643 3492 675 3553 in
692 3490 795 3554 vineis
819 3500 875 3554 aut
898 3491 986 3572 agris
1008 3489 1130 3554 habere
1146 3490 1297 3555 videntur
1319 3491 1371 3554 vel
1393 3493 1425 3554 in
1451 3513 1536 3576 pago
1553 3491 1720 3574 Nahgowe
1743 3493 1776 3555 in
1799 3491 1857 3556 his
1882 3493 2093 3560 aecclesiis:

412 3592 674 3673 Gozoluesheim,
698 3591 861 3673 Albucho,
880 3591 1097 3675 Wieldistein,
1117 3593 1311 3678 Wienheim,
1336 3605 1393 3660 aut
1417 3596 1509 3660 iuxta
1532 3595 1704 3661 Mosellam
1730 3595 1993 3682 Diedenhown,
2021 3601 2094 3664 sive
2113 3617 2146 3664 30

412 3695 500 3781 quod
522 3694 608 3760 ultra
625 3695 774 3760 Rhenum
799 3697 832 3758 in
855 3705 945 3759 curte
969 3719 1030 3781 quq
1053 3696 1206 3761 Prichina
1229 3708 1367 3763 vocatur
1389 3721 1463 3763 cum
1488 3699 1636 3764 omnibus
1660 3699 1703 3764 ad
1726 3721 1801 3764 eam
1826 3702 2093 3785 pertinentibus

410 3811 541 3864 sanctus
571 3799 771 3863 Maximinus
801 3797 921 3863 habere
953 3798 1095 3882 videtur,
1126 3800 1364 3888 Murmirdinga
1388 3812 1420 3867 et
1443 3803 1683 3887 Druhdildinga
1715 3826 1777 3889 que
1809 3805 1856 3868 ad
1891 3805 2026 3871 cellam
2059 3810 2094 3872 in

408 3905 543 3967 Tauena
565 3905 710 3987 aspicere
734 3902 923 3987 probantur.
959 3904 1051 3968 llaec
1074 3905 1173 3987 igitur
1195 3905 1269 3968 loca
1293 3916 1325 3968 et
1348 3904 1620 3990 possle]ss[io]nes
1644 3918 1675 3970 et
1699 3929 1813 3971 omnes
1834 3912 1954 3974 sancti
1976 3911 2093 3975 Maxi-

408 4006 485 4070 mini
516 4006 693 4071 aecclesias
723 4028 797 4070 cum
828 4005 963 4070 decimis
991 4017 1023 4072 et
1053 4006 1162 4071 salicis
1191 4007 1463 4074 decimationibus
1493 4009 1536 4074 ad
1565 4009 1764 4095 prebendam
1793 4010 1951 4078 fratrum
1984 4024 2021 4078 et
2045 4015 2092 4080 ad

406 4132 484 4174 usus
514 4109 678 4194 hospitum
707 4113 951 4195 peregrinorum
981 4133 1020 4174 ac
1051 4132 1230 4195 pauperum
1260 4110 1448 4196 delegamus
1472 4123 1504 4178 et
1527 4113 1786 4178 corroboramus.
1828 4115 1876 4178 Et
1902 4127 1945 4181 ut
1970 4119 2091 4184 nullus
2109 4133 2141 4182 35

408 4233 633 4276 successorum
656 4223 839 4278 nostrorum
863 4235 975 4297 regum
992 4213 1044 4277 vel
1067 4215 1303 4298 imperatorum
1326 4238 1431 4301 neque
1454 4216 1558 4282 abbas
1581 4217 1725 4303 aliquam
1748 4217 1788 4281 de
1813 4220 1990 4303 predictis
2017 4245 2092 4288 cur-

408 4325 474 4379 tem
497 4314 548 4380 vel
571 4315 764 4380 aecclesiam
789 4319 941 4403 cuiquam
964 4316 1161 4382 beneficiare
1184 4328 1366 4401 presumat,
1399 4341 1456 4403 per
1479 4320 1541 4384 hoc
1564 4331 1673 4404 nostre
1696 4322 1914 4387 auctoritatis
1942 4347 2092 4410 precep-

407 4428 475 4482 tum
496 4419 679 4484 firmissime
702 4422 909 4506 precipimus.
947 4422 990 4485 Et
1013 4431 1049 4485 ut
1071 4420 1133 4483 hoo
1158 4420 1246 4505 quod
1269 4421 1313 4485 ad
1335 4421 1491 4488 honorem
1515 4425 1605 4506 regni
1629 4424 1730 4487 nostri
1754 4433 1786 4487 et
1810 4424 1955 4510 imperii
1982 4440 2018 4492 et
2045 4429 2091 4495 ad

406 4520 578 4585 utilitatem
602 4521 746 4586 eiusdem
768 4521 832 4586 loci
857 4524 1044 4606 statuimus,
1080 4525 1208 4588 firmum
1232 4547 1361 4610 semper
1384 4535 1416 4590 et
1439 4525 1555 4592 stabile
1579 4535 1782 4611 permaneat,
1820 4540 1962 4595 cartam
1996 4533 2090 4597 hanc

405 4625 481 4689 inde
504 4625 668 4690 conscribi
691 4637 723 4690 et
746 4627 842 4710 sigilli
866 4629 968 4693 nostri
993 4629 1206 4712 impressione
1228 4631 1383 4694 iussimus
1406 4631 1563 4715 insigniri.
2106 4651 2140 4698 so

507 4825 521 4866 ,
543 4781 678 4866 Signum
702 4782 813 4846 domni
837 4779 966 4846 Ottonis
990 4785 1101 4866 magni
1127 4785 1191 4864 (M.)
1217 4793 1250 4847 et
1272 4786 1477 4850 invictissimi
1499 4787 1704 4871 imperatoris
1727 4790 1877 4870 augusti.
1905 4788 1921 4874 Ξ

505 4901 715 4984 llLiudolfus
739 4902 952 4967 cancellarius
977 4903 1127 4969 advicem
1151 4904 1352 4970 Uuillihelmi
1376 4908 1563 4991 recognovi.
1587 4906 1600 4987 ξ
1942 4916 2010 4993 (SI.
2032 4919 2087 4996 D.)

507 5057 596 5121 Data
705 5068 825 5122 θ1111110
851 5058 1011 5142 dominicq
1040 5061 1276 5123 incarnationis
1306 5049 1508 5144 Decccnxil,
1543 5061 1718 5127 indictione
1743 5078 1774 5142 V,
1811 5083 1907 5128 anno
1942 5069 2086 5154 imperii

405 5158 515 5224 domni
533 5159 662 5226 Ottonis
686 5180 713 5242 1,
738 5163 829 5247 regni
853 5183 929 5225 vcro
955 5163 1152 5226 serenissimi
1176 5165 1262 5246 regis
1280 5161 1411 5228 Ottonis
1435 5165 1492 5230 filii
1515 5166 1585 5228 eius
1608 5183 1650 5246 113
1674 5171 1784 5228 actum
1804 5164 1937 5252 Rome3
1963 5172 2002 5236 in
2031 5174 2088 5240 dci

406 5265 537 5327 nomine
560 5264 698 5347 feliciter
720 5287 825 5328 amen.
2107 5299 2142 5346 45

489 5451 547 5504 442.
575 5453 685 5585 clsdp'latse
695 5453 817 5572 apdkdia
836 5455 952 5504 scete-er
971 5454 1158 5519 Biyt-nzunpen
1180 5457 1248 5507 tiocli
1273 5457 1325 5508 Bo
1425 5460 1451 5518 il)
1474 5458 1494 5508 A
1517 5465 1577 5508 stutt
1602 5459 1813 5524 peculiaritatem
1932 5473 1958 5522 c)
1983 5484 2088 5518 renarra.

571 5538 603 5586 pc
616 5540 633 5572 u
664 5538 678 5571 e
737 5541 749 5571 c
769 5538 789 5572 a.
