4560 6420
882 407 1007 469 oruc
1029 411 1053 474 1.
1077 407 1149 470 948.
1473 461 1475 466 ,
1776 401 1839 472 185

194 593 339 658 omnium
361 591 505 658 fidelium
527 603 713 658 nostrorum
735 595 934 678 presentium
954 602 1039 656 necc
1060 615 1127 656 non
1141 602 1175 656 et
1188 592 1370 660 intimorum
1388 591 1558 676 industria,
1582 594 1721 678 qualiter
1742 593 1841 660 dilec-

192 706 244 761 tus
267 718 441 782 germanus
464 706 575 761 noster
589 695 680 760 Brun
701 697 833 760 nomine
849 705 882 758 et
896 695 1112 762 Berehtoldus
1135 695 1285 760 Iudensis
1307 698 1496 762 monasterii
1518 695 1714 765 venerabilis
1736 697 1841 763 abbas

192 808 338 863 nostram
361 798 510 863 adieumt
532 798 735 883 postulantes
758 798 962 883 regalitatem
973 797 996 882 ἁ,
1030 810 1067 864 ut
1088 799 1259 884 privilegia
1282 822 1344 885 quq
1367 810 1595 866 anteessores⁶
1623 801 1726 865 nostri
1749 823 1842 885 reges

193 899 237 964 ad
264 902 496 965 monasterium
528 899 616 986 quod
644 911 694 964 est
720 902 754 964 in
781 900 906 966 honore
938 900 1061 966 domini
1089 912 1122 966 et
1147 901 1323 967 salvatoris
1351 904 1454 968 nostri
1482 903 1558 968 Iesu
1580 901 1702 968 Christi
1723 903 1844 990 super‘

157 1003 325 1069 ofluvium
347 1003 431 1067 Iuda
453 1012 694 1087 constructum,
717 1003 773 1068 ubi
796 999 942 1090 prefatus
964 1003 1159 1069 venerabilis
1180 1004 1286 1070 abbas
1308 1004 1678 1093 Berehtolduspreesae
1701 1007 1841 1073 dinosci-

190 1117 257 1189 tur,
281 1107 501 1190 donaverunt,
523 1130 564 1171 ea
585 1107 739 1173 videlieet
759 1119 869 1193 nostre
893 1111 1096 1174 auctoritatis
1125 1111 1302 1175 munimine
1329 1131 1571 1175 renovaremus.
1615 1111 1741 1175 Eorum
1761 1133 1840 1177 vero

192 1213 365 1296 petitiones
392 1210 534 1297 benigno
563 1216 672 1278 animo
701 1216 917 1298 suscipientes
944 1215 1098 1279 iussimus
1120 1213 1196 1278 inde
1218 1213 1281 1278 hoc
1303 1235 1437 1299 presens
1460 1225 1651 1301 preceptum
1677 1215 1841 1280 conscribi

180 1335 249 1398 per
277 1314 366 1400 quod
392 1315 542 1382 volumus
570 1316 769 1403 firmiterque
796 1317 962 1400 iubemus,
996 1328 1032 1383 ut
1059 1315 1167 1383 nullus
1189 1317 1290 1382 iudex
1312 1316 1462 1403 publicus
1485 1319 1661 1402 superioris
1683 1327 1741 1383 aut
1761 1319 1841 1383 infe·
1900 1339 1903 1342 ·

153 1433 158 1444 “
190 1417 285 1482 rioris
315 1417 514 1483 ordinis-rei
543 1419 674 1506 publice
702 1431 897 1507 procurator
925 1419 969 1485 ad
998 1441 1116 1485 causas
1145 1419 1291 1486 iudicio·
1319 1441 1409 1485 more
1437 1419 1617 1485 audiendas
1645 1422 1679 1498 in
1705 1420 1841 1484 cellulas

142 1535 174 1583 ιο
190 1519 348 1603 ecclesias
371 1531 428 1585 aut
450 1521 546 1586 villas
569 1545 627 1588 seu
648 1523 790 1610 reliquas
813 1526 1037 1610 possessiones
1059 1543 1142 1609 quas
1160 1522 1317 1588 moderno
1336 1533 1482 1609 tempore
1499 1527 1533 1588 in
1552 1523 1750 1610 quibuslibet
1768 1546 1842 1609 pro·

190 1624 307 1688 vinciis
342 1634 399 1690 aut
431 1627 600 1690 territoriis
629 1628 757 1712 imperii
787 1629 890 1692 nostri
915 1627 1063 1712 possidet
1090 1627 1142 1692 vel
1174 1626 1328 1713 deinceps
1355 1630 1390 1691 in
1421 1629 1489 1694 iure
1518 1630 1621 1714 ipsius
1652 1629 1841 1693 monasterii

191 1725 304 1791 divina
330 1729 435 1812 pietas
462 1719 601 1795 voluerit
631 1733 759 1816 augeri,
793 1732 919 1816 ingredi
948 1742 1114 1817 presumat
1140 1753 1202 1796 nec
1229 1729 1322 1795 freda
1349 1741 1407 1796 aut
1434 1731 1554 1796 tributa
1577 1731 1630 1795 vel
1657 1734 1849 1796 mansiones

190 1840 248 1895 aut
269 1842 402 1917 paratas
425 1843 483 1897 aut
505 1834 668 1901 teloneum
690 1837 864 1922 ripaticum
893 1837 1090 1921 portaticum
1119 1837 1322 1920 pontaticum
1345 1834 1554 1899 salutaticum
1576 1837 1750 1898 rotaticum
1772 1834 1842 1920 pul-

190 1937 370 2000 veraticum
398 1936 595 2003 trabaticum
622 1948 680 2004 aut
707 1938 915 2004 fideiussores
944 1938 1057 2004 tollere
1086 1949 1143 2003 aut
1163 1937 1314 2002 homines
1336 1947 1405 2001 tam
1427 1937 1585 2021 ingenuos
1609 1955 1708 2021 quam
1730 1959 1842 2001 servos

141 2057 289 2124 iusuper
317 2050 435 2105 terram
465 2043 558 2107 istius
586 2044 775 2108 monasterii
805 2053 1049 2108 commanentes
1079 2043 1273 2125 distringere
1293 2063 1355 2105 nec
1377 2039 1461 2104 ullas
1484 2039 1633 2125 publicas
1659 2039 1842 2104 frmctiones

191 2138 249 2207 aut
270 2142 480 2209 redibitiones
502 2145 555 2210 vel
578 2145 708 2212 illicitas
732 2149 925 2212 occasiones
946 2149 1120 2233 requirere,
1142 2145 1262 2232 quibus
1284 2145 1318 2208 in
1341 2144 1451 2229 aliquo
1473 2143 1586 2208 idem⁸
1608 2145 1843 2209 monasterium
1940 2187 1945 2202 ι

192 2245 318 2333 sibique
341 2247 479 2313 subiecti
503 2249 637 2335 aliquod
657 2253 776 2316 iniuste
798 2253 971 2337 paciantur
992 2248 1253 2331 incommodum,
1286 2249 1406 2313 nostris
1435 2247 1616 2333 intimisque
1643 2246 1843 2333 temporibus

193 2352 366 2436 quisquam
394 2354 585 2417 temerarius
616 2356 737 2418 existat
758 2356 814 2439 qui
836 2353 872 2419 id
892 2353 1081 2419 faciendum
1102 2352 1262 2416 inlicitam
1285 2350 1347 2415 sibi
1369 2359 1566 2435 potestatem
1590 2350 1765 2416 attribuere
1787 2371 1844 2415 au·

192 2451 278 2535 deat,
302 2453 361 2518 sed
383 2452 481 2519 liceat
502 2465 682 2520 memorato
707 2456 818 2522 abbati
842 2455 999 2543 suisque¹¹
1022 2456 1266 2524 successoribus
1290 2476 1403 2520 omnes
1424 2477 1476 2519 res
1494 2453 1632 2539 predicti
1655 2455 1845 2519 monasterii

140 2572 174 2619 20
192 2555 253 2620 sub
275 2557 478 2622 inmunitatis
500 2569 610 2643 nostre
634 2559 822 2625 defensione
845 2559 975 2646 quietoi
998 2559 1111 2625 ordine
1133 2559 1311 2645 possidere.
1349 2559 1393 2624 Et
1415 2557 1571 2643 quicquid
1590 2556 1629 2622 de
1651 2556 1749 2622 rebus
1772 2579 1843 2642 pre·

192 2660 296 2723 notati
318 2662 507 2726 monasterii
528 2660 654 2728 fiscusk
674 2685 807 2748 sperare
830 2673 967 2748 poterat,
990 2673 1095 2730 totum
1117 2684 1179 2727 nos
1202 2685 1261 2748 pro
1285 2672 1397 2746 eterna
1419 2661 1677 2726 remuneratione
1695 2659 1842 2746 predicto
1896 2707 1908 2716 -

193 2761 402 2828 concedimus
425 2766 622 2830 monasterio
646 2766 731 2831 sicut
753 2777 785 2831 et
807 2766 1055 2851 predecessores
1078 2765 1217 2848 nostri¹,
1251 2775 1288 2828 ut
1316 2765 1467 2850 perennis
1496 2762 1698 2846 temporibus
1727 2763 1760 2826 in
1786 2761 1843 2825 ali-

192 2867 301 2930 monia
332 2888 513 2951 pauperum
538 2877 571 2932 et
599 2867 643 2932 ad
671 2869 835 2955 stipendia
865 2870 1100 2934 monachorum
1129 2868 1252 2933 ibidem
1281 2867 1342 2933 deo
1371 2866 1600 2931 famulantium
1630 2866 1781 2951 proficiat
1810 2868 1844 2931 in

88 3009 90 3014 ,
192 2973 391 3054 augmentis,
426 2981 586 3057 quatenus
614 2975 704 3058 ipsos
735 2997 846 3039 servos
874 2973 927 3039 dei
958 2975 1012 3057 qui
1038 2973 1161 3038 ibidem
1183 2972 1244 3036 deo
1266 2969 1467 3036 famulantur
1489 2991 1548 3055 pro
1570 2965 1666 3033 nobis
1689 2968 1845 3054 proleque

141 3087 175 3136 ao
192 3083 306 3138 nostra
328 3083 361 3137 et
382 3073 561 3140 stabilitate
582 3078 674 3159 regni
700 3079 804 3142 nostri
827 3100 847 3141 a
870 3077 930 3142 deo
959 3077 1055 3141 nobis
1084 3075 1195 3140 collati
1224 3076 1358 3159 eiusque
1385 3073 1609 3137 misericordia
1636 3095 1696 3158 per
1723 3074 1846 3136 inmen-

193 3197 264 3239 sum
287 3177 502 3241 conservandi
525 3180 642 3263 iugiter
664 3180 923 3245 misericordiam
946 3201 1084 3245 exorare
1106 3178 1255 3244 delectet.
1293 3177 1337 3241 Et
1354 3185 1391 3242 ut
1408 3175 1468 3240 hec
1490 3177 1669 3240 auotoritas
1691 3175 1844 3240 nostrisln

192 3277 373 3364 futurisque
406 3281 608 3366 temporibus
643 3280 775 3348 domino
809 3293 999 3368 protegente
1032 3282 1140 3347 valeat
1172 3269 1366 3346 inconvulsa
1399 3301 1545 3362 manere,
1581 3299 1681 3343 manu
1713 3278 1847 3363 propria

192 3391 306 3446 nosne
329 3382 440 3448 subter
461 3385 661 3451 firmavimus
683 3386 848 3472 anuloque
869 3396 981 3450 nostro
1005 3384 1211 3450 corroborari
1234 3385 1450 3470 precepimus.

297 3553 312 3636 ξ
333 3556 470 3642 Signum
494 3559 605 3625 domni
630 3559 759 3626 Ottonis
785 3562 849 3642 (Μ.)
872 3560 1079 3625 invictissimi
1100 3558 1197 3642 regis.
1219 3555 1234 3636 l

143 3690 176 3737 30
242 3775 246 3780 1
296 3671 422 3753 {Bnm
439 3677 654 3744 cancellarius
670 3679 819 3747 advicem
833 3681 990 3748 Radberti
1006 3680 1284 3766 archicappellani
1299 3679 1487 3764 recognovi.
1504 3679 1519 3759 l
1538 3679 1596 3760 (SI.
1609 3677 1661 3757 D.)
1684 3677 1754 3758 (SR.
1770 3678 1846 3758 Nu.)

298 3847 387 3912 Data
410 3867 456 3913 vl.
479 3872 555 3915 non.
579 3853 654 3914 mai.
679 3873 765 3916 anno
789 3851 911 3917 domini
940 3869 1178 3938 Dccccxnvm,
1202 3851 1400 3918 indictione¹
1423 3869 1491 3935 vll,
1514 3861 1669 3937 regnante
1692 3851 1747 3935 pio
1770 3872 1846 3934 rege

196 3948 317 4014 Ottone
342 3973 428 4016 anno
452 3963 665 4035 xm3¹actum
688 3953 887 4040 Aquisgrani
910 3955 1046 4040 palacii3
1067 3958 1101 4020 in
1125 3954 1259 4022 domiuo
1281 3956 1419 4022 feliciter
1439 3979 1545 4022 amen.

976 4247 1062 4322 103.

204 4413 284 4490 Otto
311 4417 473 4516 bestt’tiqt
497 4419 577 4491 dem
602 4418 749 4492 Kloster
773 4415 932 4494 Senones
960 4419 1018 4493 die
1044 4420 1259 4492 Immoaitdt
1283 4418 1364 4491 aad
1388 4418 1458 4491 den
1486 4417 1721 4490 Besitzstond.

144 4577 178 4625 36
1238 4597 1242 4602 ·
1378 4560 1540 4634 Imelbeim
1562 4562 1626 4620 948
1646 4557 1729 4618 Jwa'
1752 4560 1802 4618 11.

298 4783 453 4855 Abschrist
474 4802 539 4843 vom
554 4783 586 4843 J.
604 4786 690 4844 1628
711 4785 755 4842 im
771 4781 840 4842 Ood.
864 4783 915 4842 lat.
940 4788 1027 4846 9202
1047 4783 1072 4856 f.
1088 4787 1132 4844 87
1153 4783 1206 4842 der
1226 4784 1529 4844 Nutioaalbibliotlwk
1550 4802 1591 4841 ιιι
1613 4782 1702 4841 Poris
1720 4779 1782 4860 (A).
1804 4815 1847 4824 -

296 4884 460 4945 Glonalor
486 4905 542 4945 oon
572 4885 698 4946 Smoaes
725 4903 782 4945 aas
811 4885 877 4944 deva
904 4886 991 4946 ane
1018 4887 1069 4948 des
1096 4892 1147 4947 17.
1171 4887 1225 4960 Jt.
1247 4905 1284 4964 p.
1307 4890 1350 4949 25
1379 4889 1422 4946 im
1443 4885 1787 4960 Departeowatotarchiv
1807 4903 1848 4944 ιιι

298 4991 412 5063 Epind
434 5007 491 5049 aas
512 4989 543 5047 A
565 4988 575 5067 (
604 4987 624 5068 ).

300 5161 411 5222 Cotmet
433 5164 512 5222 Hist.
537 5162 572 5220 de
594 5161 743 5221 Lorraiae
764 5161 808 5222 ed.
834 5170 859 5234 Ι,
882 5167 924 5234 1⁶,
948 5165 1011 5224 354
1041 5180 1098 5224 otas
1120 5162 1187 5222 deas
1212 5162 1349 5238 metuat
1368 5161 1422 5243 (C)
1445 5185 1485 5216 =
1509 5162 1553 5222 ed.
1578 5171 1619 5234 11,
1641 5166 1686 5233 2⁶,
1709 5164 1782 5230 195,
1807 5185 1846 5215 =

145 5279 179 5327 ιο
299 5266 436 5339 Boaqaet
459 5269 489 5335 9,
512 5267 578 5326 382
598 5270 632 5322 ιιο
654 5268 675 5325 3
696 5284 738 5324 ιιι
758 5268 832 5336 949,
856 5288 897 5318 =
919 5265 1068 5326 Deterret
1095 5265 1274 5326 Demonacte
1302 5266 1338 5324 de
1366 5263 1453 5326 caat.
1478 5266 1514 5324 de
1534 5265 1639 5339 Voaqca
1661 5270 1697 5336 1,
1721 5268 1787 5326 162
1808 5281 1849 5324 ιιι

285 5467 343 5522 1⁰2.
370 5469 395 5535 c)
413 5486 464 5521 cora
485 5467 709 5535 wepffluqttchm
732 5486 782 5524 nec
799 5486 849 5522 nec
871 5471 921 5522 dac
943 5476 1008 5522 mea
1030 5468 1114 5521 ama
1135 5469 1224 5522 Ram
1244 5469 1333 5536 yatht
1437 5467 1467 5534 d)
1486 5485 1530 5518 am
1547 5467 1642 5520 Raude
1664 5467 1712 5519 dar
1735 5469 1760 5520 2.
1778 5466 1850 5518 bile

366 5538 554 5604 nactqdrapan
657 5537 725 5604 e)A
828 5538 1071 5603 bencusltam
1164 5536 1662 5608 g)euesraozettewtqam9m
1728 5535 1849 5619 'blar-

366 5605 733 5742 ffhwmi)
751 5609 761 5660 i
783 5607 996 5745 &Bw
1009 5607 1198 5729 mazchpfcpayen
1300 5607 1330 5674 lr)
1348 5623 1377 5658 sc
1400 5605 1454 5669 aus
1464 5605 1554 5658 Ram
1656 5606 1676 5668 l)
1695 5621 1745 5666 nn,
1764 5605 1849 5655 mdrct

253 5783 472 5832 mummius
1603 5781 1646 5839 24
