4560 6420
417 407 479 470 170
1015 415 1466 473 KAISERURKUNDEN.

414 597 518 661 saneti
542 597 628 661 Petri
651 597 781 660 nomine
804 595 999 679 Engilbraht
1017 605 1049 659 et
1063 594 1241 660 Vvoll'hart
1264 605 1374 661 noster
1397 619 1510 662 servus
1533 596 1746 682 possidebant
1757 592 1780 679 ‘¹,
1803 599 1838 661 in
1859 595 1966 660 villa⁰
1990 593 2071 680 Seg-

412 701 512 786 gibah
536 702 632 764 sitam
654 703 688 764 in
711 723 797 786 pago
820 700 1025 782 Nitebgouue
1051 701 1084 762 in
1108 702 1265 764 comitatu
1287 697 1453 764 Cuonradi
1483 697 1576 764 ducis
1604 721 1679 764 cum
1709 698 1857 764 omnibus
1886 697 2070 784 apenditiis

411 815 444 869 et
472 805 663 870 adiacentiis
693 807 760 868 suis
791 804 868 869 illuc
896 802 1045 889 legaliter
1071 802 1323 889 asspicientibus
1354 805 1423 867 iure
1454 805 1589 888 perenni
1617 806 1650 867 in
1673 806 1856 889 proprium,
1892 802 2068 868 curtilibus

412 907 549 972 edificiis
571 909 665 971 terris
690 906 786 972 cultis
809 916 840 970 et
862 906 992 971 incultis
1016 907 1103 990 agris
1126 908 1229 991 pratis
1252 908 1369 971 vinetis
1392 909 1525 991 pascuis
1549 906 1639 971 silvis
1660 907 1723 970 viis
1747 917 1778 970 et
1799 909 1896 971 inviis
1920 906 2068 971 exitibus

412 1033 452 1076 ae
480 1009 638 1075 reditibus
668 1012 803 1096 quesitis
831 1019 864 1073 et
893 1006 1083 1094 quirendis‘
1112 1008 1286 1074 mobilibus
1315 1020 1347 1075 et
1374 1009 1595 1075 inmobilibus.
1639 1010 1797 1076 Iussimus
1829 1033 1960 1096 quoque
1990 1009 2102 1074 indes

410 1113 473 1178 hoc
496 1136 629 1198 presens
652 1121 841 1199 preceptum
862 1111 1025 1178 conscribi
1049 1134 1107 1197 per
1129 1111 1217 1198 quod
1231 1112 1381 1177 volumus
1404 1113 1603 1200 firmiterque
1625 1115 1782 1196 iubemuS,
1806 1125 1841 1178 ut
1862 1125 2067 1180 memoratus

409 1216 525 1280 vilicus
548 1227 658 1281 noster
682 1216 721 1280 de
744 1215 795 1280 his
817 1225 928 1280 nostro
953 1215 1039 1280 dono
1064 1213 1126 1278 sibi
1149 1218 1183 1279 in
1204 1217 1372 1300 proprium
1394 1216 1566 1282 concesisf
1588 1218 1734 1283 amodo⁸
1755 1228 1787 1282 et
1802 1218 1958 1303 deinceps
1976 1220 2066 1282 omni

409 1330 554 1406 tempore
583 1321 781 1386 liberrimam
811 1330 919 1384 teneat
947 1328 1143 1406 potestatem
1172 1319 1327 1406 quicquid
1356 1320 1417 1386 sibi
1440 1321 1600 1406 placuerit
1623 1320 1741 1385 exinde
1763 1320 1915 1384 faciendi.
1961 1321 2007 1384 Et
2029 1329 2067 1383 ut

408 1423 469 1489 hec
497 1426 676 1489 auctoritas
705 1435 818 1489 nostra
845 1424 940 1489 firma
967 1432 1172 1509 permaneat,
1207 1446 1306 1488 manu
1335 1435 1449 1489 nostra
1476 1425 1679 1489 firmavimus
1702 1436 1735 1488 et
1756 1424 1853 1488 anulo
1878 1433 1993 1488 nostro
2018 1427 2067 1487 in·

411 1529 521 1610 signiri
546 1528 711 1592 iussimus.
824 1555 827 1560 ¹
2086 1541 2116 1588 10

512 1665 526 1746 ξ
549 1664 685 1750 Signum
708 1664 818 1729 domni
843 1663 973 1731 Ottonis
996 1666 1085 1747 (MP.)
1107 1667 1312 1730 invictissimi
1335 1668 1431 1751 regis.
1454 1663 1468 1752 Ξ

512 1766 526 1850 ξ
547 1769 639 1834 Brun
660 1769 875 1834 cancellarius
899 1769 1049 1834 advicem
1070 1767 1232 1834 Fridurici
1256 1769 1533 1856 archicappellani
1556 1773 1757 1855 recognovit.
1780 1775 1794 1856 ᾖ
1815 1771 1872 1850 (SI.
1899 1771 1943 1851 1.)
1984 1771 2068 1852 (SR.)

511 1906 601 1971 Data
624 1908 904 1973 xv1.lral.mart.
934 1931 1019 1974 anno
1049 1908 1171 1973 domini
1200 1907 1416 1992 ccccxnvnf,
1450 1908 1627 1974 indictione
1650 1929 1682 1992 v,
1717 1919 1873 1994 regnante
1902 1911 1959 1994 pio
1989 1931 2067 1993 rege

411 2008 532 2076 Ottone
554 2035 641 2076 anno
665 2029 718 2094 1113
741 2021 850 2077 aetum
873 2012 988 2096 Salae3
1018 2015 1052 2077 in
1075 2012 1206 2076 domino
1231 2013 1369 2078 feliciter
1390 2035 1496 2078 amen.

1203 2255 1264 2329 88.
2085 2281 2114 2328 15

317 2418 319 2420 ’
420 2405 502 2484 Ouo
523 2407 664 2482 sclwalct
684 2409 755 2483 dea
770 2410 948 2484 Mdocbeo
963 2435 1035 2482 voa
1054 2407 1288 2486 Cbeoremoat
1307 2413 1394 2484 zwei
1409 2411 1536 2511 Hersen
1558 2412 1598 2483 ia
1613 2410 1795 2483 Hermulle
1810 2409 1890 2482 aiud
1906 2409 2067 2482 ruebrere

410 2529 578 2604 Kirclaea
1626 2567 1746 2628 sacrun
1768 2573 1831 2630 947
1853 2568 1947 2641 Apro
1972 2571 2023 2628 rs.

513 2759 581 2818 Lib.
602 2759 703 2834 privil.
728 2758 759 2820 S.
781 2759 904 2818 Mariae
925 2759 1074 2834 Aquensis
1096 2777 1152 2818 aus
1175 2759 1241 2817 dem
1264 2759 1349 2818 aare
1371 2758 1421 2818 des
1445 2763 1495 2818 12.
1519 2759 1573 2819 Jb.
1603 2757 1627 2828 f.
1651 2760 1692 2818 59
1715 2759 1748 2816 ia
1770 2757 1822 2815 der
1843 2757 1870 2814 l·.
1897 2757 2068 2815 Bibliotlrrl·

510 2881 551 2922 ιιι
572 2863 679 2922 Berlin
699 2861 758 2943 (A).
789 2898 831 2907 -
856 2863 1034 2936 Copialbuclr
1056 2881 1112 2922 aus
1136 2864 1189 2921 der
1211 2867 1307 2924 ersten
1329 2862 1434 2934 Hdlfte
1457 2862 1508 2921 des
1534 2866 1586 2922 13.
1610 2862 1663 2922 Jo.
1694 2861 1717 2934 f.
1740 2863 1783 2922 25
1809 2864 1851 2919 im
1875 2861 2068 2921 Stadtorcbiv

511 2985 552 3025 ra
573 2965 727 3046 Ausim(
755 2965 776 3045 ).
2084 2985 2115 3032 ao

512 3105 649 3163 Miraeue
664 3104 742 3163 Don.
758 3103 842 3178 Belffi
858 3109 922 3164 373
945 3122 1002 3164 aas
1017 3103 1048 3163 A
1069 3128 1110 3159 =
1133 3105 1434 3178 Miraeus-Foppeos
1460 3104 1514 3178 op.
1540 3109 1568 3174 1,
1593 3107 1665 3164 504.
1689 3138 1730 3146 -
1753 3104 1890 3161 Miraeus
1908 3104 1980 3161 Not.
2001 3103 2066 3162 coel.

512 3208 594 3282 Bely.
619 3213 660 3269 99
683 3226 740 3268 aas
762 3207 799 3266 A.
823 3241 865 3251 -
892 3209 972 3284 Quis
995 3205 1058 3267 01).
1082 3208 1211 3282 Aqueas.
1237 3212 1266 3278 1,
1290 3212 1311 3268 8
1331 3215 1366 3266 n⁰
1388 3212 1432 3269 12
1452 3225 1509 3267 cros
1532 3210 1569 3268 B.
1597 3242 1639 3251 -
1667 3206 1834 3266 Mcmnblet
1855 3206 2066 3264 reaumaus.

515 3312 579 3372 ΠΒ.
606 3316 633 3382 1,
658 3314 698 3372 55
719 3318 755 3370 πθ
778 3315 820 3372 98
841 3329 898 3370 aras
920 3311 958 3370 B.
982 3345 1025 3354 -
1047 3311 1177 3370 Bobmer
1198 3313 1268 3386 Rep.
1294 3316 1365 3373 148.
1390 3347 1432 3356 -
1455 3311 1586 3386 Stampf
1602 3313 1674 3386 Rea.
1697 3313 1769 3371 145.

515 3450 578 3536 Yon
598 3448 667 3509 BA.
690 3449 827 3522 versarat.

614 3635 653 3700 ln
676 3637 806 3700 nomine
829 3643 941 3700 sancte
963 3645 996 3700 et
1023 3635 1191 3701 individue
1219 3638 1385 3701 trinitatis,
1431 3634 1509 3700 Otto
1538 3635 1650 3700 divina
1679 3634 1858 3700 auxiliante
1886 3634 2064 3700 clementia
2083 3646 2113 3694 2⁵

408 3759 477 3801 rex.
563 3738 722 3804 Noverint
746 3761 857 3804 omnes
878 3738 991 3803 fideles
1013 3743 1118 3804 nostri
1140 3751 1307 3825 presentes
1330 3751 1428 3826 atque
1450 3740 1564 3823 futuri,
1589 3739 1727 3825 qualiter
1749 3761 1810 3804 nos
1833 3761 1892 3825 pro
1915 3739 2063 3804 remedio

409 3844 514 3907 anime
537 3853 647 3907 nostre
668 3843 721 3908 vel
745 3845 843 3907 etiam
866 3842 1074 3908 dilectissime
1098 3845 1246 3928 coniugis
1269 3853 1378 3909 nostre
1400 3842 1495 3907 beate
1521 3845 1676 3908 memorie
1699 3841 1873 3928 Aetgidis⁸
1900 3842 2065 3929 quasdam

408 3967 460 4010 res
483 3948 692 4032 proprietatis
713 3957 824 4011 nostre
847 3945 891 4010 ad
913 3946 1077 4033 stipendia
1098 3948 1235 4012 fratrum
1257 3949 1291 4012 in
1312 3947 1385 4012 loeo
1402 3945 1630 4011 Reuermuntb
1652 3945 1714 4010 deo
1731 3946 1828 4031 digne
1846 3945 2064 4010 militancium

410 4051 444 4112 in
466 4051 635 4135 proprium
657 4052 892 4133 concessimus,
926 4050 961 4114 id
983 4061 1033 4114 est
1053 4050 1159 4114 hobas
1182 4069 1209 4115 11
1237 4052 1271 4114 in
1293 4050 1372 4115 villa
1394 4048 1564 4114 Herimala
1593 4051 1672 4114 sitas
1695 4059 1727 4114 et
1749 4048 1922 4114 ecclesiam
1946 4068 1960 4112 1
1989 4071 2063 4114 cum

411 4151 560 4216 omnibus
584 4151 786 4238 appendiciis
810 4155 877 4217 suis
899 4152 977 4219 illue
999 4155 1106 4218 iuste⁰
1135 4153 1347 4240 legaliterque
1377 4153 1627 4239 aspicientibus3
1660 4162 1807 4239 preterca
1838 4151 1989 4217 dedimus
2016 4153 2063 4214 eis
2082 4162 2114 4208 30

410 4255 584 4323 ecclesiam
607 4276 620 4321 1
650 4260 684 4323 in
705 4258 785 4323 villa
806 4260 877 4324 Ren
899 4267 1120 4323 constructam
1143 4259 1177 4321 in
1199 4280 1285 4343 pago
1309 4259 1516 4342 Heuugowe,
1543 4257 1680 4321 alteram
1703 4279 1779 4321 vero
1802 4259 1837 4320 in
1857 4255 1941 4320 villa
1962 4253 2063 4319 Fillo-

407 4360 473 4424 fort
496 4371 732 4446 constructam,
756 4365 872 4428 iterum
894 4364 927 4426 in
949 4361 1029 4426 villa
1050 4359 1174 4426 Budild
1197 4384 1272 4426 cum
1295 4364 1383 4426 omni
1406 4361 1621 4426 decimatione
1645 4360 1859 4445 omnibusque
1880 4357 2063 4424 'commodi-

409 4464 531 4530 tatibus
554 4465 598 4531 ad
621 4465 826 4552 supradictas
850 4466 1007 4532 ecclesias
1030 4466 1113 4530 iuste
1136 4464 1344 4549 legitimeque
1372 4463 1618 4551 pertinentibus.
1662 4464 1820 4529 Iussimus
1844 4485 1976 4548 quoque
1998 4462 2062 4529 hoc

407 4568 483 4633 inde
498 4591 632 4656 presens
648 4581 838 4657 preceptum
856 4568 1020 4636 conscribi
1042 4590 1100 4653 per
1122 4567 1212 4655 quod
1233 4567 1384 4633 volumus
1406 4568 1605 4654 firmiterque
1627 4567 1786 4649 iubemus,
1808 4574 1845 4631 ut
1867 4567 1938 4630 sine
1961 4565 2063 4630 ullius

408 4672 677 4741 contradictionis
705 4673 875 4739 obstaculo
904 4672 990 4737 haue
1018 4681 1129 4736 nostre
1158 4672 1349 4737 tradicionis
1378 4671 1653 4738 condonationem
1680 4671 1815 4734 firmiter
1841 4691 1881 4734 ac
1906 4671 2065 4734 securiter
2082 4690 2114 4736 ³5

409 4773 591 4862 obtineant,
620 4800 720 4843 manu
742 4778 876 4864 propria
898 4787 1010 4840 nostra
1031 4775 1196 4841 firmatum
1218 4785 1251 4840 et
1273 4775 1371 4840 anulo
1394 4785 1506 4840 nostro
1528 4775 1754 4842 roboratum.e

513 4913 647 4998 Signum
671 4916 781 4981 domni
805 4914 937 4980 Ottonis
959 4915 1023 4996 (M.)
1045 4915 1250 4978 invictissimi
1272 4915 1368 4999 regis.

510 5017 601 5082 Brun
623 5018 838 5084 cancellarius
860 5018 1010 5082 advicem
1032 5014 1189 5081 Radberti
1212 5017 1466 5104 archicapellani
1489 5019 1677 5103 recognovi.

509 5151 600 5219 Data
634 5173 723 5220 xmr.
752 5156 819 5221 kal.
853 5157 929 5221 mai.
964 5178 1050 5222 anno
1085 5155 1247 5222 dominice
1279 5159 1514 5222 incarnationis
1549 5171 1776 5238 nccccxnvn,
1810 5153 1994 5220 indictione
2017 5171 2065 5239 v1,

406 5265 563 5339 regnante
585 5259 640 5344 pio
662 5281 738 5343 rege
762 5258 883 5324 Ottone
907 5282 994 5324 anno
1017 5277 1072 5341 1113
1094 5269 1203 5326 actum
1225 5258 1347 5347 Aquis,
1373 5262 1408 5326 in
1431 5260 1562 5326 domino
1585 5259 1723 5324 feliciter
1745 5280 1850 5322 amen.
2084 5279 2118 5327 ιο

508 5443 1095 5569 Slqgapwtlboedoehtlemedqdmpm
1198 5448 1696 5516 uiuooeaemaemcoqumqm
1798 5445 1862 5512 ἱ)Δ
1972 5449 2077 5516 g)ous

509 5618 551 5674 88.
579 5618 688 5688 [Siclrel]
792 5623 819 5686 a)
838 5622 872 5688 B,
889 5622 1009 5689 Aetgigis
1027 5622 1052 5674 A
1147 5622 1175 5684 b)
1195 5623 1357 5675 Ksuermont
1376 5623 1402 5675 B
1496 5623 1521 5690 c)
1539 5625 1608 5674 iuste
1622 5621 1693 5686 fsblt
1709 5622 1738 5671 ὄπ
1754 5619 1806 5671 ΔΒ
1895 5621 1926 5684 d)
1944 5621 2025 5675 Butil
2043 5624 2071 5678 B

579 5691 605 5753 e)
624 5689 822 5742 corroboratum
840 5691 875 5748 Β.
