4508 6428
356 439 359 446 .
392 376 457 442 414
990 388 1440 450 KAISERURKUNDEN.

393 591 482 640 verius
504 587 627 638 credatur
649 592 675 637 66
698 587 851 652 diligentius
873 591 1051 650 conservetur,
1074 601 1154 636 manu
1177 588 1285 652 propriu
1307 589 1399 638 subter
1420 605 1478 640 cam
1500 588 1663 642 firmavimus
1685 597 1712 643 et
1733 592 1806 643 anuli
1828 596 1917 646 nostri
1941 595 2065 660 impres·

392 694 466 744 sione
489 691 623 758 adsignari
645 693 778 742 iussimus.

493 830 508 912 6
530 832 665 917 Signum
688 831 798 898 domui
823 829 952 898 Ottouis
977 831 1042 913 (M.)
1066 833 1177 916 magui
1202 841 1234 896 et
1256 832 1461 898 invictissimi
1483 835 1690 921 imperatoris
1713 841 1853 923 augusti.
1876 835 1892 919 6

493 953 507 1040 ξ
528 952 701 1019 Lindolfus
718 952 931 1019 cancellarius
948 953 1096 1018 advicem
1111 954 1276 1019 Brunonis
1292 953 1569 1040 archicappellani
1584 961 1770 1042 recognovi.
1789 961 1803 1042 ξ
1820 961 1878 1040 (SI.
1894 960 1942 1039 5.)
1965 959 2060 1040 (SR.)

493 1109 583 1174 Data
605 1128 641 1174 11.
664 1109 732 1175 kal.
756 1109 824 1174 iulii
849 1132 935 1174 anno
959 1108 1143 1174 dominicae
1166 1111 1401 1176 incarnationis
1425 1125 1616 1196 66666666,
1639 1111 1816 1178 indictione
1840 1131 1906 1178 vm
1914 1163 1924 1196 ‚
1956 1135 2094 1181 66666

388 1215 479 1297 regui
509 1211 640 1278 Ottouis
662 1231 752 1297 xxx,
785 1216 912 1310 imperii
942 1212 1067 1278 seilicet
1094 1231 1165 1297 11113
1199 1224 1311 1280 actum
1338 1213 1637 1300 Magadaburgensi
1667 1216 1806 1302 palati03
1840 1218 1875 1281 iu
1904 1217 2054 1282 domino

388 1316 525 1382 feliciter
549 1339 655 1382 amen.

1166 1523 1253 1597 298.

396 1678 476 1755 Otto
494 1677 634 1752 66666166
651 1677 721 1751 den
739 1676 912 1750 Brr'ldern
931 1677 996 1751 der
1016 1703 1088 1750 von
1115 1677 1189 1750 ihm
1214 1680 1255 1752 in
1278 1678 1506 1778 Mupdehurp
1529 1680 1772 1778 6696666666
1798 1683 2050 1759 Morizkirche

395 1799 686 1876 Grosstuclshec’m.
1576 1821 1760 1895 Mapdebury
1782 1825 1844 1883 965
1868 1822 1942 1882 Juli
1965 1827 1997 1884 8.
2069 1835 2104 1881 ro

492 2009 741 2084 Orryimldiplom
763 2013 805 2069 im
827 2012 855 2070 k.
880 2010 1084 2071 Stoatsorchio
1105 2028 1146 2068 66
1167 2009 1273 2068 Berlin
1297 2007 1360 2088 (A).

456 2177 457 2180 ’
488 2163 586 2236 Hofer
604 2166 743 2224 Zeitschr.
767 2171 797 2236 1,
822 2168 883 2227 509
906 2171 940 2223 n⁰
955 2169 996 2225 10
1019 2182 1075 2224 666
1098 2163 1128 2223 Α
1148 2184 1190 2224 aa
1211 2168 1283 2227 966.
1307 2197 1351 2209 -
1373 2165 1456 2238 Jaffs
1477 2167 1550 2226 DD.
1575 2168 1777 2241 quadraginta
1798 2171 1842 2230 12
1862 2174 1897 2226 n⁰
1913 2174 1957 2230 10
1981 2189 2045 2230 aas

487 2267 524 2326 Α.
547 2302 592 2310 -
614 2269 803 2327 Heiacmoaa
826 2267 888 2328 OD.
916 2269 1033 2327 Anholt.
1059 2274 1088 2340 1,
1111 2274 1151 2330 31
1175 2276 1210 2327 n⁰
1233 2274 1271 2329 41
1295 2289 1353 2330 666
1375 2270 1413 2330 Δ.
1436 2305 1481 2314 -
1503 2271 1633 2345 Stampf
1649 2273 1721 2346 1309.
1745 2276 1818 2333 378.

490 2424 624 2497 Verfosst
646 2425 711 2483 aad
729 2427 913 2498 yeschricbca
934 2443 990 2483 oon
1012 2425 1089 2491 121„-
1120 2425 1175 2499 oyl.
1204 2425 1273 2485 ΒΟ.
1296 2430 1362 2488 293
1390 2427 1455 2486 666
1477 2426 1914 2501 66666661166666668661661
1936 2428 2040 2489 Beitr.

486 2546 544 2588 aar
565 2528 649 2602 Dipl.
673 2533 703 2599 8,
727 2532 799 2589 163.
2061 2559 2093 2606 16

485 2737 543 2817 (O.)
564 2732 578 2818 ξ
599 2733 637 2798 16
661 2734 790 2797 nomine
813 2742 945 2796 6666666
969 2741 1001 2795 66
1023 2730 1211 2797 individuae
1238 2734 1402 2798 trinitatis.
1447 2732 1527 2798 Otto
1559 2733 1670 2799 divina
1697 2735 1827 2800 favente
1856 2734 2038 2800 clementia

382 2844 559 2927 imperator
592 2847 760 2921 augustus.
859 2835 1015 2901 Omnium
1043 2835 1187 2902 fidelium
1210 2846 1395 2900 nostrorum
1417 2840 1637 2923 praesentium
1661 2837 1786 2904 scilicet
1807 2861 1847 2904 66
1870 2840 2037 2924 postfutu-

381 2967 491 3010 rorum
515 2952 626 3028 pateat
648 2941 843 3022 industriae,
866 2937 881 3020 ξ
903 2938 1041 3026 qualiter
1062 2962 1123 3004 nos
1145 2949 1295 3026 respectu
1319 2940 1450 3005 divinae
1467 2943 1738 3007 remunerationis
1757 2965 1797 3006 ac
1813 2965 1871 3028 pro
1887 2943 2035 3009 remedio

382 3051 510 3114 animae
532 3057 664 3111 nostrae
688 3044 890 3131 dilectaeque
913 3045 1062 3127 coniugis
1085 3054 1216 3108 nostrae
1232 3043 1422 3109 Adelheidis
1445 3045 1568 3131 filiique
1590 3046 1693 3111 nostri
1711 3047 1873 3111 carissimi
1889 3045 2035 3129 Ottouis,

381 3175 440 3238 pro
465 3161 551 3216 statu
574 3172 704 3236 quoque
726 3151 817 3233 regni
840 3147 894 3213 vel
916 3151 1043 3233 imperii
1066 3151 1180 3233 nostri,
1205 3146 1247 3214 ob
1270 3151 1486 3215 interventum
1509 3148 1655 3215 eiusdem
1683 3151 1870 3236 praedictae
1898 3162 2035 3216 nostrae
2054 3169 2090 3216 ao

381 3255 569 3320 carissimae
602 3253 751 3336 coniugis
781 3273 841 3317 nec
872 3275 937 3317 nou
968 3251 1073 3317 fidelis
1103 3254 1224 3335 nostri,
1258 3252 1410 3318 videlicet
1441 3251 1582 3317 Geronis
1615 3252 1829 3336 marchionis,
1864 3253 2034 3340 quandam

380 3369 512 3424 nostrae
535 3358 745 3443 proprietatis
768 3355 882 3422 urbem
898 3356 1056 3422 Tuchime
1079 3359 1282 3422 nominatam
1304 3359 1338 3420 in
1362 3355 1511 3423 orientali
1534 3356 2032 3444 66666Α11666116666666666666,

379 3466 413 3528 66
442 3484 529 3548 pago
560 3460 684 3526 66616666
713 3459 894 3524 Moresceni
924 3470 956 3524 et
984 3463 1016 3526 iu
1045 3463 1203 3527 comitatu
1232 3462 1372 3547 praefati
1396 3461 1537 3526 Gerouis
1559 3461 1773 3544 marchionis,
1807 3463 1861 3548 qui
1891 3462 2033 3528 eandem

380 3567 495 3632 urbem
518 3566 550 3630 in
573 3563 768 3628 beneficium
795 3561 923 3646 habuit,
955 3587 1028 3628 cum
1053 3564 1203 3630 omnibus
1226 3565 1270 3630 ad
1291 3564 1381 3629 illam
1404 3564 1518 3631 urbem
1541 3565 1777 3651 pertinentibus
1799 3566 1833 3629 in
1854 3567 2032 3651 mancipiis

379 3673 547 3755 utriusque
571 3690 669 3732 sexus
692 3668 777 3732 areis
800 3667 958 3731 aedificiis
982 3670 1074 3731 terris
1098 3668 1193 3732 cultis
1216 3679 1248 3732 66
1268 3668 1400 3733 66661666
1423 3671 1511 3754 agris
1533 3669 1637 3754 pratis
1664 3669 1795 3754 pascuis
1819 3667 1907 3732 silvis
1929 3691 2031 3733 vena·
2050 3685 2084 3732 25

379 3773 522 3839 tionibus
551 3775 645 3858 aquis
676 3793 875 3856 aquarumve
906 3770 1097 3837 decursibus
1126 3773 1363 3856 piscationibus
1386 3775 1448 3838 viis
1470 3783 1503 3838 et
1524 3775 1620 3838 inviis
1649 3773 1792 3838 exitibus
1815 3785 1847 3838 et
1868 3773 2031 3839 reditibus

379 3878 514 3963 quesitis
531 3886 563 3940 et
577 3874 777 3960 inquirendis
796 3873 992 3939 molendinis
1015 3874 1190 3940 mobilibus
1213 3886 1245 3940 et
1267 3876 1479 3943 inmobilibus
1502 3880 1693 3964 cunctisque
1716 3875 1919 3963 appendiciis
1944 3899 2030 3963 quae

379 3981 422 4045 ad
439 3981 521 4044 haec
537 3978 742 4063 aliquatenus
758 3979 917 4042 nominari
934 3978 985 4042 vel
1003 3978 1245 4044 accommodari
1270 3991 1418 4064 possunt,
1443 3981 1504 4046 deo
1530 3991 1710 4068 sanctoque
1732 3982 1855 4046 martiri
1872 3980 2029 4047 Mauritio

378 4087 411 4149 iu
434 4082 643 4168 Madaburg⁸
670 4085 702 4146 66
732 4082 826 4145 cuis·
853 4080 1011 4146 honorem
1039 4085 1281 4149 construximus
1304 4108 1325 4148 a
1347 4084 1560 4151 fundamento
1583 4084 1722 4150 eandem
1744 4082 2029 4169 Magadaburgen·

379 4211 447 4251 sem
471 4185 660 4270 6661666666,
691 4185 854 4248 offerimus
878 4185 1135 4251 transfundimus
1162 4196 1260 4273 atque
1283 4187 1453 4272 donamus,
1477 4191 1568 4274 regia
1590 4188 1641 4253 vel
1664 4186 1824 4274 imperiali
1848 4196 2029 4254 statuentes
2049 4208 2085 4257 30

377 4291 525 4377 potentia
552 4299 589 4352 ut
617 4290 701 4352 servi
729 4288 780 4352 dei
812 4288 863 4352 die
886 4298 1048 4375 nocteque
1070 4291 1133 4375 ipsi
1157 4300 1337 4377 sanctoque
1360 4291 1520 4356 Mauricio
1548 4291 1669 4356 ibidem
1693 4291 1879 4356 famulaturi
1902 4313 1942 4355 66
1965 4313 2028 4376 pro

376 4405 489 4459 nostra
518 4394 621 4458 salute
653 4391 819 4458 dominum
848 4391 1052 4478 deprecaturi
1083 4392 1206 4479 absque
1236 4394 1333 4461 ullius
1364 4417 1493 4481 sempor
1525 4396 1734 4462 infestatione
1765 4397 1799 4459 in
1832 4405 2028 4480 perpetuum

376 4507 508 4562 teneant
530 4485 776 4582 et'possideant
798 4505 830 4559 et
854 4497 920 4559 suis
943 4507 979 4560 ut
1001 4495 1131 4561 libuerit
1152 4496 1266 4563 usibus
1289 4497 1480 4583 adiungaut.
1525 4498 1569 4562 Et
1598 4496 1659 4563 utb
1686 4497 1768 4561 haec
1794 4508 1926 4562 nostrae
1949 4519 2028 4562 auc-

376 4604 517 4668 toritatis
540 4600 672 4666 traditio
697 4623 717 4664 6
740 4601 865 4664 cunctis
895 4600 1046 4665 fidelibus
1075 4603 1196 4666 nostris
1226 4624 1284 4687 per
1311 4625 1506 4688 processura
1534 4611 1718 4687 temporum
1746 4600 1908 4667 curricula
1930 4600 2028 4666 firma

377 4707 568 4794 stabilisque
602 4712 807 4792 permaneat,
841 4704 904 4768 hoc
938 4714 1148 4790 praeceptum
1182 4703 1257 4768 inde
1291 4708 1513 4793 conscriptum
1547 4703 1644 4790 sigilli
1675 4706 1778 4770 nostri
1811 4706 2026 4790 impressione
2047 4724 2082 4774 66

376 4815 496 4898 signari
520 4813 671 4877 iussimus
694 4832 857 4895 manuque
880 4811 1013 4894 propria
1035 4818 1071 4873 ut
1092 4809 1177 4873 infra
1199 4809 1328 4875 videtur
1350 4810 1646 4876 corroboravimus.

477 4969 491 5050 l
513 4966 649 5049 Signum
672 4965 782 5029 domni
807 4963 938 5029 Ottouis
961 4963 1070 5048 magni
1095 4965 1161 5046 (M.)
1183 4975 1216 5031 et
1238 4965 1447 5031 invictissimi
1470 4965 1676 5051 imperatoris
1700 4966 1840 5050 augusti.
1863 4963 1878 5050 ξ

477 5086 491 5167 l
512 5086 686 5152 Lindolfus
702 5084 918 5149 cancellarius
934 5083 1084 5150 advicem
1096 5085 1261 5154 Brunonis
1277 5087 1554 5173 archicappellani
1570 5087 1758 5172 recognovi.
1776 5082 1790 5164 6
1807 5091 1864 5164 (SI.
1877 5087 1928 5162 D.)
1942 5085 2027 5168 (SR.)

476 5244 565 5307 Data
588 5260 663 5307 vm.
686 5241 730 5306 id.
753 5241 822 5306 iulii
846 5264 931 5306 anno
956 5242 1141 5308 dominicae
1163 5244 1400 5310 iucarnationis
1423 5257 1629 5325 nccccnxw,
1652 5240 1831 5306 indictione
1850 5256 1911 5322 vn,
1935 5260 2024 5304 anno

372 5348 463 5432 regni
488 5345 596 5410 domni
621 5344 754 5410 Ottouis
777 5362 867 5427 m,
891 5347 1018 5431 imperii
1041 5357 1150 5411 autem
1173 5365 1212 5429 νς
1241 5357 1352 5413 actum
1374 5344 1643 5431 Magadaburg03
1674 5346 1706 5410 in
1730 5343 1861 5410 domino
1884 5341 2024 5409 feliciter
2043 5363 2081 5412 to

373 5472 478 5515 amen.
1006 5470 1013 5476 ·

458 5619 517 5675 666.
545 5619 639 5689 [666]
742 5620 815 5684 ss
925 5621 954 5688 s)
971 5621 1043 5688 soar
1064 5619 1147 5672 666
1169 5620 1259 5672 666
1367 5623 1393 5684 a)
1410 5621 1477 5674 666
1500 5621 1557 5672 aa
1580 5620 1664 5671 wora
1687 5619 1735 5671 66.
1761 5625 1844 5671 666
1871 5617 2023 5688 nuenburg

543 5691 689 5753 66166ίὸ66,
709 5691 860 5742 serum
876 5690 932 5741 sich
950 5691 1011 5742 aber
1027 5688 1148 5757 66916666.
