4554 6414
441 427 481 492 78
1039 432 1491 490 KAISERURKUNDEN.

442 616 588 700 episcopi
617 624 649 679 et
675 611 871 698 martyrisl,
905 623 1067 698 potestate
1095 615 1187 697 regia
1216 613 1435 678 contuendum
1459 615 1697 698 susciperemus
1720 612 1941 698 allodiumque
1964 622 1999 675 et
2022 634 2098 697 pos-

441 721 603 783 sessiones
631 718 684 781 vel
712 718 825 803 predia
854 739 916 802 que
945 719 1010 781 iam
1034 717 1141 780 dictus
1170 716 1276 780 abbas
1307 741 1363 781 seu
1394 718 1444 781 vir
1473 716 1696 782 nobilissimus
1720 717 1822 782 multa
1845 717 2041 802 possederat
2065 726 2098 778 et

440 845 480 885 ea
509 821 607 886 beato
636 821 732 885 Petro
762 820 805 884 ad
835 820 993 885 solacium
1023 820 1102 884 inibi
1131 820 1192 884 deo
1224 822 1432 884 servientium
1461 821 1659 904 contulerat,
1694 822 1726 885 in
1755 830 1867 884 nostra
1890 823 2098 906 protectione

438 933 688 1009 nostrorvmrque
718 946 943 988 suceessorum
968 925 1123 1008 deinceps
1146 926 1371 988 consisterent.
1409 923 1479 987 Nos
1500 947 1578 988 vero
1603 926 1697 988 iustis
1720 933 1752 987 et
1774 924 1936 1008 religiosis
1959 925 2097 1008 peticio-

438 1028 535 1092 nibus
559 1050 729 1092 assensum
753 1027 926 1111 prebentes
949 1036 982 1090 et
1005 1049 1024 1090 a
1047 1049 1125 1090 vero
1148 1039 1391 1092 remuneratore
1415 1050 1473 1112 pro
1497 1028 1560 1092 hoc
1583 1039 1616 1092 et
1638 1028 1711 1092 aliis
1734 1029 1866 1112 pietatis
1894 1027 2097 1091 commertiis
2116 1038 2131 1082 ι’)

438 1131 622 1196 mercedem
646 1141 824 1217 sperantes,
848 1131 935 1194 idem
957 1132 1192 1195 monasterium
1215 1154 1288 1194 cum
1309 1131 1459 1196 omnibus
1476 1153 1538 1216 que
1553 1132 1597 1195 ad
1613 1133 1719 1216 ipsum
1735 1132 1907 1214 pertinent,
1931 1131 1965 1192 in
1982 1139 2097 1192 nostra

438 1235 541 1298 tutela
565 1246 722 1320 perpetuo
746 1233 1007 1299 conservandum
1032 1236 1251 1319 suscipimus‘
1275 1244 1307 1298 et
1324 1236 1497 1299 statuimus
1515 1245 1560 1316 ut,
1586 1234 1742 1319 quamdiu
1765 1233 1856 1297 locus
1872 1232 1926 1296 ille
1943 1231 2006 1296 deo
2023 1254 2098 1316 pro-

438 1349 567 1424 tegente
592 1338 842 1420 inhabitabitur,
873 1355 957 1403 abbas
980 1354 1098 1403 eiusdem
1121 1338 1249 1402 cenobii
1273 1356 1363 1404 omnia
1386 1356 1445 1403 iura
1466 1355 1673 1419 iudiciaria-sque
1695 1359 1839 1418 potestates
1863 1355 1889 1401 iu
1914 1352 1980 1400 villa
2003 1352 2098 1400 Bronii

440 1465 466 1506 et
487 1459 514 1506 in
538 1465 629 1508 saneto
653 1458 798 1506 Laurentio
821 1444 854 1505 in
876 1441 1039 1524 Maisons,
1063 1459 1091 1506 in
1113 1463 1187 1522 parte
1211 1465 1271 1506 flua
1293 1473 1372 1522 quam
1396 1459 1477 1508 babet
1499 1459 1527 1507 in
1549 1442 1629 1507 Villa
1651 1458 1795 1519 Loubinas,
1817 1473 1834 1505 a
1855 1458 1883 1505 iu
1905 1456 2041 1505 Moutinio
2065 1451 2099 1502 et

439 1562 468 1612 in
490 1562 678 1624 Moreudrech,
708 1564 736 1611 iu
759 1567 833 1626 parte
857 1570 916 1611 sua
939 1577 1018 1627 qnam
1040 1563 1121 1612 babet
1143 1564 1172 1612 in
1193 1547 1273 1611 Villa
1296 1547 1336 1611 de
1359 1544 1541 1625 armentonf,
1569 1563 1597 1610 iu
1618 1562 1676 1612 Fen
1698 1561 1815 1622 deserta,
1838 1577 1854 1608 ιι
1876 1561 1903 1608 in
1924 1552 2099 1622 Romsryas⁸
2118 1553 2149 1598 ¹0

440 1660 472 1714 ei
494 1667 522 1714 in
540 1667 655 1715 Manisia
676 1665 759 1716 libere
782 1671 809 1715 et
830 1647 1015 1730 potestativo¹²
1038 1673 1167 1717 exerceat
1201 1652 1245 1714 Ei
1267 1669 1296 1715 in
1317 1666 1370 1716 hiis
1392 1667 1459 1716 locis
1482 1671 1507 1716 et
1530 1652 1564 1714 in
1588 1649 1737 1714 omnibus
1761 1672 1823 1734 que
1846 1664 1965 1728 possidat
1980 1670 2098 1712 conee-

441 1753 547 1818 (limus
570 1763 602 1816 et
624 1754 855 1819 confirmamus
878 1756 908 1817 ei
936 1771 1055 1820 bannum
1084 1776 1111 1820 et
1138 1771 1271 1820 iusticiam
1300 1771 1427 1834 impetum
1450 1776 1476 1819 et
1498 1770 1621 1818 butinam
1643 1771 1726 1818 ictum
1749 1775 1775 1818 et
1797 1770 1953 1834 sangninem
1976 1775 2098 1832 ropertu-

440 1888 494 1922 ram
509 1855 514 1894 ἦ
538 1875 641 1938 pirgum
653 1855 667 1894 l

690 1875 791 1938 regium
814 1873 872 1922 fora
894 1873 1013 1923 thelonia
1036 1876 1249 1924 vicecomitatum
1264 1891 1280 1922 ιι
1295 1875 1412 1939 vegaria
1435 1879 1537 1922 rectum
1559 1879 1586 1922 at
1608 1889 1663 1922 nou
1686 1879 1786 1922 rectum
1809 1871 1952 1937 vectigalia
1974 1879 2002 1921 at
2021 1870 2098 1937 quid-

439 1977 504 2041 quid
526 1979 640 2040 pertinet
661 1977 695 2025 ad
718 1977 865 2026 iudicatum
889 1979 1067 2043 iutegritatem
1090 1979 1236 2043 reipublice
1259 1985 1286 2028 ot
1304 1977 1511 2028 incolomitatem
1534 1973 1567 2025 et
1590 1978 1749 2041 campestria
1768 1983 1794 2026 et
1812 1977 1945 2026 silvestria
1965 1977 2026 2024 iura
2040 1993 2056 2022 ιι
2073 1985 2099 2024 et

440 2082 612 2130 mortimanus
635 2096 697 2130 suas
720 2089 746 2131 ot
768 2083 972 2131 abmatrimonia
989 2100 1005 2130 ιι
1023 2089 1077 2132 tam
1098 2082 1182 2132 libere
1205 2069 1239 2130 in
1263 2069 1494 2152 sempiternum
1517 2079 1666 2145 possideat,
1694 2083 1764 2129 sicut
1785 2080 1910 2129 fundator
1933 2081 2021 2144 ipsius
2045 2079 2099 2128 loci
2121 2079 2149 2124 ts

440 2185 524 2233 nobili
547 2187 672 2250 prosapia
694 2191 802 2235 exortus
820 2203 836 2233 ιι
855 2191 915 2235 aute
938 2189 1138 2236 conversionem
1161 2202 1236 2236 suam
1259 2185 1413 2251 possederat
1430 2203 1460 2248 *3
1483 2201 1532 2235 nec
1555 2186 1590 2234 sit
1611 2186 1658 2249 qui
1680 2191 1815 2249 presumat
1837 2186 1936 2234 inicere
1954 2199 2051 2232 manus
2071 2185 2099 2231 iu

441 2305 531 2338 servos
554 2296 581 2338 et
602 2289 714 2338 ancillas
729 2307 745 2337 ιι
761 2289 873 2340 ecclesio
888 2289 931 2338 vel
955 2291 982 2338 in
1005 2291 1124 2341 homines
1147 2291 1332 2341 cohabitantes
1355 2292 1382 2338 in
1405 2291 1477 2339 omni
1500 2291 1585 2354 ipsius
1607 2291 1782 2354 possessione,
1798 2305 1814 2336 ιι
1838 2272 1895 2336 Sed
1914 2288 1965 2336 soli
1984 2287 2100 2336 ecclesie

440 2391 519 2442 liceat
545 2398 660 2442 tractare
686 2391 797 2458 pacifice
819 2393 851 2442 do
875 2394 998 2442 omuibus
1021 2395 1147 2458 predictis
1169 2396 1284 2461 negotiis
1306 2395 1407 2459 absque
1430 2394 1583 2458 calumpnia
1605 2393 1719 2443 alieuius
1742 2374 1824 2442 seve¹
1847 2391 2008 2455 tyrannidis.
2043 2392 2101 2440 Nee

441 2499 476 2545 sit
497 2499 544 2562 qui
567 2497 733 2547 contradicat
760 2485 822 2547 huic
850 2503 939 2548 nostre
963 2484 1051 2567 regie
1074 2500 1273 2560 constitutioni,
1307 2498 1427 2563 alioquin
1449 2499 1471 2546 si
1494 2499 1554 2563 quis
1576 2515 1593 2545 ιι
1615 2484 1648 2546 ill
1670 2480 1732 2546 hoc
1756 2497 1905 2546 obviaverit
1928 2503 2020 2546 nostre
2043 2503 2102 2544 VO-

441 2585 575 2667 luntati,
608 2588 736 2650 noverit
764 2609 824 2671 pro
855 2597 944 2651 certo
976 2610 1047 2650 sose
1077 2590 1221 2672 graviter
1248 2597 1394 2653 nostram
1423 2589 1586 2651 incurrere
1616 2586 1773 2650 offensam
1796 2595 1828 2648 et
1857 2606 2056 2668 suspensum
2080 2607 2101 2646 a
2121 2595 2153 2640 ‘2⁰

441 2691 548 2773 gratia
571 2701 603 2754 et
625 2689 846 2755 benivolentia
873 2700 996 2756 nostra.
1036 2691 1314 2778 Successoresque
1337 2701 1468 2756 nostros
1491 2699 1713 2754 contestamur
1735 2689 1918 2754 conformes
1943 2697 1975 2750 et
1999 2688 2100 2751 eoad-

442 2795 564 2857 iutores
580 2794 650 2858 fore
666 2795 699 2858 in
714 2793 900 2859 huiusmodi
919 2795 1128 2878 stabilitione,
1152 2806 1188 2859 ut
1211 2795 1422 2880 imperatoria
1445 2793 1604 2878 dignitate
1626 2793 1782 2858 roborata
1806 2794 1875 2857 sine
1896 2795 2003 2872 ruina,
2031 2793 2101 2856 siue

442 2896 662 2979 vaoillatione,
688 2900 757 2962 siue
780 2898 918 2964 alieuius
941 2898 1027 2964 male
1051 2900 1245 2964 incursionis
1269 2897 1463 2962 offendiculo
1487 2907 1679 2983 perpetuum
1703 2897 1796 2962 firma
1819 2896 1913 2961 duret
1936 2897 1969 2960 in
1991 2919 2101 2960 evum.

441 3000 594 3065 Preterea
624 3003 700 3086 quia
730 3001 822 3066 locus
852 3002 906 3066 illc
935 3005 1085 3067 consistit
1115 3005 1148 3066 in
1174 3004 1327 3066 viciniam
1350 3003 1450 3065 castri
1473 3002 1707 3084 Namucensis,
1742 3023 1915 3087 precamur
1945 3002 2101 3065 comitem

441 3105 580 3170 Namuoi
605 3107 689 3169 sicut
710 3106 841 3171 fidelem
863 3117 896 3170 et
918 3109 1060 3172 amioum
1083 3116 1240 3187 nostrmn,
1264 3116 1300 3169 ut
1322 3107 1488 3190 particeps
1510 3105 1681 3170 nobiscum
1698 3106 1820 3168 existat
1838 3105 1942 3189 ipsius
1959 3104 2101 3168 ecclesie
2120 3111 2152 3155 '25

444 3211 628 3274 orationum
645 3221 678 3274 et
693 3220 804 3294 grates
820 3233 840 3274 a
856 3211 917 3275 deo
938 3221 970 3275 et
993 3211 1124 3275 laudem
1147 3233 1167 3273 a
1189 3209 1284 3274 nobis
1307 3208 1445 3274 habeat:
1470 3211 1497 3272 si
1519 3218 1647 3293 tempus
1671 3216 1728 3271 aut
1750 3231 1802 3271 res
1826 3207 2100 3292 expostulaverit,

441 3324 532 3378 reeta
554 3337 654 3377 manu
676 3324 709 3377 et
731 3337 808 3380 vero
832 3315 956 3378 auxilio
981 3315 1204 3379 subministret
1227 3313 1364 3377 ecclesie
1388 3335 1484 3398 opem
1507 3314 1556 3377 sui
1580 3312 1750 3392 adiutorii,
1780 3313 1909 3374 sivero
1933 3310 2103 3374 diabolica

443 3419 596 3482 suasione
619 3419 775 3482 incitatus
798 3421 977 3482 excesserit
1000 3420 1032 3482 in
1055 3417 1219 3503 aliquibus
1243 3417 1415 3481 ecclesiam
1441 3418 1627 3500 opprimens
1662 3417 1796 3496 iniuste,
1832 3437 1906 3479 cum
1930 3416 1972 3478 sit
1996 3414 2102 3479 libera

442 3530 475 3583 ct
492 3543 544 3584 res
563 3522 666 3605 ipsius
690 3524 882 3603 auctentice,
909 3524 933 3585 si
959 3521 1002 3586 ad
1025 3532 1170 3586 nostram
1194 3522 1393 3606 presentiam
1415 3520 1532 3583 fratres
1555 3518 1731 3583 detulerint
1753 3521 2000 3603 querimoniam,
2025 3542 2104 3583 eon-

444 3623 549 3688 sulam
573 3625 620 3687 eis
644 3634 677 3687 et
699 3623 846 3688 liberabo
870 3648 927 3689 eos
950 3624 993 3688 ab
1024 3626 1245 3711 oppressione.
1285 3625 1357 3687 Hoc
1390 3634 1578 3708 preceptum
1608 3645 1666 3707 pro
1697 3632 1808 3686 eterna
1837 3624 2103 3687 remuneratione
2122 3650 2155 3696 30

443 3726 591 3812 predicto
616 3729 813 3792 monasterio
837 3729 907 3792 fieri
931 3730 1084 3793 iussimus
1108 3750 1166 3811 per
1188 3727 1276 3812 quod
1298 3728 1515 3812 imperamus,
1546 3737 1582 3790 ut
1604 3749 1644 3790 ea
1668 3748 1730 3811 que
1753 3749 1773 3789 a
1796 3726 1924 3810 prefato
1948 3725 2102 3790 Gerardo

443 3832 487 3896 ad
511 3843 659 3896 sanctum
683 3832 791 3897 locum
814 3831 867 3896 vel
891 3855 952 3917 que
976 3832 1130 3915 deinceps
1154 3854 1174 3894 a
1197 3829 1347 3894 fidelibus
1371 3830 1556 3894 christianis
1584 3829 1690 3894 eidem
1719 3829 1840 3892 collata
1869 3829 2007 3910 fuerint,
2038 3830 2103 3893 fia-

443 3947 509 4000 tres
532 3939 636 4021 ipsius
660 3937 724 4001 loci
747 3960 820 4002 cum
848 3936 1072 4022 tranquilitate
1102 3960 1160 4022 per
1188 3935 1298 4000 secula
1320 3935 1455 3998 tirmiter
1477 3934 1621 4000 habeant
1643 3943 1775 3998 teneant
1798 3944 1830 3998 et
1854 3932 2049 4018 possideant
2072 3943 2104 3996 et

443 4063 503 4125 pro
527 4041 632 4105 salute
655 4051 769 4105 nostra
793 4051 891 4126 atque
915 4040 1094 4104 stabilitate
1117 4043 1223 4104 tocius
1251 4041 1341 4128 regni
1370 4039 1629 4103 misericordiam
1659 4038 1781 4103 domini
1811 4040 1929 4122 iugiter
1952 4048 2104 4102 exorent.

444 4144 488 4207 Et
517 4152 551 4206 ut
579 4166 638 4228 per
667 4144 910 4208 succedentium
940 4153 1123 4228 temporum
1151 4141 1313 4206 cunicula
1340 4143 1449 4205 verius
1478 4141 1631 4205 credatur
1653 4151 1685 4205 et
1708 4143 1870 4205 attencius
1897 4140 2104 4220 observetur,
2123 4163 2156 4210 ao

445 4246 541 4330 sigilli
576 4249 678 4310 nostri
713 4249 926 4332 impressione
960 4246 1255 4311 corroboravimus.
1298 4244 1383 4325 Quia
1418 4267 1495 4310 vero
1529 4246 1633 4311 isdem
1667 4247 1719 4311 dei
1753 4245 1895 4311 famulus
1931 4244 2106 4310 Gerardus

444 4353 643 4434 presentiam
667 4350 778 4415 domni
801 4373 887 4436 pape
911 4353 943 4414 in
973 4349 1071 4414 eorde
1101 4372 1160 4414 suo
1189 4350 1385 4433 proposuit¹¹
1413 4349 1504 4413 adire
1534 4360 1566 4413 et
1595 4350 1639 4415 ad
1666 4350 1888 4415 roborandam
1917 4347 2106 4413 libertatem

444 4453 635 4517 Broniensis
659 4455 797 4518 ecclesie
820 4454 862 4518 ab
886 4456 958 4539 ipso
988 4454 1160 4538 privilegia
1188 4453 1259 4516 vult
1288 4461 1457 4536 expetere,
1492 4453 1686 4518 mandamus
1714 4455 1800 4538 patri
1831 4463 1943 4518 nostro
1976 4477 2106 4518 summo

445 4557 591 4640 pontifici
608 4567 644 4620 ut
659 4558 868 4621 traditionem
892 4579 990 4643 quam
1014 4557 1054 4620 de
1077 4556 1192 4620 eodem
1216 4555 1288 4620 loco
1312 4555 1472 4640 imperiali
1496 4559 1664 4621 sanximus
1687 4559 1893 4640 auctoritate,
1917 4558 2107 4643 apostoliea

445 4659 615 4724 confirmet
642 4659 886 4743 benedictione,
920 4670 957 4726 ut
987 4660 1213 4725 observatores
1243 4670 1352 4724 nostro
1381 4661 1600 4744 preceptionis
1624 4663 1765 4744 gratiam
1788 4671 1820 4724 et
1843 4662 2107 4726 misericordiam
2125 4689 2159 4734 ιο

445 4765 611 4848 vitamque
636 4766 890 4850 sempiternam⁰
919 4787 940 4826 a
963 4763 1024 4828 deo
1048 4773 1299 4849 consequantur.
1344 4763 1406 4843 Qui
1437 4773 1546 4827 autem
1576 4788 1618 4827 ex
1647 4764 1710 4829 hiis
1743 4788 1806 4850 que
1835 4764 1998 4850 prelibata
2029 4776 2108 4830 sunt

446 4866 623 4951 quidquam
646 4869 773 4932 irritum
796 4868 909 4931 fecerit
931 4865 983 4930 vel
1006 4866 1181 4950 infregerit,
1206 4865 1423 4930 indissolubili
1446 4867 1666 4931 anathematis
1688 4869 1819 4932 vinculo
1848 4870 2106 4952 constringatur,

445 4971 508 5032 nisi
530 4973 702 5056 resipuerit
725 4981 757 5034 et
780 4972 954 5055 penituerit
977 4981 1009 5033 et
1031 4969 1073 5033 ab
1097 4969 1218 5032 abbate
1241 4979 1273 5032 et
1296 4968 1451 5032 fratribus
1474 4971 1602 5035 veniam
1634 4973 1848 5055 promeruerit
1873 4983 1905 5033 et
1929 4971 1969 5034 de
1994 4982 2107 5036 cetero

446 5073 677 5138 emendaverit.

548 5312 591 5368 tt.
619 5315 646 5374 d)
666 5322 692 5364 et
709 5333 743 5365 m.
755 5315 825 5377 sedit
843 5314 912 5364 ιἰιΑ
1008 5321 1031 5377 a)
1051 5318 1214 5380 suscepimus
1234 5314 1260 5364 B
1357 5316 1524 5374 OErmetou
1544 5313 1567 5363 0
1655 5316 1683 5380 g)
1701 5315 1839 5364 Romerias
1857 5314 1890 5374 B,
1909 5315 2066 5365 Romereias
2088 5315 2113 5367 0
2127 5325 2160 5370 45

617 5385 645 5440 b)
665 5383 725 5444 ΒΟ,
754 5382 904 5449 pacificari
997 5387 1017 5445 i)
1036 5390 1197 5449 reperturum
1218 5383 1252 5444 0,·
1278 5383 1322 5432 die
1345 5387 1373 5432 ιἰι
1391 5382 1666 5446 Dromas-Heraclei
1687 5401 1708 5432 s.
1726 5401 1749 5433 e.
1770 5399 1867 5447 parem
1893 5383 2108 5448 capsellam

618 5452 791 5502 Enrmdaumr
809 5460 943 5516 mptuvam
959 5452 1027 5501 ιιασΙι
1044 5453 1092 5502 der
1108 5453 1137 5502 U.
1155 5470 1213 5503 oom
1230 5451 1256 5501 J.
1276 5455 1335 5501 1131
1353 5454 1385 5500 ist
1403 5469 1447 5501 ιιιιι
1463 5469 1492 5500 so
1509 5455 1620 5514 ucniper
1637 5452 1734 5512 saber,
1753 5453 1789 5502 da
1806 5452 1877 5502 diere
1893 5469 1944 5501 ιιιιι·
1962 5455 1990 5501 in
2002 5452 2107 5515 fidles·-

618 5520 714 5583 kofiem
731 5520 854 5570 Abdruck
870 5521 976 5584 oorlicpt
1063 5521 1091 5581 k)
1110 5538 1219 5587 pergem
1241 5519 1265 5570 0
1354 5523 1372 5584 l)
1393 5521 1425 5582 B,
1444 5524 1501 5570 sive
1519 5520 1568 5570 Ao
1653 5523 1688 5587 ιιι)
1708 5521 1763 5582 ΒΟ,
1783 5522 1911 5571 vicinari
2001 5525 2030 5578 ιι)
2050 5523 2106 5574 dis·

618 5593 706 5653 posuit
727 5589 751 5640 0
842 5590 870 5655 o)
889 5596 1022 5640 aetemam
1043 5589 1070 5640 0.
