4560 6436
307 420 370 486 620
740 409 743 416 ’
904 420 1356 479 narsuauannunnu.

409 619 536 681 mosaco,
559 611 598 668 ist
620 609 691 668 aber
712 605 950 667 wobrsebor'rtlicb
972 608 1029 664 erat
1052 608 1153 678 epuler
1175 603 1355 678 onerarem
1379 602 1505 662 worden.
1547 601 1654 664 Weber
1676 602 1729 662 der
1743 601 1891 662 Fdlseber
1914 603 1968 661 die

409 714 553 774 stottlicbe
567 711 843 797 Namenreiheoon
858 711 1052 769 Bisthrlmem
1075 713 1260 768 eatnommea
1282 709 1341 778 but,
1364 708 1545 766 oenuochten
1566 708 1622 766 wir
1642 707 1723 766 nieht
1744 705 1964 778 falcastrum.

511 917 550 981 In
573 916 705 982 nomine
728 923 840 998 sancte
863 923 895 978 et
918 912 1084 997 individue
1107 913 1272 978 trinitatis.
1311 910 1390 976 Otto
1414 909 1526 975 divina
1547 910 1679 976 favente
1702 910 1877 977 elementia
1899 913 1965 976 im·

307 1032 438 1110 perator
452 1025 620 1106 augustus.
710 1017 743 1083 Si
765 1017 910 1082 fidelium
926 1039 965 1080 ac
982 1038 1148 1081 servorum
1172 1015 1223 1080 dei
1246 1013 1341 1080 nobis
1364 1013 1503 1078 fideliter
1525 1035 1564 1080 ac
1588 1012 1704 1078 devote
1725 1014 1963 1082 famulantium

308 1128 500 1213 peticiones,
531 1122 609 1188 dum
630 1121 726 1186 nobis
750 1143 809 1206 pro
834 1122 901 1186 suis
923 1129 956 1183 et
978 1121 1098 1184 nostris
1120 1117 1315 1184 utilitatibus
1339 1139 1379 1181 ae
1401 1117 1651 1182 necessitatibus
1674 1118 1888 1202 innotuerint,
1913 1118 1999 1184 ads

307 1232 456 1296 effectum
484 1226 708 1312 perducimus,
738 1247 805 1288 non
835 1223 940 1288 solum
968 1233 1213 1288 antecessorum
1242 1231 1427 1288 nostrorum
1455 1241 1569 1305 regum
1598 1229 1696 1306 atque
1723 1223 1962 1306 imperatorum

307 1330 489 1398 imitando⁵
516 1329 802 1410 consuetudinem,
833 1347 947 1392 verum
976 1328 1075 1392 ctiam
1104 1325 1146 1390 ad
1175 1325 1270 1410 beate
1293 1334 1326 1390 et
1347 1333 1456 1390 eterne
1478 1326 1748 1389 remunerationis
1770 1325 1935 1390 mercedis
1948 1335 1963 1363 ⁸

307 1435 388 1500 talia
409 1432 503 1498 nobis
526 1433 614 1496 faeta
638 1430 808 1515 profutura
830 1428 988 1515 prodesse
1011 1427 1134 1514 liquido
1158 1428 1331 1494 credimus.
1366 1428 1575 1515 Quapropter
1597 1430 1743 1494 omnium
1765 1437 1879 1494 sancte
1902 1429 1962 1494 dei

307 1536 443 1622 ecclesie
466 1534 612 1600 fidelium
635 1543 887 1620 nostrorumque
909 1542 976 1597 tam
999 1532 1197 1616 presentium
1216 1554 1314 1618 quam
1330 1540 1362 1596 et
1376 1531 1557 1598 futurorum
1581 1541 1760 1617 eognoscat
1782 1531 1959 1616 industria,

307 1644 383 1728 quia
414 1649 603 1705 antecessor
630 1649 742 1703 noster
771 1637 914 1702 Karolus
943 1656 1082 1719 magnus
1111 1656 1171 1720 pro
1201 1643 1310 1720 eterne
1342 1635 1502 1700 mercedis
1532 1643 1755 1718 augumento⁸
1787 1633 1961 1719 quoddam
1983 1653 2015 1699 ιο

307 1745 538 1810 monasterium
561 1744 593 1806 in
608 1741 792 1826 Ratispona
815 1741 946 1805 civitate
970 1736 1059 1824 quod
1082 1747 1131 1802 est
1153 1747 1377 1804 constructum
1398 1740 1432 1802 in
1454 1738 1577 1803 honore
1593 1748 1705 1823 sancte
1720 1739 1822 1824 Maria
1838 1742 1960 1804 matris

307 1847 429 1912 domini
453 1854 485 1911 et
507 1846 665 1930 principis
689 1843 913 1929 apostolorum
935 1842 1022 1907 Petri
1046 1851 1079 1906 et
1100 1841 1241 1926 preciosi
1265 1841 1317 1908 dei
1340 1845 1492 1927 martyris
1515 1843 1756 1926 Emmerammi,
1778 1841 1835 1908 ubi
1857 1864 1960 1908 vene·

306 1949 409 2014 rabile
431 1970 550 2034 corpus
574 1949 642 2013 eius
665 1948 840 2033 requiescit
862 1945 1030 2012 humatum
1054 1957 1182 2012 etcum
1205 1969 1243 2012 eo
1267 1968 1408 2032 corpora
1430 1956 1463 2011 et
1484 1947 1584 2012 multe
1605 1945 1741 2032 reliquie
1765 1956 1961 2012 sanctorum

307 2061 381 2118 sunt
409 2053 533 2136 locate,
563 2059 653 2115 recta
681 2051 808 2115 ratione
836 2049 974 2114 fideliter
1002 2051 1035 2114 in
1064 2071 1157 2114 suam
1186 2059 1219 2114 et
1247 2039 1474 2116 successorum
1504 2052 1572 2116 eius
1595 2059 1791 2137 potestatem
1813 2051 1959 2136 recepit3

307 2156 443 2242 proinde
465 2158 537 2241 ipse
559 2176 635 2220 cum
657 2155 851 2219 auctoritaie
873 2174 960 2238 pape
982 2153 1104 2218 Leonis
1126 2152 1275 2239 filiusque
1298 2155 1368 2218 eius
1391 2153 1582 2220 Luduuicus
1604 2175 1679 2218 cum
1693 2154 1841 2238 Eugenio
1865 2175 1961 2240 papa
1982 2170 2015 2216 15

307 2270 339 2324 et
362 2263 434 2346 pius
457 2259 649 2324 Loduuicus
672 2282 732 2324 rex
755 2280 830 2323 cum
852 2257 1002 2342 Nycolao
1026 2279 1114 2344 papa
1136 2268 1169 2323 et
1191 2256 1347 2324 Amolfus
1376 2259 1554 2343 imperator
1581 2280 1656 2324 cum
1681 2259 1841 2324 Formosa
1865 2279 1959 2344 papa

307 2363 583 2428 confirmaverunt
606 2361 646 2426 de
669 2360 815 2446 predicto
839 2363 1036 2426 monasterio
1059 2383 1125 2426 nno
1150 2382 1280 2447 quoque
1303 2383 1389 2426 anno
1407 2377 1457 2425 v11
1480 2383 1597 2436 aureos
1620 2361 1761 2447 persolvi
1784 2361 1828 2426 ad
1849 2361 1960 2427 altare

307 2467 411 2532 sancti
427 2465 524 2530 Petri.
558 2464 686 2530 Idcirco
711 2473 903 2529 cunctorum
927 2473 1040 2529 sancte
1064 2464 1116 2530 dei
1140 2464 1277 2549 ecclesie
1300 2463 1444 2530 fidelium
1467 2467 1626 2551 presentis
1650 2465 1774 2531 seilicet
1795 2467 1959 2551 temporis

307 2592 346 2634 ac
369 2569 467 2635 futuri
491 2568 715 2634 manifestetur
738 2566 887 2652 eollegiO,
912 2567 999 2653 quod
1021 2590 1082 2632 nos
1105 2589 1163 2653 per
1180 2570 1398 2633 interventum
1414 2567 1594 2635 dulcissimi
1610 2570 1719 2649 fratris
1734 2571 1836 2634 nostri
1852 2568 1959 2635 Hein-

306 2675 365 2737 rici
390 2672 481 2737 ducis
504 2672 733 2737 Baioariorum
762 2671 901 2737 cundem
929 2670 1038 2737 locum
1065 2673 1101 2736 in
1129 2670 1280 2758 synodali
1309 2670 1448 2737 concilio
1473 2682 1547 2737 ante
1570 2673 1672 2738 altare
1694 2675 1852 2759 principis
1876 2695 1958 2760 apo·
1979 2693 2016 2742 ao

307 2776 464 2841 stolorum
485 2777 573 2840 Petri
596 2777 631 2841 in
653 2777 817 2861 presentia
840 2774 950 2842 domni
974 2787 1007 2841 et
1027 2775 1222 2843 venerabilis
1245 2799 1329 2863 pape
1353 2777 1509 2844 Iohannis
1532 2788 1564 2843 et
1586 2779 1620 2843 in
1641 2779 1804 2864 presentia
1826 2780 1959 2864 episco—

307 2902 422 2965 porum
446 2896 491 2944 cx
519 2889 552 2944 et
575 2897 625 2944 v11
654 2879 885 2944 confirmamus
914 2882 947 2944 in
977 2889 1139 2965 potestate
1167 2883 1400 2966 imperatorum
1428 2883 1497 2946 sive
1526 2902 1639 2966 regum
1667 2903 1768 2968 usque
1794 2882 1828 2946 in
1858 2904 1959 2948 evum

308 3006 498 3069 permanere
521 2993 654 3069 propter
675 2981 919 3068 improbitatem
942 2987 1171 3071 episcoporum
1194 2984 1341 3050 eiusdem
1363 2986 1522 3068 civitatis,
1552 2987 1715 3071 quianon
1739 3007 1867 3069 omncs,
1897 2987 1960 3051 sed

306 3085 397 3152 multi
421 3111 463 3151 cx
486 3089 533 3152 eis
556 3109 683 3172 semper
705 3085 867 3152 invidiose
890 3086 1132 3154 contendebant
1154 3097 1268 3155 contra
1290 3089 1430 3154 eundem
1452 3098 1602 3155 sanctum
1623 3089 1743 3154 locum.
1773 3089 1959 3175 Propterea

305 3192 458 3256 volumus
482 3191 523 3256 ob
547 3213 692 3256 amorem
714 3201 747 3256 et
769 3191 926 3257 honorem
950 3194 1054 3255 sancti
1076 3191 1165 3258 Petri
1195 3192 1235 3258 de
1264 3191 1411 3279 predicto
1441 3195 1639 3259 monasterio
1668 3214 1801 3257 censum
1829 3197 2015 3279 angarias

307 3305 343 3360 ut
365 3305 507 3360 rectores
534 3294 681 3360 eiusdem
709 3293 836 3360 cenobii
866 3316 926 3379 pro
955 3294 1144 3360 defensione
1167 3305 1199 3360 et
1222 3319 1281 3382 pro
1308 3297 1457 3362 libertate
1480 3297 1626 3362 eiusdem
1646 3297 1711 3362 loci
1733 3319 1799 3361 uno
1823 3321 1959 3385 quoque

306 3421 392 3463 anno
417 3400 552 3463 offerant
566 3398 669 3482 Rome
693 3397 862 3463 dimidiam
884 3398 1002 3463 libram
1025 3400 1110 3464 cocti
1133 3402 1203 3464 auri
1228 3401 1272 3465 ad
1293 3401 1397 3465 altare
1422 3402 1526 3466 sancti
1541 3400 1637 3484 Petri,
1661 3402 1761 3466 etita
1784 3401 1961 3468 confirma-

306 3523 377 3568 mus
393 3525 467 3568 cum
483 3503 678 3568 auctoritate
694 3523 778 3587 pape
802 3511 834 3567 et
857 3503 1085 3588 episcoporum
1108 3503 1263 3587 Pisensis,
1286 3502 1459 3587 Aunensis,
1483 3503 1698 3587 Aueoensisl,
1722 3503 1959 3591 Vulterrensis,

307 3605 483 3688 Clusensis,
513 3604 706 3686 Fesulanus,
735 3603 954 3686 Florentinus,
985 3603 1147 3684 Senensis,
1176 3605 1366 3690 Aretiensis,
1396 3606 1584 3690 Sutriensis,
1613 3606 1653 3671 de
1682 3617 1797 3672 sancta
1822 3607 1959 3694 Rufina,

307 3707 496 3790 Conoensis,
520 3707 685 3790 Albensis,
709 3706 914 3790 Sessulanus,
938 3709 1163 3792 Terratiensis,
1185 3710 1406 3793 Prenestinus,
1428 3710 1645 3792 Tusculanus,
1662 3707 1850 3794 Caietanus,
1865 3712 1957 3778 Fun·
1978 3732 2015 3781 3ο

306 3810 420 3890 danus,
451 3811 712 3892 Beneuentanus,
746 3808 932 3894 Capuanus,
964 3809 1197 3897 salernitanus,
1231 3812 1480 3899 Neapolitanus,
1513 3813 1714 3895 Malfitanus,
1748 3814 1957 3901 Sipontinus,

306 3912 502 3995 Ascolanus,
527 3911 771 3994 Anceriensis0,
800 3913 1002 3996 Narniensis,
1032 3914 1251 4000 Nuceriensis,
1280 3917 1510 4002 Fulingiensis,
1535 3916 1742 4002 Spoletanus,
1765 3917 1958 4004 Perusinus,

306 4017 493 4098 Firmensis,
524 4014 682 4097 Ortensis,
712 4014 950 4098 Anconitanus,
984 4017 1156 4102 Fanensis,
1192 4020 1450 4105 sinogalliensis,
1480 4021 1662 4104 Humanus,
1693 4022 1958 4108 Pensauriensis,

306 4118 532 4200 Ariminensis,
555 4119 739 4202 Pinnensis,
762 4118 949 4202 Rauennae,
972 4121 1176 4204 Mutinensis,
1199 4123 1380 4209 Regiensis
1404 4125 1599 4208 Parmensis,
1618 4125 1837 4208 Placentinus,
1857 4125 1958 4192 Polo·

305 4222 443 4304 niensis,
477 4222 665 4305 Imulensis,
702 4223 914 4306 Fauentinus,
950 4224 1267 4310 Forumpoliensisl,
1301 4227 1484 4310 Bobiensis,
1523 4227 1718 4313 Cisenensis,
1755 4226 1959 4315 Ceruiensis,
1979 4249 2014 4297 35

307 4327 602 4410 Commaoulensis,
636 4327 868 4410 Ferrariensis,
903 4325 1089 4411 Adriensis,
1126 4328 1406 4415 Aquileianensis,
1443 4332 1675 4416 Taruisiensis,
1713 4329 1957 4417 Cenodensis0,

307 4429 546 4511 Cremonensis,
570 4429 793 4512 Nouariensis,
823 4430 1042 4516 Yporeiensis,
1072 4433 1252 4517 Artensisf,
1282 4437 1504 4519 Taurinensis,
1532 4436 1706 4522 Aquensis,
1735 4434 1958 4521 Bellonensis,

306 4535 518 4617 brigantinus,
542 4531 762 4616 Tridentinus,
785 4533 995 4620 Ueronensis,
1019 4534 1196 4620 Cumanus,
1218 4536 1443 4622 Uincentinus,
1465 4540 1668 4623 Parentinus,
1688 4538 1957 4624 Concordiensis,

304 4637 507 4718 Bidencnsis,
531 4637 739 4720 Mantuanus,
764 4636 956 4723 Gradensis,
974 4639 1240 4723 Mediolanensis,
1256 4639 1484 4726 Uercellensis,
1501 4644 1695 4728 Laudensis,
1710 4627 1956 4728 pergamensis,

305 4743 484 4826 Papiensis,
509 4741 801 4826 Albitigenensisss,
824 4743 1004 4828 Remensis,
1028 4747 1252 4830 Pictauiensis,
1276 4747 1485 4829 Turonensis,
1509 4747 1713 4829 Parisiensis,
1736 4745 1956 4832 Arelatensis,
1978 4766 2013 4813 so

304 4845 512 4928 Uiennensis,
536 4845 777 4931 Lugdunensis,
803 4846 1019 4932 Genouensis,
1045 4849 1364 4934 Lausosannensis¹,
1393 4849 1614 4935 Mogontinus,
1643 4848 1957 4935 Magdabnrgensis,

305 4949 572 5032 Wormaciensis,
602 4947 875 5034 constantiensis,
907 4950 1205 5036 Wurcipurgensis,
1233 4951 1473 5036 Rubilocensis,
1502 4952 1729 5036 Augustensis,
1758 4950 1958 5018 Halbersta·

305 5054 414 5118 nensis
426 5064 447 5135 ³,
475 5052 647 5137 Spirensis,
672 5051 846 5136 Ouriensis,
872 5051 1085 5137 Coloniensis,
1109 5055 1332 5139 Laodicensis,
1355 5056 1585 5138 Traiectensis,
1608 5056 1797 5137 Mindensis,
1820 5054 1957 5120 Hosen-

305 5157 509 5239 bruckensis,
533 5157 753 5238 Treuerensis,
777 5158 958 5241 Mettensis,
982 5157 1165 5242 (litinensis,
1188 5158 1420 5242 Ucrdonensis,
1436 5159 1609 5242 Tullensis,
1624 5159 1837 5240 quauiensis,
1854 5158 1958 5224 Pata·

305 5261 436 5341 niensis,
452 5261 682 5344 Frisingcnsis,
700 5261 912 5345 Brixinensis,
928 5263 1115 5346 Bragensis,
1131 5261 1293 5328 Michahel
1308 5263 1568 5348 Ratisponensis,
1591 5272 1626 5327 ut
1643 5264 1670 5327 si
1687 5264 1757 5347 quis
1772 5263 1957 5345 imperator
1977 5287 2014 5334 45

305 5372 362 5428 aut
383 5385 443 5427 rex
466 5362 603 5428 eandem
626 5362 800 5446 ecclesiam
821 5375 891 5430 tam
914 5375 1061 5431 sanctam
1084 5365 1181 5432 alicui
1204 5376 1336 5451 prestet,
1360 5368 1402 5432 sit
1423 5366 1598 5433 anathema
1620 5363 1819 5447 maranatha,
1842 5364 1959 5432 idest

391 5568 449 5622 ⁴57·
477 5565 572 5635 [Folle]
668 5569 695 5631 8)
713 5570 741 5619 Β
835 5574 862 5638 b)
880 5573 906 5622 B
923 5580 984 5625 rtott
1002 5575 1141 5637 Lunensis,
1159 5576 1304 5627 buccensis
1396 5575 1419 5638 c)
1436 5574 1535 5625 Brtntt
1547 5575 1712 5626 Lucet-lensia
1802 5568 1830 5630 d)
1850 5569 1959 5622 Becare

476 5637 740 5702 Fornmpopuliensis
827 5641 852 5708 e)
871 5643 897 5692 B
914 5649 974 5694 rtntt
993 5645 1155 5695 Cenedensis
1244 5641 1307 5708 013
1324 5647 1384 5694 αισα
1402 5643 1521 5695 Astensis
1613 5643 1640 5709 g)
1658 5643 1685 5692 Β
1700 5644 1760 5690 otott
1777 5637 1958 5703 Albingensis

477 5705 539 5757 oder·
555 5711 617 5756 erue
634 5705 872 5762 Albintimilieusis.
