4538 6436
423 415 488 481 514
1021 421 1474 480 KAISERURKUNDEN.

426 616 565 692 quatuor
594 604 734 669 miliaria
762 613 859 687 atque
888 602 1030 686 Tanagri
1059 600 1203 665 fluminis
1235 623 1364 666 omnem
1392 601 1566 686 ripaticum
1589 611 1622 664 et
1644 601 1847 693 aquaticum,
1882 598 2075 663 abbaciolas

426 731 568 794 quoque,
592 731 691 773 unam
714 706 754 771 de
777 706 907 790 Agiano
930 705 1109 770 inhonore
1132 708 1236 772 sancti
1259 704 1483 770 Bartholomei
1506 702 1648 790 apostoli
1671 713 1703 767 et
1725 702 1949 768 Pedonensem
1973 701 2075 766 abba-

424 813 504 875 tiam
527 821 559 873 et
581 811 775 875 canonicam
797 811 832 871 in
853 808 977 872 honore
1001 807 1167 892 quondam
1190 810 1295 873 sancti
1318 807 1482 873 Dalmacii
1507 810 1649 872 martiris
1674 807 1800 872 dicatas
1824 829 1898 871 cum
1923 806 2075 871 omnibus

425 914 521 978 rebus
545 913 589 980 ad
612 912 776 998 predictas
806 911 997 976 abbaciolas
1027 913 1233 997 integerrime
1256 911 1502 997 pertinentibus,
1526 914 1560 976 in
1583 912 1842 998 quibuscumque
1865 911 2075 975 comitatibus

425 1039 481 1081 seu
503 1017 584 1081 locis
608 1015 867 1100 Longobardiel
890 1025 922 1080 et
944 1014 1050 1079 Italici
1073 1018 1164 1099 regni
1188 1014 1426 1098 adiacentibus,
1450 1025 1573 1079 cortem
1598 1036 1725 1099 quoque
1749 1014 1789 1078 de
1805 1012 1975 1099 Campello
1999 1029 2110 1078 cuma

424 1119 507 1183 silva
529 1129 560 1182 et
584 1119 734 1183 omnibus
759 1118 802 1183 ad
825 1142 859 1182 se
882 1118 1118 1202 pertinentibus
1141 1129 1174 1183 et
1197 1118 1298 1183 silvas
1322 1118 1363 1183 de
1379 1117 1528 1183 'Andona
1551 1126 1584 1182 et
1605 1117 1731 1183 Banale
1755 1127 1945 1203 ceterasque
1973 1115 2076 1182 silvas

424 1244 498 1285 cum
522 1221 672 1286 omnibus
695 1221 899 1306 pertinentiis
924 1222 989 1284 suis
1015 1243 1072 1285 seu
1095 1223 1194 1285 etiarn
1217 1218 1363 1286 cuncta¹²
1387 1221 1502 1285 habita
1525 1231 1615 1284 tenta
1638 1231 1735 1305 atque
1759 1242 1912 1306 possessa
1935 1220 1979 1284 ad
2001 1243 2075 1305 par-

422 1334 487 1390 tem
510 1327 613 1410 ipsius
633 1325 720 1390 sedis
737 1347 757 1388 a
774 1323 920 1409 quolibet
942 1323 1173 1408 predecessore
1196 1327 1356 1409 presentis
1379 1327 1525 1410 episcopi
1549 1335 1647 1410 atque
1671 1325 1782 1388 omnia
1805 1324 1915 1410 aliquo
1938 1326 2075 1408 inscrip-

422 1430 520 1491 tionis
545 1438 577 1492 et
600 1427 792 1492 donacionis
815 1426 909 1491 titulo
933 1427 1089 1491 hactenus
1113 1426 1235 1492 donata
1255 1437 1286 1492 et
1306 1427 1427 1493 collata
1443 1451 1501 1493 seu
1516 1426 1637 1492 tradita
1652 1427 1797 1513 predicte
1814 1437 1926 1492 sancte
1942 1427 2075 1492 Astensi
2182 1429 2190 1444 ⁶

424 1531 560 1596 ecclesie
576 1555 596 1596 a
613 1531 871 1617 quibuscumque
893 1529 1081 1595 hominibus
1104 1530 1315 1595 concedimus
1338 1531 1499 1596 donamus
1517 1530 1749 1595 confirmamus
1765 1541 1798 1594 et
1813 1531 2074 1613 corroboramus,
2096 1547 2127 1591 ro

423 1659 489 1699 una
517 1657 591 1699 cnm
622 1637 724 1700 vineis
755 1637 881 1720 campis
912 1637 1015 1720 pratis
1045 1635 1176 1719 pascuis
1206 1634 1313 1698 zerbis
1343 1634 1508 1700 montibus
1536 1633 1678 1698 vallibus
1709 1634 1847 1699 collibus
1870 1633 2076 1720 planiciebus

424 1737 514 1803 silvis
537 1738 652 1804 insulis
675 1739 843 1803 frascariis
865 1735 1048 1803 buscariisi
1078 1737 1231 1802 stallariis
1260 1741 1340 1824 ripis
1369 1740 1494 1824 rupinis
1521 1740 1615 1825 aquis
1639 1761 1860 1825 aquarumque
1883 1738 2076 1804 decursibus

423 1841 618 1906 molendinis
642 1841 889 1927 piscationibus,
915 1844 1024 1906 omnia
1048 1863 1123 1907 cum
1146 1841 1297 1907 omnibus
1318 1842 1416 1907 rebus
1441 1866 1503 1929 que
1527 1842 1591 1907 dici
1614 1842 1666 1906 vel
1688 1844 1850 1907 nominari
1874 1853 2013 1928 possunt
2033 1841 2076 1905 ad

423 1943 606 2030 predictam
629 1947 777 2030 episcopi
807 1943 918 2009 sedem
941 1947 973 2008 in
997 1945 1158 2029 integrum
1181 1945 1433 2030 pertinentibus,
1464 1957 1496 2010 et
1518 1969 1576 2033 per
1598 1946 1662 2011 hoc
1685 1957 1795 2012 nostre
1819 1946 2076 2012 confirmationis

424 2058 614 2133 preceptum
639 2048 679 2112 de
702 2058 815 2112 nostro
840 2058 873 2111 et
894 2049 986 2131 regni
1008 2049 1078 2113 iure
1101 2059 1133 2114 et
1156 2049 1299 2114 dominio
1329 2051 1363 2113 in
1392 2049 1517 2134 prefate
1547 2061 1659 2115 sancte
1681 2049 1831 2114 Astensis
1860 2049 1998 2114 ecclesie
2024 2051 2075 2112 ius
2097 2067 2127 2113 ro

424 2163 456 2216 et
479 2152 658 2218 dominium
682 2157 813 2219 omnino
837 2152 1096 2218 transfundimus
1119 2173 1159 2216 ac
1182 2151 1382 2236 delegamus,
1406 2163 1443 2217 nt
1461 2153 1615 2238 deinceps
1631 2164 1664 2218 et
1678 2157 1890 2239 imposterum
1906 2153 2076 2238 perhenni-

423 2258 485 2322 bus
502 2259 703 2345 temporibus
719 2259 839 2324 habeat
854 2268 965 2324 teneat
986 2258 1186 2342 firmiterque
1208 2257 1378 2343 possideat
1398 2259 1468 2323 iure
1491 2257 1717 2342 proprietario,
1742 2259 1886 2321 omnium
1907 2255 2077 2321 hominum

425 2360 692 2426 contradictionis
721 2359 944 2447 inquictudine
972 2370 1109 2426 remota.
1146 2360 1286 2445 Insuper
1315 2361 1525 2426 concedimus
1555 2370 1654 2446 atque
1681 2359 1846 2446 largimur
1867 2370 1902 2425 ut
1933 2362 2078 2445 presenti

425 2467 582 2551 episcopo
607 2476 640 2530 et
664 2464 908 2532 successoribus
932 2468 1018 2546 eius,
1052 2465 1238 2551 ubicunque
1261 2466 1424 2532 voluerint
1446 2475 1478 2530 et
1500 2463 1718 2550 providerint,
1752 2467 1786 2529 in
1815 2464 1966 2529 omnibns
1995 2463 2078 2528 locis

425 2571 650 2653 prenominato
681 2580 794 2634 sancte
823 2569 892 2634 sedi
922 2570 1156 2656 pertinentibus
1183 2569 1283 2634 liceat
1309 2569 1447 2635 castella
1470 2579 1574 2633 turres
1597 2568 1739 2634 merulos
1762 2569 1964 2632 monetiones
1986 2566 2077 2631 valla
2095 2582 2128 2628 ao

424 2672 532 2737 fossas
555 2683 588 2736 et
610 2673 735 2738 fossata
758 2695 832 2738 cum
856 2673 1111 2759 propugnaculis
1137 2684 1259 2738 struere
1282 2684 1315 2738 et
1336 2673 1507 2756 edificare,
1535 2674 1607 2736 vias
1637 2695 1766 2759 quoquc
1793 2671 1895 2736 libere
1921 2671 2076 2752 incidere,

425 2798 528 2861 aquas
552 2776 679 2841 trahere
703 2786 735 2841 et
757 2777 959 2863 aqueductus
983 2787 1015 2840 et
1036 2776 1241 2842 molendinos
1271 2778 1396 2860 facere,
1432 2775 1606 2842 cuiuslibet
1627 2775 1768 2840 hominis
1793 2778 1924 2840 omnino
1948 2785 2076 2840 contra-

425 2879 567 2944 dictione
582 2891 730 2944 remota.
775 2881 926 2945 Preterea
956 2879 1166 2945 concedimus
1196 2891 1294 2967 atque
1323 2880 1480 2965 largimur
1509 2891 1545 2944 ut
1574 2882 1607 2945 in
1630 2880 1784 2964 Tanagro
1813 2880 1945 2944 flumine
1974 2901 2078 2965 prope

425 2983 505 3060 Aste
521 2994 553 3048 et
568 2984 711 3050 Masium
734 2994 857 3049 cortem
880 2995 992 3069 portus
1015 2987 1147 3049 navium
1171 2987 1428 3070 omnitempore
1451 2984 1600 3070 predicta
1623 2981 1763 3048 ecclesia
1777 2982 1899 3048 habeat
1914 2982 1957 3047 ad
1973 2993 2078 3047 trans-

425 3088 601 3153 meandum
630 3088 786 3175 quicquid
814 3111 949 3153 necesse
978 3087 1032 3152 ibi*
1048 3090 1135 3154 omni
1157 3088 1281 3153 homini
1304 3089 1415 3171 fuerit,
1448 3098 1480 3152 et
1502 3087 1689 3153 theloneum
1712 3088 1755 3152 ad
1778 3087 1949 3152 utilitatem
1971 3088 2075 3172 ipsius
2094 3101 2126 3148 25

425 3192 562 3258 ecclesie
586 3195 768 3278 accipiatur
790 3202 822 3256 et
844 3202 988 3257 mercata
1011 3193 1045 3255 in
1067 3193 1228 3257 territorio
1253 3191 1505 3278 Quadringenti,
1531 3193 1816 3278 quocienscunque
1838 3193 1873 3255 in
1896 3213 1982 3256 anno
2006 3213 2078 3277 pre-

425 3295 545 3360 libatus
569 3297 744 3381 episcopus
767 3306 824 3360 aut
848 3317 1053 3359 successores
1077 3295 1180 3379 ipsius
1202 3293 1375 3377 voluerint,
1404 3306 1527 3372 struere
1549 3294 1658 3358 facere
1681 3305 1714 3358 et
1735 3292 1921 3359 theloneum
1945 3291 2078 3379 accipil

427 3398 469 3463 ad
491 3410 617 3485 partem
640 3398 848 3468 luminarium
879 3397 1017 3463 ecclesie
1040 3399 1146 3462 sancti
1173 3396 1360 3463 Dalmaciil
1389 3398 1534 3483 predicte
1562 3397 1678 3483 plebis.
1725 3397 1876 3483 Denique
1905 3419 1964 3482 per
1990 3397 2077 3462 hanc

425 3513 536 3567 nostre
565 3503 849 3568 corroboracionis
879 3503 1034 3587 paginam
1065 3499 1276 3566 concedimus
1305 3500 1465 3566 donamus
1496 3512 1594 3588 atque
1623 3503 1871 3583 confirmamus,
1906 3512 1941 3566 ut
1971 3504 2076 3566 omnis

426 3606 534 3671 incola
564 3629 621 3671 seu
650 3607 786 3671 colonus
816 3616 913 3691 atque
943 3605 1108 3670 habitator
1136 3613 1169 3668 et
1196 3603 1343 3669 residens
1372 3614 1456 3668 terre
1485 3615 1517 3670 et
1544 3615 1702 3671 terrarum
1731 3615 1827 3691 atque
1855 3604 1953 3670 ullius
1976 3607 2076 3670 castri
2095 3617 2127 3663 30

426 3721 540 3773 sancte
564 3710 615 3775 dei
639 3711 806 3795 genitricis
830 3733 1021 3796 semperque
1037 3710 1172 3792 virginis
1189 3708 1293 3773 Mario
1317 3711 1486 3794 sanctique
1503 3709 1644 3775 Secundi
1668 3710 1891 3795 prenominato
1915 3709 2034 3772 sedis¹¹³
2057 3732 2078 3773 a

426 3811 514 3876 nullo
538 3811 670 3877 homine
694 3836 751 3899 per
774 3811 932 3900 placitum
955 3823 1013 3878 aut
1035 3813 1221 3899 perlegam
1251 3813 1464 3900 distringatur
1492 3815 1680 3897 dilanietur,
1709 3817 1771 3879 nisi
1802 3825 1876 3879 ante
1906 3823 2077 3900 pretaxate

428 3925 541 3980 sancte
565 3917 702 3980 ecclesio
726 3916 864 4002 presulis
888 3919 1003 4002 suique
1026 3919 1116 3981 missi
1140 3920 1347 4002 presentiam,
1372 3929 1405 3983 et
1427 3918 1526 3983 talem
1548 3919 1655 4004 legem
1672 3918 1718 3982 ibi
1736 3917 1838 3982 faciat
1856 3917 1986 4004 qualem
2002 3929 2078 3982 ante

426 4027 573 4084 nostram
596 4029 653 4083 aut
670 4021 772 4083 nostri
792 4023 920 4084 comitis
938 4019 1058 4105 palacii
1075 4023 1280 4105 presenciam
1296 4023 1404 4086 facere
1421 4021 1609 4087 debuerant.
1636 4021 1822 4088 Statuentes
1838 4024 1948 4108 itaque
1963 4032 2078 4086 nostra

426 4120 586 4207 imperiali
616 4124 810 4187 anctoritate
839 4123 988 4189 iubemus
1016 4133 1053 4188 ut
1081 4124 1235 4210 deinceps
1259 4125 1366 4191 nudlus
1391 4126 1459 4191 dux
1481 4126 1627 4190 marchio
1651 4148 1761 4190 comes
1785 4127 1970 4190 vicecomes
1994 4126 2076 4190 scul-
2094 4136 2126 4182 35

427 4222 537 4288 dassio
561 4224 743 4309 gastaldius
767 4235 823 4289 aut
846 4225 930 4291 ullus
954 4229 1000 4291 rei
1024 4227 1155 4312 publice
1178 4239 1315 4294 exactor
1337 4251 1394 4293 seu
1421 4228 1486 4293 alia
1509 4228 1652 4314 quelibet
1675 4251 1795 4312 magna
1818 4250 1985 4314 parvaque
2006 4250 2076 4312 per-

427 4348 508 4390 sona
530 4349 704 4410 regnorum
726 4337 910 4392 nostrorum
933 4329 1095 4414 prefatum
1116 4332 1308 4416 episcopum
1324 4332 1458 4417 eiusque
1475 4354 1681 4397 successores
1698 4330 1738 4396 de
1754 4331 1909 4418 predictis
1925 4331 2077 4418 plebibus

426 4441 459 4494 et
480 4431 625 4495 cortibus
649 4433 864 4519 omnibusque
886 4433 985 4498 rebus
1008 4433 1183 4500 mobilibus
1207 4443 1239 4499 et
1261 4433 1472 4499 inmobilibus
1496 4435 1666 4501 disvestire
1684 4435 1860 4500 molestare
1879 4445 1935 4500 aut
1953 4438 2077 4521 inquie-

426 4544 496 4598 tare
519 4534 661 4620 aliquem
683 4559 725 4599 ex
749 4538 816 4601 suis
839 4536 976 4620 colonis,
1000 4540 1274 4602 mansionaticum
1296 4539 1331 4602 in
1353 4537 1463 4624 aliquo
1494 4561 1624 4604 suorum
1647 4537 1795 4603 locorum
1819 4538 1944 4622 facere,
1974 4538 2076 4604 thelo-

426 4661 523 4703 neum
546 4650 603 4703 aut
625 4638 725 4704 ullam
749 4640 915 4726 publicam
936 4642 1138 4706 fonctionem
1161 4644 1292 4727 exigere
1315 4641 1451 4724 audeat,
1482 4641 1541 4706 sed
1564 4643 1662 4708 liceat
1689 4641 1827 4707 eandem
1853 4654 2000 4708 sanctam
2024 4644 2075 4708 dei
2094 4653 2126 4698 40

426 4741 599 4808 ecclesiam
622 4745 757 4829 eiusque
778 4746 920 4810 vicarios
944 4747 1052 4831 quiete
1075 4754 1107 4808 et
1130 4745 1266 4830 pacifice
1290 4748 1400 4810 omnia
1422 4757 1531 4811 tenere
1559 4768 1671 4830 regere
1700 4754 1733 4809 et
1761 4746 1957 4830 gubernare,
1988 4750 2075 4812 omni

425 4844 575 4909 molestia
598 4855 630 4909 et
653 4845 911 4912 contradictione
934 4846 1110 4913 cuiuslibet
1133 4848 1273 4912 hominis
1295 4860 1432 4914 remota.
1471 4849 1601 4935 Siquis
1631 4851 1744 4934 igitur,
1775 4849 1862 4936 quod
1885 4873 1950 4914 non
1973 4850 2074 4915 credi·

426 4969 513 5030 mus,
548 4951 738 5013 temerarius
767 4950 863 5015 huius
891 4953 1006 5036 nostri
1026 4953 1172 5036 precepti
1202 4951 1343 5017 violator
1365 4953 1526 5037 extiterit,
1560 4955 1644 5017 sciat
1667 4977 1702 5019 se
1725 4955 1983 5038 compositurum
2006 4955 2076 5018 auri

428 5053 542 5135 optimi
564 5051 665 5117 libras
688 5053 785 5136 mille,
809 5054 1018 5119 medietatem
1042 5077 1171 5119 camere
1194 5065 1305 5120 nostre
1328 5065 1361 5120 et
1383 5055 1592 5122 medietatem
1613 5059 1680 5121 iam
1703 5056 1790 5121 dicto
1814 5058 1970 5142 episcopo
1995 5054 2075 5122 s'uis-

426 5176 488 5238 que
517 5155 772 5222 successoribus.
819 5157 916 5238 Quod
938 5167 973 5222 ut
995 5160 1104 5222 verius
1127 5157 1279 5224 credatur
1301 5158 1575 5247 diligentius[que]
1605 5159 1646 5224 ab
1678 5159 1827 5224 omnibus
1856 5169 2125 5244 conservatore

425 5277 524 5320 mauu
545 5259 680 5343 propria
701 5259 895 5324 roborantes
919 5261 1032 5325 annuli
1055 5264 1158 5327 nostri
1180 5264 1395 5348 impressione
1419 5264 1530 5329 subter
1552 5264 1700 5349 insigniri
1723 5265 1886 5328 iussimus.

529 5500 724 5566 Ambrosius
747 5502 961 5569 cancellarius
985 5505 1135 5569 advicem
1150 5504 1265 5570 Uberti
1281 5509 1427 5593 episcopi
1444 5517 1476 5572 et
1491 5505 1770 5572 archicancellarii
1786 5509 1974 5594 recognovi.
1992 5509 2075 5590 (SR)

512 5652 866 5790 ³⁷⁴'ffl,1;2,¹1¹}³l'3³‘ffi⁰3
953 5659 980 5722 h)
997 5666 1077 5710 conta
1094 5661 1120 5710 Β
1206 5664 1225 5726 i)
1242 5663 1362 5714 buscaris
1379 5662 1406 5713 Β
1493 5663 1520 5728 lr)
1538 5663 1563 5714 Β
1580 5669 1642 5715 etctt
1659 5665 1780 5732 accipere
1872 5665 1892 5728 l)
1908 5666 2032 5716 Dalmaci
2049 5664 2076 5715 Β
2092 5730 2124 5778 50
