4554 6414
838 403 1069 459 HEINRIOH
1092 405 1115 459 1.
1140 400 1211 457 9232,

991 585 1053 662 32.

200 757 375 830 Heinrich
404 759 481 856 piot
512 757 592 831 dem
619 758 764 832 Kloatcr
790 758 961 859 Hersfclcl
993 759 1231 857 Besitzunpen
1266 760 1316 832 im
1348 760 1482 858 Altpuu
1510 760 1590 833 und
1614 759 1779 859 Westpau
1807 789 1850 835 zu.

205 879 351 952 Tal¹⁶⁶ll·
1474 922 1567 981 Reol
1590 926 1654 982 932
1676 921 1757 981 Jeme?
1779 927 1807 984 1.

307 1121 554 1196 Oripimldiplom
576 1126 618 1182 im
640 1125 668 1185 lc.
691 1125 893 1185 Staatsarclric
913 1143 954 1183 aa
976 1125 1124 1199 Morbum
1148 1125 1211 1205 (A).

167 1288 184 1334 o
304 1279 475 1338 Schneinclce
489 1280 574 1339 Mon.
599 1280 688 1340 Hace.
704 1285 735 1350 2,
754 1283 818 1340 657
830 1287 898 1341 22⁰1
924 1282 1024 1340 aussi
1048 1305 1088 1336 =
1112 1282 1225 1357 Mriicp
1239 1285 1272 1341 in
1288 1283 1363 1340 Actu
1378 1282 1475 1343 Pnlnt.
1493 1288 1598 1354 7,131
1616 1286 1852 1358 3023369.-

309 1384 415 1443 chck
430 1385 515 1445 Hcss,
532 1385 744 1459 Inndcsqescb.
767 1380 811 1456 3l‚
834 1391 878 1447 27
898 1393 933 1445 πθ
946 1392 989 1449 23
1012 1406 1069 1446 (eus
1084 1388 1121 1449 Α.
1143 1421 1185 1429 -
1207 1388 1294 1446 Face.
1317 1389 1351 1444 in
1366 1386 1505 1444 Berlincr
1519 1386 1636 1447 Abbild.
1659 1422 1701 1430 -
1724 1387 1854 1446 Bc'i'limcr

305 1488 379 1560 Rey.
404 1491 455 1549 62.
479 1523 519 1532 —
542 1489 670 1562 Stunipf
688 1491 761 1564 Regi.
785 1495 837 1551 37.

307 1643 499 1702 Geschriebcn
520 1663 577 1704 cen
597 1646 663 1706 PB.
697 1647 816 1705 Dicaea
843 1647 907 1705 aad
933 1647 989 1705 den
1017 1647 1082 1705 drci
1110 1647 1265 1721 solpcndcn
1286 1645 1358 1706 DD.
1387 1645 1455 1718 liept
1477 1645 1652 1720 dieplcicbc
1674 1646 1855 1705 Familia

308 1746 446 1818 Grande,
477 1748 525 1806 dic
544 1748 650 1822 jedocb
670 1767 732 1807 eur
753 1752 799 1810 bis
821 1751 962 1811 Iussimus
987 1753 1103 1811 rciclrle.
1119 1785 1162 1795 -
1183 1752 1235 1810 Da
1257 1751 1310 1808 der
1327 1750 1380 1808 Ort
1402 1751 1478 1810 Ileot
1499 1751 1562 1808 sich
1583 1752 1663 1809 nicht
1685 1753 1856 1810 bestimmen

306 1851 386 1922 laesi,
411 1853 497 1911 bleibt
519 1854 595 1911 ancli
617 1853 672 1912 dns
692 1855 871 1912 Verbdltniss
893 1854 947 1913 der
968 1855 1187 1929 Aussertipuap
1208 1873 1264 1914 oon
1277 1854 1352 1913 DH.
1368 1857 1412 1913 32
1432 1871 1473 1912 eu
1495 1854 1548 1912 der
1568 1873 1624 1913 cen
1646 1855 1717 1914 ΒΗ.
1733 1859 1776 1915 33
1799 1873 1855 1913 aa·

308 1955 486 2029 nufpcklc'irt,
510 1975 534 2015 s,
558 1957 657 2018 Waite
680 1957 787 2018 Jahrb.
813 1958 854 2018 H.
874 1971 897 2022 Ι.
920 1961 985 2018 147
991 1961 1113 2020 -150.

310 2161 368 2240 (Ο.)
393 2164 407 2246 ξ
428 2161 469 2225 ln
489 2163 621 2228 nomine
644 2171 779 2228 sanctae
802 2172 835 2228 et
856 2163 1045 2229 individuae
1067 2165 1232 2229 trinitatis.
1264 2164 1439 2229 Heinricus
1454 2163 1567 2230 divina
1584 2163 1777 2249 disponente
1792 2163 1857 2228 cle·

206 2265 328 2327 mentia
343 2288 411 2329 rex.
488 2265 626 2331 Noverit
641 2268 784 2332 omnium
800 2266 945 2332 fidelium
961 2277 1145 2332 nostrorum
1161 2269 1382 2353 praesentium
1406 2268 1531 2333 scilicet
1546 2277 1579 2332 et
1596 2269 1718 2334 futuro·
1732 2265 1747 2350 ,ξ
1761 2277 1858 2332 rum⁸

206 2366 381 2451 industria,
416 2369 555 2454 qualiter
583 2393 643 2435 nos
673 2393 748 2435 cum
779 2369 1099 2436 Heroluesfcldensis
1127 2371 1278 2436 coenobii
1306 2371 1427 2436 abbate
1455 2374 1507 2436 cui
1535 2394 1655 2437 nomeu
1682 2371 1857 2457 Mcgingoz

156 2480 189 2526 ¹5
207 2470 372 2554 quoddam
396 2473 623 2538 concambium
646 2475 793 2539 fecimus.
827 2471 979 2540 Traffidit
1001 2477 1100 2560 igitur
1121 2475 1217 2540 nobis
1241 2475 1386 2561 prefatus
1409 2475 1594 2540 abbacum
1617 2497 1780 2541 consensu
1794 2476 1858 2539 fra-

206 2583 292 2638 trum
315 2586 347 2639 et
369 2599 468 2642 manu
490 2577 644 2643 advocati
668 2580 718 2644 sui
739 2577 930 2643 Theotbarii
951 2581 986 2644 in
1009 2601 1095 2664 pago
1111 2578 1349 2643 Friesonoueld
1371 2580 1404 2643 in
1427 2581 1584 2644 comitatu
1601 2579 1745 2664 Sigifn'di
1770 2580 1858 2664 quic-

206 2676 286 2761 quid
312 2681 347 2743 in
369 2680 449 2745 loeis
473 2661 670 2765 Osterbusa,
694 2682 874 2765 Asendorf,
897 2683 1046 2767 Uuntza,
1076 2683 1278 2768 Hompergi‚
1309 2682 1544 2767 Seorebininga
1574 2680 1858 2766 Sitcchenbahque

207 2785 334 2846 vocatis
362 2785 508 2853 eiusdem
536 2786 685 2852 coenobii
715 2788 889 2871 potestatis
919 2809 991 2852 esse
1020 2786 1210 2868 videbatur,
1245 2807 1318 2850 cum
1349 2785 1521 2850 curtilibus
1550 2785 1691 2850 ecclesia
1721 2784 1858 2870 aliisque

207 2886 366 2952 aedificiis
389 2890 604 2977 omnibusque
626 2890 824 2978 appenditiis
847 2899 880 2956 et
901 2891 1095 2956 adiacentiis
1119 2892 1196 2954 suis.
1230 2889 1436 2954 Donavimus
1460 2890 1546 2954 cuim
1569 2897 1703 2954 econtra
1719 2886 1763 2952 ad
1778 2886 1860 2951 illud

158 3007 191 3052 eo
208 2992 401 3058 coenobium
425 2995 458 3058 iu
481 2998 576 3081 pagis
600 2994 768 3079 Altgcuue'
785 3003 818 3059 et
839 2994 1050 3080 Uuestgeuue
1071 2995 1248 3060 nominatis
1271 2996 1305 3057 iu
1327 2992 1538 3057 comitatibus
1556 2990 1803 3078 Meginuuarebi
1827 2999 1861 3054 et

210 3094 354 3180 Sigifridi
378 3097 451 3164 loca
473 3100 660 3181 Tennistat,
684 3097 951 3184 Chirihbaringa,
974 3097 1274 3182 Uuoluesbaringa‚
1297 3097 1447 3181 Paringi,
1469 3095 1722 3178 Bisenuuinida,
1745 3095 1860 3158 Hursi-

209 3198 431 3287 legemundil’,
461 3201 592 3285 Asbah,
621 3199 911 3285 Eckibartesleba,
939 3183 1077 3288 degan,
1106 3201 1279 3284 Saltzaha,
1302 3200 1487 3266 Durniloha
1510 3209 1543 3265 et
1565 3199 1715 3265 Germani
1738 3219 1860 3263 nuncu-

208 3315 305 3389 pata,
339 3329 412 3371 cum
442 3306 635 3372 curtilibus⁰
663 3306 833 3372 aecclesiis
862 3309 1044 3393 ceterisque
1072 3306 1210 3392 edificiis
1237 3307 1409 3391 mancipiis
1435 3307 1530 3371 terris
1554 3304 1651 3369 cultis
1673 3311 1707 3369 et
1728 3301 1860 3367 incultis

208 3410 297 3494 agris
320 3412 423 3495 pratis
446 3413 573 3498 campis
594 3413 728 3497 pascuis
752 3408 843 3474 silvis
866 3411 960 3496 aquis
983 3433 1207 3497 aquarumque
1237 3409 1429 3475 decursibus
1456 3409 1651 3475 molendinis
1674 3409 1738 3471 viis
1760 3414 1793 3471 et
1814 3406 1861 3470 iu-

159 3523 192 3571 no
210 3515 272 3576 viis
301 3514 444 3580 exitibus
475 3524 508 3579 et
534 3515 693 3581 reditibus
725 3515 859 3601 quesitis
888 3524 920 3578 et
947 3516 1148 3601 inquirendis
1179 3524 1211 3580 et
1240 3515 1390 3580 omnibus
1419 3537 1504 3601 quac
1533 3514 1598 3579 dici
1621 3521 1679 3578 aut
1701 3511 1861 3576 nominari

210 3628 347 3702 possunt
375 3619 583 3705 appenditiis.
621 3619 780 3684 Iussimus
810 3641 939 3704 quoque
970 3619 1032 3685 boc
1060 3629 1271 3706 praeceptum
1295 3619 1371 3685 inde
1393 3617 1557 3684 conscribi
1580 3639 1639 3704 per
1661 3615 1749 3702 quod
1772 3613 1862 3679 volu-

210 3744 283 3786 mus
304 3722 503 3808 firmiterque
526 3722 685 3805 iubemus,
710 3732 871 3809 quatenus
893 3732 1093 3790 memoratus
1116 3724 1290 3809 Megingoz
1314 3723 1402 3789 abba
1424 3721 1631 3788 venerandus
1654 3723 1768 3806 suique
1791 3741 1862 3783 suc-

210 3847 358 3890 cessores
381 3824 579 3892 liberrimam
603 3827 676 3892 inde
700 3827 835 3892 ulterius
858 3826 1003 3894 habeant
1025 3838 1222 3915 potestatem
1249 3829 1382 3894 tenendi
1410 3827 1632 3894 commutandi
1661 3824 1861 3912 possidendi.

211 3929 255 3992 Et
270 3937 306 3993 ut
320 3929 403 3993 baec
426 3940 558 3995 nostrae
581 3934 846 3996 commutationis
870 3934 1050 3998 auctoritas
1072 3933 1166 3997 firma
1190 3934 1381 4019 stabilisque
1403 3941 1604 4019 permaneat,
1627 3953 1727 3996 manu
1749 3939 1862 3995 nostra

161 4041 194 4088 30
212 4032 326 4096 subtus
349 4057 420 4098 eam
444 4034 646 4099 firmavimus
669 4035 831 4121 anuloque
854 4045 966 4101 nostro
989 4037 1137 4120 insigniri
1161 4039 1399 4122 praecepimus.

256 4255 257 4260 ,
314 4219 328 4274 a
350 4189 488 4276 Signum
511 4190 621 4257 domui
645 4191 791 4257 Heinriei
814 4193 904 4272 (MP.)
930 4193 1127 4257 serenissimi
1149 4190 1284 4276 regis}

313 4308 327 4389 ἐξ
348 4313 462 4399 Poppo
477 4315 624 4378 notarius
640 4314 790 4379 advicem
806 4313 973 4398 Hiltiperti
990 4312 1267 4399 archicappellani
1284 4314 1461 4399 recognovi
1478 4313 1538 4395 eti
1555 4315 1625 4394 (SR.
1642 4313 1719 4393 NN.)
1745 4313 1802 4392 (SI.
1820 4311 1862 4391 2.)

316 4467 405 4532 Data
420 4468 488 4533 kal.
504 4471 570 4534 iun.
587 4492 672 4535 anno
689 4471 923 4534 incarnationis
942 4468 1064 4534 domini
1087 4485 1310 4551 Dccccxxml,
1334 4478 1491 4555 regnante
1510 4470 1656 4555 piissimo
1673 4491 1748 4551 rege
1765 4467 1863 4530 Hein-

212 4572 280 4634 rico
304 4595 389 4637 anno
414 4590 509 4655 x11113
532 4583 641 4638 actum
665 4574 697 4637 iu
721 4573 794 4638 loeo
818 4573 902 4638 Reot
924 4573 1031 4654 diet03
1053 4574 1086 4636 in
1110 4572 1161 4637 dei
1185 4574 1315 4637 nomine
1337 4571 1490 4655 lleliciter
1511 4573 1630 4657 a]meu.

164 4837 196 4883 ac
1009 4818 1072 4896 33,
1126 4760 1132 4772 ·

214 4995 387 5070 Hcimiclc
411 4996 487 5094 ⁸qibt
512 4994 592 5066 dem
620 4991 764 5066 Klostcr
790 4991 962 5090 Hersfeld
987 4992 1057 5064 den
1085 4989 1153 5067 Ort
1178 4990 1329 5062 mizina
1355 5015 1400 5061 zu
1431 4989 1579 5062 Tarcsclc.

1469 5129 1581 5201 Ersuit
1604 5132 1669 5187 932
1691 5129 1771 5188 June·
1793 5133 1821 5187 1.

318 5343 494 5418 Copinlbucb
518 5363 573 5402 ron
597 5344 736 5416 Hersseld
757 5362 815 5404 aas
837 5345 890 5402 der
912 5345 1002 5402 Mitte
1029 5345 1079 5403 des
1108 5350 1158 5404 12.
1182 5343 1235 5402 Jlae.
1259 5341 1282 5412 f.
1308 5343 1348 5400 55
1380 5341 1421 5397 ini
1444 5340 1471 5397 lc.
1496 5337 1698 5397 Sluelsurcbio
1719 5355 1760 5395 cu
1782 5337 1867 5395 Mar-

320 5451 394 5523 burq
419 5448 481 5527 (B).

166 5628 200 5674 ⁴⁰
321 5634 362 5689 ³2.
392 5636 485 5702 [Folle]
573 5637 599 5698 a)
617 5642 699 5686 arcem
718 5637 846 5697 futuroro,
862 5637 935 5686 ἀαηι
953 5653 983 5688 ro
999 5635 1086 5700 pellice
1174 5636 1202 5700 b)
1219 5651 1268 5685 con
1285 5633 1409 5697 janiam
1427 5630 1509 5682 Haud
1525 5629 1614 5678 morie
1631 5629 1689 5680 bier
1705 5627 1871 5682 Falcbinaha

390 5704 568 5768 &machelm
655 5707 681 5772 c)
699 5723 764 5758 corr.
783 5723 831 5756 aare
848 5708 974 5757 curtibus.

1625 5804 1664 5863 9*
