4538 6436
303 411 307 428 ‘
379 417 443 483 470
981 419 1432 478 nsrsanunnununu.

486 612 579 686 eripe
601 605 851 677 clamationes,
881 608 935 668 wic
956 625 983 667 s.
1000 606 1038 665 B.
1062 607 1095 663 in
1117 603 1169 663 der
1190 603 1391 677 Rccoynitiora
1420 603 1594 676 mrpcbracht
1617 603 1719 662 habea.
1758 603 1811 662 Ich
1833 604 1893 678 tayo
1913 603 2035 663 astato

484 712 567 775 Osa
586 711 709 773 Grmsdc
732 709 797 768 mod
819 711 984 770 wecicbac
1005 728 1067 768 our
1088 709 1136 767 dic
1159 708 1212 768 der
1233 708 1406 780 Beochtunq
1429 707 1556 766 cumben
1576 708 1740 766 Varioatca
1759 723 1816 766 oon
1841 709 1874 767 Z.

589 915 629 980 In
651 914 783 980 nomine
806 922 919 979 sancte
938 923 970 978 et
987 912 1154 980 individue
1176 912 1340 976 trinitatis.
1386 907 1464 975 Otto
1488 909 1600 976 divina
1621 909 1752 975 favente
1773 911 1951 976 clemencia
1974 913 2034 976 im·

384 1029 516 1106 perator
534 1028 700 1104 augustus.
789 1016 825 1082 Si
842 1016 988 1082 fidelium
1006 1026 1193 1082 nostrorum
1212 1014 1429 1101 peticionibus
1449 1037 1544 1079 aures
1567 1016 1748 1079 serenitatis
1767 1026 1876 1082 nostre
1897 1015 2035 1080 inclina·

384 1126 541 1206 verimus,
566 1122 756 1188 devociores
779 1143 836 1186 eos
860 1120 903 1186 ad
924 1119 1119 1186 famulatum
1140 1130 1290 1185 nostrum
1310 1141 1377 1183 non
1400 1128 1450 1183 est
1472 1141 1532 1184 nos
1556 1117 1685 1183 efficere
1708 1119 1907 1202 ambiguum.
1943 1119 2071 1200 Qua-5

384 1239 518 1315 propter
539 1227 665 1293 noverit
688 1229 833 1292 omnium
857 1236 969 1291 sancte
993 1224 1045 1291 dei
1067 1225 1206 1291 ecclesie
1227 1224 1372 1290 fidelium
1390 1233 1664 1308 nostrorumque*
1686 1225 1890 1308 presencium
1908 1223 2036 1289 scilicet

384 1355 424 1397 ac
446 1332 628 1397 futurorum
650 1332 856 1413 universitas,
880 1328 1019 1416 qualiter
1040 1331 1222 1394 interventu
1240 1337 1273 1392 et
1292 1326 1442 1393 consultu
1458 1324 1666 1392 Adslheidel'
1688 1336 1799 1391 nostre
1822 1323 2035 1392 dilectissime

385 1437 532 1519 coniugis
556 1445 588 1498 et
610 1436 736 1520 imperii
758 1435 863 1498 nostri
886 1433 1056 1515 consortis,
1080 1443 1177 1517 prout
1199 1433 1283 1497 iuste
1305 1441 1338 1495 et
1359 1429 1508 1516 legaliter
1529 1450 1714 1513 possumus,
1748 1428 1928 1514 largimur⁰
1956 1429 2034 1495 Vic-

384 1540 447 1604 tori
470 1536 558 1602 fideli
581 1547 693 1602 nostro
718 1547 750 1602 et
773 1546 886 1601 sancte
909 1535 1075 1601 Curiensis
1099 1536 1235 1601 ecclesie
1258 1533 1529 1621 archipresbitero
1558 1555 1617 1619 pro
1647 1534 1795 1599 inmensa
1823 1530 1979 1598 fidelitate
2001 1543 2035 1598 et

334 1671 339 1679 ·
385 1642 523 1706 servicio
547 1640 634 1725 quod
658 1662 786 1725 semper
808 1642 897 1704 circa
918 1662 979 1705 nos
1003 1639 1134 1705 exibere
1157 1661 1222 1704 non
1246 1638 1383 1720 desistit,
1408 1638 1574 1724 quandam
1591 1646 1712 1704 terram
1731 1660 1793 1724 que
1812 1637 1930 1703 dicitur
1948 1660 2032 1702 mor
2054 1651 2087 1698 1⁰

383 1753 513 1809 tuorum
536 1754 568 1808 et
591 1745 660 1808 sine
682 1742 867 1826 heredibus,
892 1753 1027 1812 actenus
1049 1743 1140 1825 regni
1163 1742 1266 1806 nostri
1289 1742 1504 1825 pertinentem
1526 1748 1560 1804 et
1581 1742 1806 1806 coniacentcm
1824 1742 1857 1804 in
1876 1742 2034 1805 comitatu

384 1847 518 1915 Recie‘l'
533 1851 567 1913 in
595 1848 736 1914 vallibus
760 1848 905 1914 Uenuste
934 1859 967 1912 ct
995 1847 1154 1932 Ignadine
1184 1856 1216 1911 et
1244 1847 1284 1911 de
1313 1855 1423 1912 nostro
1454 1846 1522 1909 iure
1551 1852 1584 1908 et
1612 1842 1756 1908 dominio
1779 1846 1813 1909 in
1836 1845 1905 1908 eius
1928 1846 1978 1910 ius
2001 1852 2035 1908 et

385 1951 565 2018 dominium
587 1950 843 2016 transfundimus
866 1960 965 2036 atque
988 1949 1186 2036 delegamus,
1209 1973 1275 2016 una
1297 1973 1372 2015 cum
1395 1950 1490 2015 terris
1514 1951 1639 2035 campis
1657 1952 1760 2014 vincis
1779 1951 1882 2036 pratis
1900 1951 2034 2035 pascuis

384 2054 475 2119 silvis
498 2055 592 2139 aquis
616 2075 838 2140 aquarumque
861 2051 1052 2120 decursibus
1076 2054 1314 2139 piscationibus
1338 2052 1469 2119 salectis
1493 2052 1687 2118 molendinis
1710 2053 1876 2118 montibus
1891 2052 2034 2119 vallibus

309 2165 311 2172 ’
384 2158 587 2244 planiciebus
610 2156 707 2223 cultis
731 2168 763 2223 et
783 2158 914 2222 incultis
937 2157 1115 2223 mobilibus
1138 2167 1170 2221 et
1192 2155 1403 2222 inmobilibus
1426 2178 1502 2220 cum
1525 2156 1675 2222 omnibus
1694 2178 1808 2222 eornm
1823 2157 2032 2242 pertinenciis
2054 2167 2085 2215 15

384 2262 555 2348 adquisitis
579 2270 610 2326 et
633 2261 860 2346 adquirendis,
895 2271 931 2327 ut
952 2259 1074 2326 habeat
1096 2270 1205 2325 teneat
1230 2261 1367 2325 firmiter
1394 2262 1428 2325 in
1457 2269 1737 2344 perpetuumquc⁶
1765 2259 1934 2346 possideat
1961 2262 2033 2346 ipso

385 2367 497 2450 suique
518 2365 654 2430 heredes
676 2365 883 2451 habeantque
906 2375 1101 2451 potestatem
1123 2364 1255 2431 tenendi
1279 2363 1422 2429 donandi
1445 2361 1608 2428 vendendi
1627 2364 1848 2429 commutandi
1868 2362 2032 2429 alienandi

385 2492 442 2535 scu
459 2491 519 2555 pro
535 2470 645 2533 anima
662 2468 828 2535 iudicandi
852 2477 884 2532 et
906 2468 1055 2555 quitquid
1078 2491 1190 2534 eorum
1214 2466 1415 2534 decreverit‘
1436 2469 1564 2532 animus
1586 2467 1739 2550 faciendi,
1764 2468 1908 2534 omnium
1930 2468 2032 2534 homi·
2064 2511 2070 2520 ·

383 2581 487 2636 num⁸
509 2570 767 2636 contradictione
789 2581 923 2636 remota.
963 2571 998 2638 si
1022 2574 1093 2658 quis
1116 2581 1226 2636 autem
1248 2571 1343 2636 huius
1365 2573 1467 2636 nostri
1491 2571 1636 2655 precepti
1659 2569 1853 2635 donacionis
1876 2593 1934 2636 seu
1955 2593 2034 2638 con-

384 2676 543 2739 cessionis
570 2675 720 2759 frangere
749 2677 957 2758 temptaverit
984 2685 1081 2761 atque
1103 2675 1227 2739 violare
1255 2675 1374 2740 inferre
1403 2677 1637 2759 presumpserit
1648 2671 1672 2758 l,
1707 2677 1791 2740 sciat
1814 2698 1849 2740 se
1871 2677 2033 2761 composi·
2053 2691 2087 2738 20

384 2789 491 2844 turum
514 2780 584 2843 auri
609 2779 721 2864 optimi
744 2776 845 2843 libras
869 2779 1057 2864 sexaginta,
1092 2777 1299 2843 medietatem
1328 2777 1461 2842 kamere
1488 2787 1599 2842 nostre
1621 2787 1654 2843 et
1675 2777 1882 2844 medietatem
1904 2779 2033 2864 prefato

383 2883 509 2949 Victori
538 2881 812 2966 archipresbitero
842 2882 972 2966 suisque
1000 2880 1184 2947 heredibus.
1230 2881 1328 2962 Quod
1351 2891 1386 2946 ut
1408 2883 1515 2946 verius
1539 2880 1691 2946 credatur
1713 2892 1746 2947 et
1770 2882 1894 2948 firmius
1923 2882 2033 2948 obser-

383 2996 486 3069 vetur,
509 3007 608 3051 manu
631 2988 765 3071 propria
788 2985 899 3050 subter
920 2986 1086 3051 firmantes
1110 2995 1142 3050 et
1164 2985 1262 3051 anulo
1288 2994 1398 3050 nostro
1422 2986 1455 3049 in
1478 2983 1569 3048 calce
1591 2986 1745 3052 iussimus
1768 2985 1914 3070 sigillari.

487 3122 623 3206 Signum
646 3121 757 3187 domni
782 3122 913 3188 Ottonis
939 3125 1002 3205 (Μ.)
1026 3124 1222 3189 serenissimi
1244 3124 1461 3208 imperatoris.

486 3223 681 3289 Ambrosius
704 3225 918 3292 cancellarius
941 3226 1090 3291 advicem
1112 3223 1271 3292 Hubertii
1301 3227 1447 3312 episcopi
1476 3236 1509 3294 et
1535 3227 1814 3293 archicancellarii
1842 3231 2031 3313 recognovi.
2052 3233 2086 3280 25

486 3364 576 3429 Data
590 3383 664 3429 vr11.
683 3365 727 3430 id.
750 3365 807 3430 iul.
830 3387 916 3430 anno
941 3366 1102 3430 dominice
1125 3366 1366 3432 incarnacionis
1389 3365 1649 3451 Dccccnxvurl,
1671 3369 1799 3455 imperii
1822 3389 1898 3433 vero
1922 3367 2033 3432 domni

384 3466 516 3532 Ottonis
544 3469 683 3554 piissimi
713 3471 834 3534 cesaris
858 3489 910 3553 vl,
945 3470 1122 3535 indictione
1150 3489 1190 3552 x3
1225 3480 1335 3535 actum
1365 3473 1399 3536 in
1428 3473 1586 3537 comitatu
1615 3471 1766 3538 Lucense
1797 3473 1832 3537 in
1860 3470 1938 3536 villa
1970 3493 2035 3557 que·

383 3581 521 3636 vocatur
543 3572 677 3656 Marila3
699 3575 732 3638 in
756 3574 808 3639 dei
830 3575 961 3639 nomine
983 3574 1121 3641 feliciter
1143 3597 1248 3640 amen.

1164 3815 1251 3890 344.

393 3969 473 4046 Otto
501 3966 638 4067 bcflchlt
663 3970 728 4043 der
753 3970 931 4043 Aebtissiu
957 3971 1160 4071 Adclberyo
1186 3972 1267 4046 send
1292 3972 1362 4046 deu
1388 3973 1551 4045 Nosses
1583 3971 1642 4046 des
1670 3972 1960 4046 Moricoklosters
1992 3974 2033 4045 ira
2051 3997 2087 4044 ao

383 4091 601 4188 Apiniuuici
633 4091 704 4164 sich
739 4089 804 4163 der
838 4091 995 4190 Leitsoq
1028 4092 1088 4165 des
1120 4092 1227 4166 Abtes
1259 4119 1331 4166 von
1363 4089 1402 4168 S.
1432 4093 1607 4168 Vioccrrzo
1642 4120 1701 4165 orn
1731 4092 1902 4166 Volturno
1937 4093 2035 4167 nicht

383 4212 503 4284 weitcr
528 4237 574 4285 ze
598 4211 837 4287 widcrsctzeu.'
1775 4265 1817 4276 ..
1860 4265 1903 4276 ..
1946 4265 1988 4276 ..

488 4418 653 4480 chronicon
676 4421 874 4492 Volturncnsc,
901 4418 997 4480 (iodea
1018 4423 1222 4496 autographus
1245 4439 1303 4483 aas
1325 4421 1392 4482 dem
1414 4421 1540 4497 Anfonq
1561 4423 1611 4482 des
1634 4426 1684 4484 12.
1703 4421 1756 4482 Jlt.
1781 4421 1805 4494 f.
1828 4419 1901 4484 194'
1923 4425 1957 4481 in
1979 4422 2033 4480 der

486 4525 654 4585 Bibliottck
675 4526 837 4588 Barbcriui
858 4543 899 4584 su
921 4526 999 4586 Rom
1024 4524 1088 4605 (A).

487 4665 643 4726 Murators'
665 4665 718 4726 SS.
742 4660 785 4736 1³,
809 4668 874 4727 442
895 4681 952 4724 aas
975 4664 1012 4722 Α.
1036 4699 1078 4708 -
1101 4662 1231 4738 &omps
1248 4666 1320 4740 Res.
1345 4668 1433 4726 447⁶.
1807 4707 1817 4728 .
2050 4663 2085 4713 35

487 4805 526 4862 In
548 4805 596 4862 cio
617 4803 769 4862 Placitum
792 4803 842 4862 des
865 4804 998 4862 Forstcn
1020 4801 1162 4874 Pondulf
1178 4820 1243 4862 eom
1264 4806 1317 4864 29.
1341 4805 1460 4878 Aupust
1483 4805 1546 4863 968
1573 4802 1694 4862 insesirt
1723 4801 1787 4861 uod
1808 4820 1870 4896 our
1890 4818 1923 4861 so
1945 4802 2032 4861 rtbcr·

487 4906 596 4979 Iicfcrt,
619 4909 659 4966 ist
681 4907 744 4966 dics
760 4905 890 4965 Mandat
913 4905 1057 4964 cntwedcr
1078 4907 1165 4966 schoa
1186 4923 1250 4966 vom
1266 4906 1418 4967 Sclrrciber
1435 4907 1488 4967 der
1506 4905 1778 4968 deichtsarhandc
1799 4906 1871 4966 oder
1889 4923 1945 4965 eoa
1967 4905 2033 4964 dem

470 5091 529 5148 34³.
558 5091 712 5162 [Ottenthal]
801 5095 828 5157 a)
845 5092 1016 5160 fideliumque
1034 5097 1182 5143 nostrorum
1199 5091 1224 5142 Ζ
1310 5093 1338 5155 b)
1357 5092 1521 5144 Adelhsidae
1539 5092 1563 5144 Ζ
1652 5093 1677 5160 c)
1696 5099 1774 5160 prout
1846 5092 1973 5160 largimur
1992 5090 2035 5143 02

556 5165 582 5224 d)
602 5164 714 5214 Rhctias
737 5163 762 5214 Z
868 5165 893 5225 e)
911 5162 945 5224 Z,
973 5165 1217 5228 imperpetuumque
1237 5161 1260 5212 0
1364 5163 1385 5222 s)
1405 5165 1550 5212 accreverit
1570 5161 1614 5214 ΟΖ
1714 5165 1741 5230 g)
1761 5165 1878 5215 omnium
1896 5163 2032 5213 hominum

555 5235 584 5282 io
610 5233 635 5282 Z
657 5229 799 5296 entsprs'cht
824 5231 872 5282 der
898 5229 1122 5281 Ausdntckswcisc
1147 5230 1193 5281 des
1211 5230 1247 5282 Ιι.
1268 5228 1295 5282 0.
1321 5229 1376 5282 aad
1398 5233 1432 5280 ist
1455 5230 1573 5282 dbcrdies
1596 5233 1625 5282 iu
1645 5229 1735 5283 Oooa
1752 5236 1869 5297 rptttcrcr
1886 5230 1969 5283 Hand
1986 5246 2032 5280 arr·
2050 5235 2085 5282 40

557 5307 618 5351 stote
636 5301 681 5351 das
698 5299 914 5366 mspm‘hpls'chsa
933 5303 1003 5352 omni
1023 5300 1205 5366 inquietudine
1224 5306 1250 5350 et
1268 5301 1429 5364 superacta
1533 5301 1560 5366 h)
1577 5302 1656 5351 huius
1669 5329 1702 5338 -
1714 5304 1903 5368 presumpserit
1916 5299 1965 5362 ΟΖ,
1982 5316 2034 5349 nur

556 5373 584 5420 s'a
605 5369 627 5420 0
642 5370 741 5422 violare
758 5370 876 5436 mosterol
890 5376 989 5438 perstat,
1013 5369 1084 5420 kann
1101 5368 1168 5419 such
1184 5371 1220 5418 im
1235 5367 1356 5433 Oriyiaal
1370 5369 1510 5433 pertendat
1528 5369 1624 5433 bahem
1643 5369 1690 5420 der
1707 5369 1823 5436 offcnbcr
1834 5369 1958 5435 fldchtiyc
1970 5368 2032 5419 Dte

555 5447 623 5490 tator
639 5439 707 5490 wird
724 5442 772 5490 wic
789 5443 818 5489 ia
836 5439 898 5490 Do.
917 5443 971 5491 259
989 5442 1035 5488 mit
1055 5441 1131 5488 huius
1144 5467 1177 5475 -
1190 5440 1369 5488 concessionis
1388 5438 1515 5503 bcycuaca
1533 5439 1622 5502 habers,
1641 5439 1713 5489 donn
1730 5439 1792 5488 aber
1808 5442 1837 5489 ia
1854 5439 1950 5489 undere
1967 5437 2032 5488 For·

555 5509 605 5558 mel
622 5507 818 5570 versellensem
835 5507 976 5558 undecimi
994 5510 1109 5558 noeitcm
1126 5513 1187 5560 stou
1209 5507 1254 5557 des
1276 5508 1305 5556 tn
1327 5507 1412 5556 dieser
1430 5507 1592 5574 Verbindaay
1616 5508 1733 5573 biiufiycn
1758 5511 1911 5559 violentiam
1936 5507 2032 5557 inferre

553 5576 716 5643 puchricbcn
733 5576 816 5626 baben
833 5577 934 5626 violare
952 5577 1048 5626 interro
1146 5577 1165 5642 i)
1181 5577 1309 5626 liodberti
1327 5575 1354 5638 Z,
1378 5575 1445 5626 wohl
1463 5579 1505 5626 eia
1523 5576 1815 5628 Emcndatimtsomuch
1918 5576 1945 5638 k)
1964 5578 1993 5625 ia
2013 5574 2085 5626 045

555 5645 739 5711 ursprttnpltch
757 5644 813 5696 hier
829 5644 885 5695 aad
902 5661 944 5694 am
961 5645 1043 5710 Kops
1053 5645 1099 5696 des
1116 5645 1153 5697 D.
1170 5661 1221 5695 aar
1239 5657 1321 5697 nocco
1340 5651 1378 5707 (ro
1396 5645 1463 5696 sach
1481 5648 1510 5696 s'n
1526 5645 1585 5697 dem
1602 5645 1703 5696 Wiener
1718 5645 1858 5698 coartata
1874 5661 1924 5696 coa
1941 5643 2031 5710 1500),

555 5715 627 5766 donn
645 5713 807 5782 hinzuqcsttpt
825 5727 932 5778 nxvtn,
951 5715 1012 5765 aber
1030 5731 1065 5764 aa
1082 5715 1130 5765 der
1147 5713 1214 5765 chl
1230 5718 1318 5779 sph'tcr
1336 5717 1471 5780 corripit-t,
1489 5714 1555 5766 nach
1574 5715 1597 5765 Ζ
1612 5727 1763 5768 ncccctvn.
