4560 6426
976 405 1450 470 'KAISERURKUNDEK

502 599 685 673 Aasspraelr
709 599 763 657 der
785 617 836 657 um
860 598 942 658 Rata
966 598 1123 672 bosraqtea
1148 599 1283 658 Grossen
1306 596 1354 656 als
1376 589 1504 671 Vorlaqe
1527 596 1637 656 dicate.
1661 605 1704 638 --“
1724 596 1786 654 Voa
1810 585 1942 652 'acarna
1964 614 1995 653 n.
2019 612 2051 652 a.

502 705 579 763 olane
605 705 717 765 Gran-d
739 705 957 778 eayeeweifelt.
994 704 1157 763 Erlaatert
1179 719 1237 759 ron
1260 701 1409 759 Bruaner
1429 703 1463 759 in
1485 701 1607 760 Wiener
1631 699 1693 761 ΕΒ.
1718 701 1769 768 51,
1784 693 1867 758 467.

505 875 563 954 (c.)
587 873 602 958 Ξ
623 875 660 939 ln
683 877 814 939 nomine
838 885 971 938 sanctae
994 883 1025 936 et
1049 871 1236 935 individuae
1259 872 1425 935 trinitatis,
1452 869 1669 935 Chuonradus
1691 868 1807 938 divina
1834 868 1965 932 favente
1988 868 2052 932 cle·

400 978 520 1040 mentia
542 1001 613 1042 rex.
698 980 834 1043 Noverit
862 980 1004 1042 omnium
1032 977 1176 1041 fidelium
1206 987 1390 1042 nostrorum
1417 977 1637 1062 praesentium
1668 973 1792 1038 scilieet
1815 983 1847 1036 et
1869 973 2053 1036 futurorum

402 1083 576 1165 sagacitas
600 1081 739 1166 qualiter
761 1082 957 1146 venerabilis
979 1080 1146 1144 Diotolfus
1169 1078 1335 1145 (lariensis
1357 1078 1573 1160 {aecclesiae
1596 1076 1727 1165 praesul
1750 1077 1794 1141 ad
1815 1087 1962 1141 nostram
1989 1075 2091 1139 cle-5

399 1187 553 1248 mentiam
575 1187 674 1264 veuit,
696 1184 880 1249 reclamans
904 1208 938 1249 se
962 1183 1050 1269 quod
1072 1184 1193 1248 multae
1216 1184 1441 1269 neglegentiae
1465 1206 1504 1248 ac
1521 1183 1696 1248 violentiae
1719 1183 1752 1245 in
1777 1204 1835 1245 suo
1859 1183 2055 1266 episcopatu

400 1287 514 1352 fierent
536 1310 619 1372 quae
644 1290 711 1352 sinc
734 1288 836 1372 regali
859 1288 1021 1352 adiutorio
1045 1289 1207 1373 corrigere
1229 1289 1440 1373 nequivisset.
1473 1288 1623 1372 Initoque
1647 1288 1745 1370 igitur
1767 1284 1902 1349 consilio
1925 1295 2055 1347 nostro-

399 1414 471 1454 rum
486 1390 640 1474 fidelium,
665 1391 850 1455 Salomonis
872 1391 995 1455 scilicet
1010 1391 1207 1456 venerabilis
1228 1394 1384 1477 episcopi,
1409 1390 1624 1476 Erobangarii
1641 1391 1769 1453 comitis
1785 1389 1909 1474 palatii,
1932 1386 2055 1451 Parab-

400 1494 490 1576 volui,
515 1493 712 1576 chuonradi,
737 1496 882 1559 Heinrici
906 1507 1151 1581 ceterorumque
1174 1494 1332 1559 nobilium
1348 1493 1517 1578 vilrlorum
1540 1493 1636 1558 nobis
1658 1495 1880 1557 assistentium
1902 1515 1963 1557 nec
1987 1515 2055 1556 non

400 1599 577 1681 primorum
594 1597 808 1680 Curiensium‚
833 1601 1018 1663 testimonio
1035 1610 1067 1663 et
1082 1601 1192 1662 veraci
1208 1599 1345 1663 consilio
1370 1608 1506 1663 eomun⁸
1529 1600 1711 1662 invenimus
1735 1595 1861 1660 dubiab
1880 1619 2029 1682 quaeque
2043 1606 2056 1633 ²
2078 1611 2113 1657 lo

400 1703 612 1765 sacramentis
636 1703 835 1786 investigare
860 1702 988 1766 debere.
1022 1703 1127 1788 Igitur
1150 1704 1176 1766 si
1200 1702 1330 1788 aliquae
1352 1701 1527 1766 violentiae
1550 1703 1583 1766 in
1606 1700 1727 1764 villulis
1752 1709 1886 1763 sanctae
1903 1699 2055 1764 Curiensi

399 1803 579 1867 aecclesiae
604 1803 758 1868 subiectis
782 1807 876 1870 terris
899 1807 1002 1890 pratis
1027 1805 1117 1869 silvis
1142 1808 1244 1870 servis
1267 1806 1395 1870 ancillis
1417 1805 1471 1869 vel
1494 1805 1752 1891 quibuscumque
1775 1807 1913 1889 negotiis
1930 1805 2055 1869 inlatae

399 1907 532 1988 fuerint,
567 1919 685 1993 rogatu
717 1909 978 1995 supradictorum
1007 1933 1179 1995 procerum
1210 1909 1315 1973 eidem
1342 1909 1522 1973 venerabili
1550 1909 1699 1973 Diotolfo
1731 1911 1886 1994 episcopo
1921 1911 2055 1994 suisque

398 2011 643 2074 successoribus
666 2022 862 2097 potestatem
883 2036 925 2077 ac
949 2013 1113 2078 licentiam
1140 2013 1317 2077 secundum
1341 2036 1463 2077 morem
1492 2023 1673 2094 ceterorum
1703 2012 1889 2098 praesulum
1917 2011 2055 2077 latentia

393 2137 546 2200 quaeque
577 2120 790 2181 sacramentis
818 2116 984 2202 popu[li]²³
1016 2119 1212 2202 investigare
1243 2117 1412 2182 donamus.
1451 2117 1611 2180 Volumus
1642 2139 1772 2202 quoque
1802 2127 1899 2201 atque
1929 2117 2113 2200 praeci-15

398 2219 522 2303 pimus,
552 2229 588 2283 ut
611 2220 719 2284 nullus
744 2244 911 2285 servorum
934 2220 987 2284 vel
1010 2220 1202 2285 ancillarum
1226 2221 1269 2285 ad
1296 2220 1432 2284 eandem
1457 2219 1645 2286 Curiensem
1674 2220 1867 2284 aecclesiam
1891 2221 2056 2304 pertinen·

394 2323 479 2412 ,tium
509 2346 542 2387 se
574 2347 633 2409 per
659 2327 842 2389 tricennia⁰
870 2336 1017 2410 tempora
1048 2323 1186 2389 liberare
1217 2325 1397 2409 deinceps²
1431 2325 1564 2406 audeat,
1601 2326 1695 2388 sicuti
1723 2324 1881 2388 hactenus
1903 2335 1939 2386 ut
1962 2322 2055 2386 audi-

397 2425 529 2511 vim[us]
554 2428 642 2492 mala
666 2430 900 2494 consuetudine
924 2441 955 2494 et
979 2429 1126 2494 dissimili
1143 2429 1282 2493 aliarum
1297 2428 1532 2493 aecclesiarum
1548 2429 1703 2508 fecerant,
1728 2430 1805 2514 quin
1821 2430 1930 2512 potius
1948 2427 2054 2491 sicubi

399 2528 483 2593 tales
506 2531 588 2595 forte
611 2535 847 2618 repperiuntur,
872 2531 997 2615 nostrla
1018 2533 1133 2617 re]gali
1157 2535 1352 2597 auctoritate
1376 2534 1497 2597 servire
1520 2532 1767 2617 compellantur.
1795 2533 1954 2596 Iussimus
1974 2553 2055 2616 quo-

400 2656 462 2719 que
485 2633 548 2698 hoc
571 2647 782 2721 praeceptum
805 2637 880 2703 inde
904 2634 1091 2722 consc[ribi]
1117 2659 1175 2721 per
1198 2637 1286 2721 quod
1308 2636 1459 2700 volumus
1482 2636 1680 2720 firmiterque
1704 2635 1861 2714 iubemus,
1885 2644 1921 2697 ut
1943 2635 2055 2698 cuncti
2076 2649 2112 2696 ao

398 2739 432 2801 in
455 2738 569 2802 eodem
593 2742 760 2826 episcopio
787 2742 1003 2806 consistentes
1026 2743 1174 2827 praefato
1198 2740 1346 2805 Diotolfo
1376 2743 1532 2825 episcopo
1563 2742 1694 2824 suisque
1725 2739 2056 2816 successoribusad-

398 2845 548 2907 iuvantes
578 2855 609 2908 et
638 2847 671 2908 in
700 2846 850 2910 omnibus
879 2848 972 2909 iustis
1002 2848 1142 2931 negotiis
1172 2845 1361 2910 obedientes
1396 2848 1540 2909 existant
1570 2855 1603 2908 et
1630 2844 1739 2908 nullus
1770 2847 1798 2906 ei
1829 2843 2056 2908 contradicere

398 2946 528 3011 audeat.
553 2949 596 3012 Et
614 2959 649 3012 ut
670 2949 732 3013 hoc
755 2961 967 3035 praeceptum
990 2950 1120 3014 firmum
1142 2949 1324 3034 stabileque
1342 2957 1554 3033 permaneat,
1578 2971 1677 3012 manu
1700 2957 1811 3012 nostra
1836 2947 1950 3010 subtus
1974 2947 2056 3010 illud

397 3051 598 3137 firmavimus
622 3053 775 3138 anulique
797 3057 901 3118 nostri
925 3055 1138 3139 impressione
1162 3055 1309 3136 insigniri
1333 3055 1570 3138 praecepimus

500 3217 514 3272 Ξ
537 3188 671 3273 Signum
696 3190 805 3254 domni
830 3189 1017 3255 Chuonradi
1044 3193 1132 3271 (MP.)
1159 3192 1355 3256 serenissimi
1381 3195 1477 3276 regis.
1500 3189 1515 3276 Ξ
2074 3219 2112 3267 aa

500 3295 514 3375 Ξ
537 3291 692 3357 Salomon
716 3295 930 3359 cancellarius
946 3295 1095 3359 advieem
1117 3289 1275 3380 Piligrimi
1296 3295 1573 3381 archicappellani
1595 3296 1771 3379 recognovi
1788 3305 1819 3358 et
1840 3293 1855 3374 Ξ
1878 3297 1948 3375 (SR.
1972 3298 2050 3376 ΚΝ.)

1925 3401 1984 3480 (s1.
2009 3403 2053 3480 a.)

502 3525 592 3589 Data
609 3545 668 3591 vu.
685 3527 751 3590 kal.
770 3538 831 3591 oct.
853 3551 939 3592 anno
962 3532 1196 3595 incarnationis
1220 3530 1342 3594 domiui
1364 3545 1538 3612 Dccccxss,
1562 3528 1801 3594 indictionum‘l
1818 3548 1840 3613 1,
1864 3553 1950 3596 anno
1974 3554 2055 3596 vero

397 3631 488 3714 regni
512 3630 739 3714 gloriosissimi
762 3633 848 3716 regis
872 3630 1059 3698 Chuon'radi
1083 3653 1111 3716 13
1141 3645 1251 3699 actum
1273 3635 1443 3699 Potamico
1467 3634 1607 3719 palati03
1630 3633 1739 3698 iudei
1762 3629 1891 3699 nomine
1915 3634 2056 3700 feliciter

399 3755 506 3799 amen.
2073 3752 2112 3801 ao

1195 3895 1254 3971 ta.

397 4036 558 4111 Koared
577 4039 718 4113 seuera-t
738 4039 817 4112 dero
841 4039 995 4138 Bisedqf
1010 4037 1183 4115 Solbanou
1205 4019 1326 4114 seiaea
1349 4039 1467 4113 Besitz
1488 4067 1533 4113 zu
1555 4041 1899 4140 Niederdelfenswil.

1264 4211 1267 4214 .
1644 4165 1715 4224 Uim
1738 4167 1802 4225 912
1826 4163 1956 4224 Oktober
1977 4168 2009 4226 3.

505 4313 765 4391 Orr'qinaldvplom
789 4321 830 4376 iae
854 4319 1049 4391 Stiftsorelriv
1071 4337 1113 4378 ru
1135 4320 1165 4380 S.
1193 4319 1305 4379 Gallea
1329 4317 1392 4396 (Α).

503 4453 575 4514 Corl.
600 4457 679 4514 trad.
706 4457 736 4517 S.
756 4457 842 4517 Gelli
864 4459 927 4517 432
951 4463 985 4514 n⁰
1007 4457 1071 4517 744
1096 4456 1107 4534 (
1128 4456 1150 4535 l.
1174 4492 1216 4501 -—
1239 4459 1387 4530 Herreott
1405 4457 1530 4518 Genesi.
1556 4460 1585 4530 2,
1610 4462 1652 4518 67
1674 4465 1710 4516 a⁰
1733 4462 1796 4519 115
1818 4476 1877 4518 aas
1898 4459 1925 4517 Α
1943 4459 1985 4538 (b)
2011 4466 2054 4516 :2
2075 4481 2112 4530 35

501 4558 632 4617 Bolnuer
653 4559 693 4619 A.
713 4561 802 4620 Coar.
824 4564 863 4620 16
888 4566 922 4618 a⁰
946 4564 997 4620 11.
1022 4595 1063 4603 -
1086 4562 1229 4635 Neuqart
1246 4561 1309 4622 01).
1325 4561 1423 4620 Aleae.
1449 4563 1477 4630 1,
1502 4562 1565 4622 562
1587 4567 1623 4620 a⁰
1645 4564 1719 4634 685,
1743 4564 1833 4622 Eetr.
1857 4582 1916 4622 aas
1937 4565 1986 4625 ab.
2011 4601 2056 4612 -

506 4664 690 4722 Wnrtnann
712 4666 742 4723 S.
763 4664 845 4724 Gall.
867 4665 928 4726 ΠΒ.
951 4667 983 4735 2,
1007 4666 1072 4725 370
1094 4672 1128 4723 πθ
1150 4667 1213 4725 769
1236 4683 1294 4725 aus
1318 4663 1359 4726 A.
1384 4699 1426 4708 -
1448 4665 1582 4724 Boanar
1603 4667 1679 4739 Ray.
1704 4667 1782 4739 Imp.
1806 4671 1856 4738 10,
1879 4669 1955 4742 Req.
1972 4671 2054 4732 Kar.

502 4769 595 4828 1242.
619 4800 661 4812 „.
684 4769 801 4827 urerer
824 4771 899 4844 aeq.
923 4773 996 4830 eea.
1793 4759 1796 4764 ’
1842 4799 1847 4808 ·

506 4906 570 4964 Von
592 4908 690 4964 eiaem
714 4906 744 4966 S.
765 4907 871 4966 Galler
892 4909 1003 4968 Moneta
1027 4909 1159 4980 cessasse
1181 4908 1247 4966 aad
1268 4907 1470 4982 pesetriebea.

503 5059 561 5138 (C.)
585 5055 600 5138 Ξ
620 5060 660 5124 In
682 5063 812 5124 nomine
837 5073 995 5126 sauctae²
1016 5071 1048 5124 et
1071 5061 1258 5126 individuae
1281 5063 1445 5126 trinitatis.
1469 5058 1686 5126 Chuonradus
1709 5062 1841 5126 caelesti
1860 5063 2053 5130 moderante
2072 5083 2110 5132 40

398 5161 603 5245 providentia
632 5187 701 5226 rex.
783 5164 919 5229 Noverit
947 5165 1091 5228 fidelium
1119 5175 1303 5230 nostrorum
1332 5181 1565 5251 usquequaque
1594 5165 1780 5251 degentium
1802 5167 2015 5248 universitas,
2039 5166 2055 5248 Ξ

398 5262 537 5346 qualiter
550 5287 611 5328 nos
628 5287 686 5350 per
709 5267 920 5332 multimodae
946 5272 1110 5333 servitutis
1134 5269 1340 5334 sedulitatem
1365 5271 1523 5355 simulque
1546 5293 1685 5355 magnae
1708 5272 1855 5335 caritatis
1879 5293 1957 5336 suae
1981 5295 2054 5338 cor-

398 5365 534 5431 detenus
557 5391 731 5433 accensum
756 5371 905 5436 ardorem
930 5372 1097 5436 Salomoni
1120 5375 1382 5439 reverentissimo
1405 5397 1465 5439 noc
1494 5396 1560 5438 non
1589 5373 1813 5458 religiositatis
1842 5376 1972 5440 nomine
1997 5376 2053 5441 de-

504 5519 542 5574 u.
570 5523 676 5590 [suun
764 5528 790 5586 a)
809 5543 857 5576 aa
876 5525 927 5578 sn.
947 5533 1029 5577 aaa
1046 5528 1221 5592 anquam,
1239 5509 1314 5578 arai
1328 5528 1391 5579 aaa
1407 5528 1459 5579 aa
1475 5527 1563 5578 aaa
1579 5527 1766 5607 astyagem
1845 5530 1874 5590 a)
1897 5528 1951 5592 aas
1962 5529 2055 5582 aaa

569 5613 594 5670 c)
613 5627 627 5659 e
645 5627 695 5662 voa
714 5610 765 5666 SA.
783 5613 971 5678 noctipetraqea
987 5613 1050 5664 eber
1066 5613 1125 5664 dem
1141 5613 1358 5680 orepri'inqlicdea
1374 5617 1488 5666 triennis
1575 5615 1603 5676 d)
1621 5615 1705 5665 indict
1721 5613 1753 5665 A.
2072 5637 2108 5685 45

501 5694 540 5750 12.
567 5696 675 5767 [sicta]
766 5698 793 5766 a)
812 5717 826 5750 c
844 5700 898 5763 aas
912 5700 1010 5755 aaa.
1081 5771 1083 5774 Ι

541 5929 557 5964 C
