4560 6420
820 417 946 476 ΟΤΤΟ
968 419 992 477 1.
1017 413 1207 476 ssa-953.
1774 407 1837 473 241

291 602 421 661 erhalten
443 601 524 661 labe.
570 602 641 663 Was
662 602 769 675 jodoci
789 603 898 662 Helas
918 603 1006 663 setbst
1028 603 1073 664 als
1094 602 1282 677 Mdplichlreit
1311 604 1359 662 ias
1381 601 1467 676 Anae
1488 602 1580 674 feast,
1612 603 1681 662 dass
1708 603 1838 662 nanduli

291 705 339 763 die
366 705 429 777 aas
453 710 513 766 941
544 706 739 764 linweisende
765 705 920 780 Datimmq
948 706 1010 778 aas
1033 709 1119 766 eiam
1140 707 1475 765 Emmdattonsversaclr
1497 707 1567 765 oder
1588 705 1651 777 aas
1668 707 1838 780 Falschmsp

292 809 385 868 durch
407 811 493 868 daca
510 809 665 868 celanen
686 809 892 881 tineaslaafe,
916 811 992 869 wird
1013 811 1147 870 dadarch
1168 809 1418 870 auraemalae
1440 809 1509 869 dass
1531 810 1585 869 das
1606 828 1663 869 voa
1684 811 1742 869 dea
1763 811 1839 870 Edi·

291 917 376 971 torcn
397 913 451 971 der
472 912 552 987 Oria.
573 912 674 984 Gsself.
698 913 833 972 omnam
856 912 1020 974 chartulas
1042 933 1099 974 asts
1121 915 1189 974 dem
1210 913 1427 988 Maadebaryer
1442 912 1622 988 Cepialbacb
1636 914 1668 973 D
1689 915 1840 989 abactam

291 1018 331 1075 as
352 1017 417 1076 aaa
439 1017 509 1076 aas
530 1017 662 1077 seems
684 999 807 1076 assare
827 1017 981 1092 naama
1003 1019 1089 1078 aaa
1111 1021 1166 1078 aa
1188 1019 1242 1078 aas
1262 1017 1406 1093 orum
1444 1019 1504 1078 aa
1521 1019 1726 1094 saurauer
1746 1021 1841 1080 uasa

292 1121 355 1180 also
377 1120 510 1192 offendar
531 1122 579 1180 die
603 1122 816 1196 bimatus,
844 1141 898 1181 am
919 1125 963 1182 sie
984 1125 1040 1182 mit
1062 1123 1114 1182 der
1135 1124 1328 1197 mesanam
1358 1123 1411 1181 dar
1441 1123 1542 1196 Edqid
1569 1126 1603 1182 in
1627 1123 1780 1198 Eiakkap
1800 1141 1841 1182 aa

293 1226 430 1298 baram,
464 1227 539 1284 nach
561 1226 665 1299 irqmd
687 1227 768 1286 arser
787 1225 928 1287 Urkande
950 1243 1007 1286 aas
1029 1226 1095 1285 dem
1117 1227 1205 1286 Eride
1227 1225 1277 1286 des
1300 1227 1333 1287 J.
1358 1231 1418 1290 941
1444 1227 1513 1286 oder
1534 1245 1591 1286 aas
1613 1227 1679 1287 dem
1701 1226 1842 1302 Ansasspe

292 1329 342 1386 des
364 1328 397 1386 J.
421 1333 500 1400 942,
531 1348 581 1388 am
603 1329 907 1389 wabrsoheialielutea
928 1331 1005 1388 auct
1025 1330 1093 1391 DO.
1119 1333 1175 1402 45,
1206 1330 1397 1404 abaedrsdat,
1428 1347 1461 1390 so
1483 1330 1553 1391 dass
1580 1333 1613 1389 ia
1640 1331 1842 1392 Wrataakat

293 1433 358 1489 aiae
379 1432 470 1491 altere
491 1431 712 1507 Arusertipaap
734 1433 830 1492 dieser
852 1433 1025 1506 deabanq
1047 1433 1128 1492 nicht
1150 1434 1277 1494 semna
1299 1437 1348 1494 ist.

141 1636 174 1684 ιο
296 1620 355 1699 (G.)
378 1619 393 1699 l
414 1618 453 1682 ln
475 1620 606 1683 nomine
630 1629 763 1684 sanctae
786 1627 819 1682 et
839 1618 1028 1684 individuae
1050 1621 1216 1685 trinitatis.
1262 1619 1340 1686 Otto
1364 1621 1416 1686 dei
1438 1624 1544 1708 gratia
1566 1645 1635 1688 rex.
1731 1622 1843 1688 Omni-

191 1719 253 1786 bus
275 1721 426 1786 fidelibus
450 1721 501 1787 dei
523 1725 690 1810 nostrique
713 1725 863 1809 cupimus
884 1726 1089 1791 innotescere
1112 1725 1338 1812 praesentibus
1362 1725 1488 1791 scilicet
1509 1736 1542 1792 et
1562 1728 1696 1810 futuris,
1725 1736 1761 1790 ut
1781 1749 1844 1791 nos

192 1847 251 1910 pro
267 1825 411 1891 remedio
427 1829 557 1892 animae
572 1829 931 1915 nostraegconiugisque
949 1838 1081 1894 nostrae
1103 1829 1255 1924 Erdgidae
1265 1839 1279 1867 ⁸
1302 1831 1511 1918 omniumque
1529 1839 1702 1916 parentum
1716 1839 1844 1895 nostro·

191 1952 264 1994 rum
285 1952 347 1994 nec
368 1952 435 1994 non
457 1953 516 2016 pro
541 1929 719 1996 stabilitate
742 1940 775 1995 et
803 1929 1026 1996 incolomitate
1054 1934 1147 2018 regni
1169 1934 1273 1999 nostri
1301 1958 1396 2000 omne
1426 1935 1597 2021 praedium
1619 1957 1695 2000 cum
1717 1935 1844 2000 cunctis

191 2032 319 2100 adhoc
341 2036 411 2099 iure
432 2033 669 2121 pertinentibus
692 2038 790 2101 situm
811 2036 845 2099 in
867 2034 942 2101 loeo
961 2035 1131 2101 Dauindre
1154 2047 1186 2101 et
1207 2038 1294 2102 infra
1315 2037 1430 2104 urbem
1451 2050 1484 2104 et
1506 2049 1600 2104 extra
1621 2040 1656 2103 in
1679 2060 1764 2124 pago
1789 2037 1844 2124 qui

142 2153 174 2201 15
193 2136 312 2202 dicitur
325 2137 531 2203 Hamalantb
551 2141 587 2203 in
601 2142 759 2205 comitatu
773 2137 1009 2224 Vuigmannil,
1034 2139 1124 2226 quod
1144 2138 1242 2206 nobis
1264 2153 1377 2207 nostra
1400 2145 1501 2207 amita
1523 2142 1638 2207 mulier
1656 2141 1717 2207 deo
1736 2139 1845 2206 nobis·

193 2262 255 2327 que
270 2240 391 2306 devota
405 2244 536 2307 nomine
553 2223 642 2308 [lota
662 2242 797 2307 tradidit
808 2252 829 2326 ⁶,
852 2241 896 2306 ad
912 2245 1147 2308 monasterium
1161 2243 1414 2330 Magadaburg‘¹
1436 2255 1658 2312 constructum
1672 2247 1707 2310 in
1722 2244 1846 2310 honore

192 2348 296 2411 sancti
319 2347 407 2412 Petn'
430 2349 588 2433 principis
610 2348 835 2434 apostolorum
859 2357 1110 2434 sanctorumque
1132 2349 1284 2414 Mauricii
1307 2359 1340 2414 ct
1360 2349 1543 2415 Innocentii
1566 2351 1735 2414 martirum
1758 2347 1845 2413 dedi-

192 2460 303 2516 catum
325 2451 519 2517 donavimus
532 2461 553 2534 ⁰,
578 2454 731 2539 quatinus
753 2449 925 2536 coenobita
947 2453 981 2516 in
1000 2453 1148 2538 praefato
1166 2452 1241 2517 loco
1257 2452 1485 2538 Magadaburg
1500 2462 1739 2518 commorantes
1756 2454 1843 2516 omni

194 2577 345 2620 curarum
366 2555 517 2622 molestia
540 2554 685 2621 destituti
709 2555 770 2620 deo
793 2557 906 2642 placiti
929 2558 1074 2621 existant
1094 2555 1322 2638 famulatores,
1349 2558 1452 2621 nostn'
1476 2557 1646 2643 omnisque
1668 2553 1845 2620 Christiani

142 2671 176 2717 20
193 2660 352 2723 instantes
374 2658 418 2723 ad
437 2682 549 2744 regem
571 2681 685 2744 regum
708 2661 773 2723 sint
795 2658 1055 2746 depraecatores.
1092 2660 1137 2724 Et
1156 2669 1192 2723 ut
1210 2659 1271 2743 hec
1289 2668 1421 2724 nostrae
1440 2657 1669 2744 [au]ctoritatis
1692 2656 1850 2722 traditio‘

195 2762 322 2828 stabilis
345 2773 377 2827 et
399 2763 636 2829 indissolubilis
659 2786 718 2850 per
740 2763 1003 2849 praecedentium
1025 2764 1187 2829 cunicula
1216 2760 1425 2848 temporum]
1456 2771 1663 2848 permaneat,
1693 2763 1846 2827 iussimus

195 2877 378 2950 presentem
399 2867 485 2931 hanc
508 2869 784 2953 cpnscriptionem
806 2867 969 2932 conscribi
993 2867 1147 2955 anulique
1161 2867 1264 2932 nostn'
1282 2867 1496 2951 impressione
1511 2865 1718 2931 corroborari
1734 2887 1846 2930 manu·

196 2990 258 3055 que
280 2973 414 3056 propria
436 2969 550 3036 subtus
572 2970 637 3036 boc
658 2971 870 3036 firmavimus.

297 3103 312 3186 l
334 3107 472 3194 Signum
495 3108 606 3175 domni
629 3109 761 3176 Ottonis
783 3110 872 3192 (MP.)
893 3111 1100 3176 invictissimi
1122 3111 1220 3196 regis.
1242 3108 1256 3192 l

144 3221 178 3269 25
297 3209 312 3292 Ε
331 3211 424 3278 Brun
446 3213 661 3280 cancellarius
684 3214 841 3280 adviem⁸
861 3214 1020 3279 Fridcrici
1043 3211 1296 3300 archicapellani
1312 3215 1488 3298 recognovi
1509 3223 1541 3278 et
1562 3215 1577 3298 ξ
1600 3214 1682 3295 (SR.)
1731 3212 1789 3294 (SI.
1807 3215 1849 3296 1.)

297 3375 388 3441 Data
420 3362 471 3444 ni.
500 3377 567 3442 kal.
600 3380 666 3442 ian.
700 3378 782 3442 feria
811 3396 843 3461 V,
877 3401 965 3444 anno
999 3377 1183 3443 dominicae
1216 3378 1451 3443 incarnationis
1483 3393 1673 3442 Decccnml
1684 3373 1709 3461 ¹¹,
1745 3375 1849 3441 indic·

195 3482 284 3546 tione
307 3479 373 3564 v¹¹3
396 3489 507 3546 actum
528 3482 771 3547 Franconofurt
792 3481 934 3568 palati03
956 3493 1113 3569 regnante
1133 3485 1188 3568 pio
1211 3504 1287 3568 rege
1311 3481 1433 3548 Ottone
1455 3503 1542 3547 anno
1565 3477 1679 3546 xvn.¹¹

984 3739 1069 3816 16⁰.

207 3897 287 3973 Ouo
318 3897 395 3996 piot
425 3894 557 3970 scissem
587 3895 765 3972 Getrauea
799 3895 945 3996 liudolf
972 3895 1212 3996 Besitzaapea
1242 3895 1302 3970 das
1332 3881 1494 3970 Klosters
1523 3893 1647 3968 Fldda
1674 3895 1741 3967 mit
1770 3893 1845 3966 Za-
1874 3915 1877 3920 ·

147 4040 181 4088 so
198 4019 390 4116 stimmaap
411 4017 472 4091 da
493 4019 600 4092 Abtes
621 4017 703 4091 aad
722 4018 783 4092 da
808 4017 1003 4094 Conventa
1024 4044 1070 4091 aa
1096 4017 1244 4092 Tausdt.
1343 4052 1517 4125 simma
1540 4054 1604 4113 953
1626 4051 1753 4111 pam
1773 4055 1803 4110 1⁸

303 4244 550 4320 Oriaiacldeplom
572 4248 615 4304 im
636 4247 664 4306 lc.
689 4245 892 4307 Staatsarcte'r
912 4264 953 4305 aa
973 4245 1122 4320 Marbary
1143 4241 1204 4324 (A).

301 4384 431 4458 auras
448 4384 526 4444 Aeta
547 4385 624 4444 iaed.
646 4388 712 4446 998
733 4391 768 4443 a⁰
788 4389 853 4446 209
875 4402 933 4445 aas
955 4383 986 4443 A
1006 4403 1047 4444 aa
1069 4386 1141 4446 948.
1165 4416 1208 4426 -
1231 4379 1360 4454 Stsaaps
1377 4381 1448 4455 Ray.
1472 4381 1536 4440 153
1558 4395 1615 4438 aas
1638 4377 1668 4436 B
1689 4396 1730 4437 aa
1753 4379 1826 4438 948.

304 4523 438 4595 Verfasst
467 4523 531 4584 aad
556 4525 741 4597 rausum
769 4541 826 4581 voa
851 4519 920 4581 BA.
964 4523 1016 4580 Iet
1036 4523 1139 4580 mima
1160 4540 1202 4580 aa
1223 4521 1294 4580 dass
1316 4517 1383 4579 BA.
1407 4521 1442 4578 in
1464 4519 1512 4578 die
1536 4517 1612 4576 aasz
1633 4516 1684 4576 des
1706 4515 1850 4574 mama

300 4630 477 4703 tiorujatres
499 4627 653 4700 saresta
674 4629 722 4686 eia
744 4643 767 4688 v
790 4626 1008 4700 eiwesctobca,
1036 4625 1091 4685 doe
1112 4625 1367 4701 Rapiersmpsjatr
1388 4624 1459 4682 aber
1479 4623 1544 4682 tier
1565 4623 1619 4681 wie
1640 4621 1675 4678 ia
1695 4617 1763 4679 Do,
1787 4621 1851 4679 116

148 4745 181 4792 ss
301 4733 407 4806 rantra
428 4733 577 4792 bawaros
599 4733 659 4792 aas.

305 4919 364 4998 (c.)
387 4914 401 4996 l
422 4918 461 4982 In
483 4919 614 4984 nomine
637 4926 771 4981 sanctae
794 4924 827 4980 et
847 4914 1035 4980 individuae
1056 4914 1221 4979 trinitatis.
1260 4912 1340 4980 Otto
1355 4911 1466 4978 divina
1481 4910 1661 4978 auxiliante
1679 4909 1851 4976 clementia

201 5043 271 5085 rex.
358 5021 495 5086 Noverit
517 5022 662 5088 omnium
682 5019 827 5085 fidelium
850 5029 1036 5084 nostrorum
1058 5019 1257 5104 presentium
1278 5039 1339 5082 nec
1361 5039 1429 5082 non
1446 5026 1479 5081 et
1497 5015 1678 5082 firuuorum
1697 5013 1851 5099 sollertia,

203 5122 292 5208 quod
324 5146 384 5188 nos
418 5122 708 5191 interventionibus
738 5121 920 5187 Hadamari
949 5118 964 5200 ξ
992 5132 1103 5206 sancte
1131 5121 1297 5187 Fultensis
1327 5118 1464 5206 ecclesie
1495 5117 1691 5185 venerabilis
1721 5117 1852 5184 abbatis

204 5225 466 5312 obtemperantes
489 5229 648 5315 quasdam
670 5250 723 5292 res
746 5228 851 5292 sancti
873 5225 1037 5290 Bonifacii
1060 5247 1135 5290 cum
1157 5247 1320 5291 consensu
1342 5224 1487 5291 eiusdem
1509 5221 1640 5288 abbatis
1659 5233 1853 5289 ceterorum·

151 5351 185 5398 4ο
203 5353 266 5416 que
288 5332 424 5397 fratrum
446 5330 527 5396 inibi
550 5332 611 5397 deo
634 5330 843 5396 militantium
865 5329 997 5394 cuidam
1018 5328 1106 5394 fideli
1129 5339 1241 5394 nostro
1259 5329 1407 5395 Ruodolf
1423 5329 1593 5394 nominato
1617 5329 1651 5392 iu
1673 5325 1853 5411 legitimum

292 5502 349 5559 li..
376 5500 485 5572 [Sickel]
589 5503 616 5570 a)
634 5503 793 5570 aasBw,
813 5500 1053 5571 jedxbeoaBO.
1070 5501 1325 5568 adsequamur·
1429 5499 1598 5568 unvano.
1621 5502 1650 5550 ta
1672 5499 1724 5551 tar
1743 5497 1854 5565 gehre-

373 5571 731 5640 manumissuris
832 5569 1492 5639 c)mebdennoeiteatsolqtleleiaadm
1593 5570 1853 5635 ἄμπυκι)

376 5641 723 5706 e)drafarteon·.aart
824 5640 1242 5706 cmmemores
1345 5640 1415 5708 g)A
1517 5635 1854 5702 manummeria-

375 5709 1140 5778 Mkboeebxvnmflctnpfltemebpwm.

257 5821 445 5866 nsummru
458 5824 478 5867 1.
1613 5799 1653 5858 31
