4576 6428
436 411 499 478 4¹48
1027 419 1482 480 KAISERURKUNDEN.

1213 601 1302 680 334.

444 717 524 833 duo
552 757 713 855 bostdtipt
738 755 819 829 dem
840 737 1005 830 Biedrnm
1032 755 1195 831 Volterra
1221 757 1288 832 otte
1307 756 1547 857 Besitzanpea
1573 757 1653 832 aad
1678 758 1737 832 die
1763 760 1980 834 Immunitdt
2005 758 2097 832 aad

434 878 525 976 trifft
550 903 595 949 zo
621 874 782 952 (densim
809 875 985 950 easdem
1005 878 1143 950 weitere
1160 877 1453 976 Bestimmanpea
1469 879 1558 952 tiber
1575 877 1634 952 dic
1660 879 1790 978 Voptci,
1819 879 1877 952 die
1902 877 2092 955 Geriolrts-

434 996 572 1070 burlceit
596 995 676 1072 aad
701 995 836 1070 audere
863 996 1109 1070 Verbltttnisec.
1634 1018 1718 1077 Vada
1740 1021 1803 1079 966
1824 1018 1986 1078 December
2006 1021 2042 1079 2.

539 1203 788 1278 Oripinatdiptom
810 1206 843 1262 ia
865 1205 918 1264 der
940 1203 1114 1278 &mortuae
1136 1205 1303 1265 Foataaini
1326 1203 1382 1284 (ct.
1407 1212 1478 1266 XIV
1497 1203 1565 1266 (lod.
1593 1204 1650 1285 01.)
1677 1208 1711 1264 in
1733 1207 1785 1266 der
1807 1207 1971 1268 Biblioteca
1994 1208 2128 1272 Mar-5

535 1308 624 1368 dono
644 1326 685 1367 aa
708 1307 834 1382 Veacdr'p
858 1305 921 1386 (A).

534 1462 701 1521 Foataaini
721 1461 875 1521 Wndtoe'ue
895 1463 1088 1536 marorum
1110 1461 1308 1535 diplomatum
1329 1461 1418 1542 (Rom
1440 1463 1537 1543 1705)
1558 1468 1621 1527 259
1644 1473 1679 1526 a⁰
1701 1471 1721 1528 3
1744 1485 1801 1526 aas
1824 1466 1853 1526 A
1877 1491 1916 1520 =
1940 1467 2091 1527 musar

534 1563 614 1624 Amr.
639 1570 669 1638 3,
693 1569 766 1626 179.
790 1600 831 1612 -
853 1566 983 1625 Btbmer
1004 1566 1076 1638 Rep.
1101 1569 1174 1626 339.
1198 1599 1240 1608 -
1264 1565 1393 1640 &temps
1410 1569 1482 1642 Rep.
1507 1572 1579 1628 414.

536 1721 613 1780 Zam
632 1738 755 1795 pressea
775 1721 875 1780 Tbcilo
896 1721 961 1780 rard
983 1721 1208 1782 einscbliceeliclr
1229 1722 1282 1781 der
1303 1723 1475 1782 Inoocetion
1496 1724 1572 1782 eecli
1594 1723 1659 1782 dem
1681 1723 1866 1798 1).wa
1884 1731 1925 1784 ll.
1950 1725 2088 1784 Btbmcr

533 1825 606 1898 nep.
629 1825 704 1884 Kar.
730 1828 791 1885 684
814 1842 870 1884 voa
891 1825 929 1885 It.
953 1825 991 1884 B.
1015 1823 1142 1896 emfoest
1165 1827 1229 1885 aad
1247 1827 1440 1901 pesctriebea,
1465 1826 1587 1900 amous
1604 1828 1643 1888 It.
1667 1829 1707 1889 D.
1731 1829 1779 1888 die
1801 1830 1995 1902 Becopniticn
2017 1829 2087 1888 aad
2108 1845 2144 1890 ιο

534 1929 582 1987 die
603 1928 758 2002 Dotiranp
780 1927 966 2002 timaftpte.
1004 1928 1056 1988 Do
1078 1929 1126 1988 die
1146 1929 1209 1990 VU.
1232 1948 1293 1990 our
1314 1931 1349 1989 ia
1370 1930 1437 1990 soler
1457 1931 1626 1989 sotlecbtem
1641 1931 1781 1991 Abdruolr
1801 1933 1920 2005 cordiam
1943 1933 2010 1991 amd
2033 1951 2085 1991 ane

534 2031 713 2106 [apticluteo
727 2034 782 2091 mit
797 2031 893 2104 Hatita
907 2050 964 2092 eoa
976 2032 1045 2093 DO.
1062 2036 1126 2094 334
1149 2034 1293 2094 ematdirt
1315 2034 1429 2093 werden
1451 2035 1536 2106 eoiret,
1559 2035 1653 2094 boten
1675 2037 1731 2094 wir
1751 2053 1807 2095 coa
1826 2037 1969 2094 moechm
1982 2035 2084 2108 Diffe-

533 2152 642 2195 rearen
662 2137 806 2196 saecun
827 2137 893 2196 dem
916 2139 1002 2197 anea
1023 2137 1087 2198 aad
1109 2137 1175 2197 dem
1197 2137 1327 2197 cadmea
1351 2138 1439 2197 Teate
1459 2139 1540 2198 aicit
1561 2139 1653 2198 Notis
1671 2155 1852 2212 promeruere.

533 2339 607 2424 {In
634 2341 766 2405 nomine
795 2337 917 2404 domini
948 2337 1000 2404 dei
1028 2340 1162 2404 aeterni.
1208 2337 1286 2404 Otto
1315 2338 1425 2406 divina
1455 2339 1587 2405 favente
1614 2339 1787 2406 clementia
1816 2342 1994 2427 imperator
2024 2364 2082 2409 au·

430 2453 555 2530 gustus·
656 2459 773 2526 Dignum
796 2464 837 2510 est
858 2465 889 2509 ut
911 2458 1009 2510 Christi
1031 2458 1173 2509 aecclesias
1196 2459 1245 2509 sub
1269 2463 1359 2508 nostro
1381 2459 1492 2523 imperio
1515 2461 1673 2510 constitutas
1695 2461 1839 2526 imperialis
1861 2461 2032 2526 previdentia
2054 2464 2084 2511 in
2106 2468 2137 2516 15

430 2566 570 2636 pristinum
594 2568 691 2613 statum
714 2563 862 2614 revocando
886 2568 1020 2614 auctorem
1043 2577 1121 2612 suum
1144 2561 1195 2611 eibi
1217 2561 1348 2626 conciliet,
1374 2577 1407 2612 ne
1430 2562 1497 2613 sorte
1520 2564 1548 2612 in
1570 2569 1705 2628 posterum
1727 2563 1759 2614 de
1782 2564 1944 2630 negligentia
1965 2581 2015 2630 pre
2039 2567 2083 2615 sui

430 2671 523 2720 merito
551 2667 766 2734 condempnetur.
810 2667 927 2734 Ideoque
956 2669 1139 2718 universorum
1169 2671 1276 2716 sanctae
1298 2647 1312 2733 i}
1334 2663 1377 2716 dei
1399 2666 1527 2716 ecclesiae
1549 2671 1752 2732 uerborumque
1775 2665 1893 2718 fidelium
1915 2670 2082 2732 presentium

430 2771 555 2824 videlicet
576 2786 608 2822 ac
630 2771 780 2822 futurorum
802 2769 933 2821 industria
954 2771 1065 2834 noverit,
1087 2755 1220 2821 Petrum
1242 2769 1414 2821 reverendum
1437 2774 1544 2820 sanctae
1564 2769 1760 2821 Uolaterreusis
1783 2770 1910 2821 ecelesiae
1932 2773 2081 2822 antistitem

430 2881 548 2928 noemam
577 2875 731 2940 suppliciter
758 2873 855 2925 adiisse
882 2875 1042 2940 presentiam
1070 2888 1187 2940 suaeque
1215 2872 1359 2924 aecclesiae
1387 2874 1475 2924 varias
1504 2889 1520 2923 a
1547 2873 1682 2925 nonnullis
1711 2876 1898 2940 occupationes
1925 2877 2081 2927 invasiones

431 2985 511 3045 atque
533 2977 750 3029 diminoratioues
771 2983 826 3028 tam
849 2977 898 3028 sub
923 2978 1062 3028 occasione
1083 2977 1234 3029 libellorum
1256 2993 1389 3043 quamque
1418 2978 1497 3028 etiam
1526 2977 1637 3028 diversis
1666 2979 1858 3046 superfluisque
1885 2978 2022 3031 violentiis
2051 2982 2081 3030 in
2099 2985 2134 3034 20

430 3083 510 3135 rebus
533 3098 580 3133 seu
602 3081 711 3132 familiis
732 3087 826 3133 contra
848 3081 890 3132 dei
912 3096 944 3131 ac
965 3086 1083 3131 uestram
1104 3081 1270 3132 voluntatem
1292 3081 1380 3132 illatas
1403 3081 1550 3132 lacrimosis
1572 3084 1744 3148 querimoniis
1766 3085 1915 3148 intimasse,
1949 3086 2080 3136 ferentem

430 3202 493 3253 prae
515 3185 812 3253 manibusaugurnlia
834 3185 911 3238 divae
933 3186 1074 3236 memoriae
1102 3169 1323 3255 piissimorum
1349 3170 1580 3255 imperatorum
1603 3170 1743 3236 Lodoici
1766 3181 1798 3237 et
1818 3169 1935 3237 Kareli
1956 3172 2079 3240 Beren-

430 3275 577 3362 gariique
605 3297 662 3348 seu
684 3275 835 3360 Hugonis
864 3283 897 3340 et
924 3273 1072 3340 Loiharii
1100 3293 1243 3353 praecepta
1269 3287 1302 3338 de
1330 3285 1481 3355 integritate
1510 3294 1589 3356 atque
1618 3291 1774 3341 inmonitate
1802 3296 1828 3340 et
1854 3291 1984 3355 perhenni
2013 3306 2080 3343 suae

431 3395 577 3446 aecclesiae
600 3394 713 3445 tuitione
735 3395 829 3460 priscis
852 3395 908 3444 suis
936 3391 1185 3458 praedecessoribus
1213 3393 1320 3456 emissa,
1354 3407 1423 3458 quae
1451 3393 1601 3458 inrumpere
1623 3411 1640 3442 v
1661 3409 1815 3460 pervasores
1836 3396 1966 3459 pertinaci
1987 3397 2079 3446 animo

430 3518 483 3552 non
511 3502 670 3563 timuerunt,
704 3504 865 3565 quapropter
891 3492 1033 3549 nonnum*
1054 3498 1106 3549 sibi
1128 3513 1208 3563 super
1229 3498 1280 3548 hac
1302 3512 1384 3549 causa
1405 3499 1596 3548 munimentum
1618 3515 1635 3546 ιι
1658 3498 1770 3563 supplex
1792 3515 1808 3546 a
1829 3499 1989 3564 postulavit,
2024 3516 2079 3566 que
2098 3509 2132 3558 25

429 3603 593 3655 istiusmodi
615 3607 810 3668 contemptores
832 3607 879 3652 aut
901 3602 1067 3668 corrigantur
1089 3608 1137 3653 aut
1157 3585 1306 3672 legaliter
1327 3584 1544 3670 iu[di06n]iur.
1568 3603 1624 3652 Nos
1642 3603 1724 3668 igitur
1741 3601 1831 3654 divino
1849 3604 1963 3668 primum
1985 3605 2078 3654 inflexi

430 3724 532 3772 amore,
562 3705 657 3758 deinde
685 3707 895 3771 supranominati
923 3707 1041 3772 episcopi
1071 3707 1198 3758 continua
1219 3707 1247 3756 in
1268 3711 1387 3757 uestrum
1409 3706 1566 3772 obsequium
1590 3704 1731 3757 devotione
1753 3707 1891 3757 universas
1912 3709 1966 3757 iam
1990 3707 2080 3758 dictae

430 3812 574 3863 aecclesiae
600 3811 782 3876 possessiones
810 3825 827 3860 a
855 3811 1067 3877 quibuscumque
1094 3811 1223 3862 hactenus
1252 3814 1409 3875 occupatas,
1442 3810 1628 3875 undecumque
1657 3815 1684 3861 et
1712 3810 1958 3876 quomodocumque
1982 3826 1999 3861 a
2021 3813 2079 3862 suis

429 3916 576 3966 rectoribus
599 3915 669 3965 iuste
691 3919 718 3965 et
739 3914 862 3980 legaliter
884 3914 1030 3980 adquisitas
1052 3919 1099 3965 aut
1119 3917 1227 3965 inantea
1249 3914 1298 3965 deo
1321 3896 1459 3979 auxpiceb
1483 3913 1668 3979 adquirendae,
1691 3929 1751 3964 cum
1771 3914 1893 3964 omnibus
1913 3915 2079 3965 intrinsecus

430 4025 457 4070 et
479 4019 642 4069 exminsecus
665 4019 733 4068 casis
756 4023 783 4068 et
804 4017 912 4067 familiis
936 4017 1033 4069 diversi
1056 4033 1134 4068 sexus
1158 4023 1184 4069 et
1205 4018 1299 4068 aetatis
1322 4021 1402 4082 atque
1424 4016 1597 4080 conditionis,
1621 4016 1770 4067 cartulariis
1794 4016 1931 4067 libellariis
1955 4016 2077 4068 aldiona—
2096 4027 2130 4074 30

430 4123 502 4174 riciis
525 4127 552 4172 et
573 4122 675 4171 cunctis
698 4121 777 4172 rebus
800 4125 854 4170 tam
876 4121 1021 4172 mobilibus
1043 4135 1175 4186 quamque
1198 4125 1224 4170 et
1245 4118 1433 4182 immobilibus,
1456 4135 1516 4170 cum
1538 4121 1705 4185 pertinentiis
1729 4125 1755 4170 et
1773 4119 1928 4171 adiacentiis
1951 4123 2078 4187 omnique

429 4227 582 4294 integritate
605 4240 654 4276 sua
675 4227 704 4275 in
725 4230 844 4276 nostrum
866 4219 1113 4276 mundburdum'et
1134 4228 1288 4288 perpetuam
1310 4223 1454 4288 imperialis
1475 4223 1659 4288 providentiae
1678 4205 1800 4274 tutelam
1823 4225 1984 4289 recepimus,
2013 4241 2077 4275 con-

429 4333 564 4384 firmantes
587 4345 631 4382 eas
654 4334 681 4380 et
702 4345 749 4395 per
770 4330 822 4380 hoc
843 4334 950 4380 nostrae
972 4327 1168 4378 munificentiae
1190 4326 1326 4392 imperiale
1355 4331 1526 4392 praeceptum
1554 4326 1689 4392 praedicto
1718 4311 1814 4376 Petro
1845 4327 1990 4378 venerabili
2020 4330 2076 4393 epi-

430 4451 510 4501 scopo
533 4436 643 4500 eiusque
656 4435 684 4483 in
699 4439 856 4500 perpetuum
879 4432 1078 4483 suecessoribus
1101 4433 1229 4482 canonico
1252 4429 1344 4482 ordine
1366 4430 1502 4482 habendas
1525 4431 1653 4497 regendas
1676 4446 1708 4481 ac
1729 4425 1933 4496 perfruendas⁰,
1956 4433 2076 4483 omnium

428 4540 475 4604 qui
497 4543 587 4588 nostre
612 4536 711 4604 degunt
733 4536 782 4586 sub
805 4537 916 4599 imperio
939 4539 986 4585 aut
1008 4535 1090 4584 futuri
1114 4539 1177 4585 sunt
1197 4535 1336 4584 invasione
1358 4533 1567 4586 deminoratione
1585 4541 1664 4601 atque
1680 4535 1808 4586 violentia
1823 4536 1857 4586 ab
1873 4535 1965 4586 eodem
1980 4540 2075 4586 sancto
2095 4544 2128 4594 35

429 4643 563 4707 episcopio
585 4641 629 4691 vel
650 4642 735 4706 ipsius
758 4639 1016 4690 administratoribus
1038 4639 1144 4704 penitus
1167 4638 1298 4689 abdicata
1342 4637 1426 4702 Super
1452 4639 1518 4688 haec
1539 4639 1663 4689 volumus
1686 4643 1713 4689 et
1734 4654 1857 4703 expresse
1880 4640 2021 4688 statuimus
2043 4645 2077 4690 ut

427 4746 568 4795 universae
590 4761 606 4792 a
628 4742 860 4808 praedecessorum
884 4757 992 4794 suorum
1014 4741 1179 4805 donationes,
1202 4742 1377 4806 prestationes
1399 4743 1577 4806 precariarum
1606 4758 1653 4793 seu
1681 4741 1831 4792 libellorum
1854 4747 1934 4806 atque
1956 4742 2075 4792 vicanio-

428 4831 511 4898 rumb
534 4847 741 4912 conscriptiones
763 4855 846 4918 quae
869 4833 957 4916 irrite
980 4839 1012 4896 et
1035 4852 1236 4916 supervacue
1259 4839 1357 4916 atque
1379 4831 1517 4894 iniustae
1540 4829 1705 4912 videntur,
1728 4851 1862 4910 nmquam
1884 4844 1993 4895 inutiles
2014 4851 2076 4915 per

429 4937 538 5002 omnia
561 4944 593 5000 et
615 4934 783 5000 instabiles
811 4951 974 5016 habeantur;
1003 4965 1169 5018 quecumque
1197 4953 1286 5000 autem
1313 4953 1431 5000 veterum
1458 4949 1618 5000 liberalitate
1640 4949 1827 5013 imperatorum
1850 4951 1930 5012 atque
1952 4947 2075 4997 decesso-

428 5071 486 5106 rum
508 5060 658 5105 nostrorum
680 5054 849 5104 munimentis
870 5055 898 5104 in
920 5069 983 5118 sepe
1005 5053 1077 5104 dicta
1099 5053 1228 5104 aecclesia
1250 5052 1381 5103 collocata
1403 5053 1446 5103 vel
1469 5052 1587 5103 stabilita
1609 5057 1679 5114 suut,
1705 5057 1763 5101 rata
1786 5049 1943 5101 omnimodis
1964 5057 1992 5100 et
2013 5066 2074 5115 per·
2093 5063 2128 5110 so

428 5157 548 5208 tannim
570 5171 702 5207 mansura
735 5140 820 5206 Nam
844 5141 920 5226 quia
943 5139 1089 5226 plurimis
1109 5141 1358 5226 oppressionum
1376 5140 1529 5225 nequitiis
1545 5138 1658 5205 eadem
1675 5139 1835 5205 aecclesia
1850 5141 1919 5225 pati
1935 5137 2075 5224 videtur,

427 5245 636 5312 concedimus
659 5243 781 5311 ibidem
804 5254 959 5331 quattuor
980 5267 1052 5310 esse
1075 5243 1302 5328 advocatores,
1326 5243 1412 5309 unde
1435 5244 1487 5308 vel
1511 5244 1623 5330 quales
1647 5243 1873 5330 prudentiores
1896 5245 2075 5329 episcopus

427 5350 489 5416 sibi
512 5351 653 5436 elegerit,
675 5350 797 5416 utiliter
818 5351 987 5434 exigentes
1009 5372 1145 5416 caueam
1168 5349 1358 5433 aecclesiae,
1382 5350 1429 5414 ita
1450 5347 1603 5413 videlicet
1623 5357 1660 5413 ut
1681 5347 1789 5412 nullus
1812 5369 1854 5412 ex
1870 5347 1921 5411 hie
1936 5367 2076 5413 oausam

426 5455 529 5541 ipsius
552 5453 729 5519 aecclesiae
752 5451 888 5520 absente
911 5454 1065 5539 episeopo
1088 5475 1185 5539 agere
1207 5460 1403 5540 pertemptet
1424 5462 1457 5518 et
1479 5451 1560 5517 nihil
1582 5449 1722 5538 amplius
1746 5452 1876 5536 exigere
1891 5451 1954 5515 nisi
1970 5472 2075 5537 quan·

512 5639 572 5696 idi.
600 5641 708 5711 [Sickel]
813 5647 838 5706 a)
857 5643 938 5707 refert
956 5659 1021 5694 corr.
1039 5660 1088 5694 oue
1104 5649 1179 5696 nram
1282 5641 1349 5708 b)A
1453 5643 1479 5710 c)
1496 5641 1627 5711 regendas
1646 5657 1678 5692 ac
1694 5639 1867 5707 perfruendas
1885 5637 1989 5690 werden
2003 5639 2077 5692 wohl
2095 5650 2131 5698 45

597 5711 640 5763 aa
657 5714 687 5763 a
703 5712 751 5763 aa
768 5711 822 5766 vu
840 5712 1030 5780 aspasiam
1048 5713 1131 5766 aaa
1147 5712 1211 5766 ean.
