4500 6428
412 397 476 462 320
1009 396 1463 457 KAISEBURKUNDEN.

412 594 604 673 preceptum
632 586 673 651 ob
702 582 879 650 remedium
908 583 1015 646 anime
1042 587 1153 644 nostre
1182 579 1252 643 fieri
1281 577 1433 642 iussimus
1461 596 1520 661 per
1549 573 1639 661 quod
1665 570 1820 659 predictis
1853 567 2091 636 concedimus

412 689 576 773 iratribus,
600 700 759 777 quatenus
783 695 858 774 post
881 685 1005 752 obitum
1025 684 1093 748 iam
1115 682 1235 770 prefati
1257 680 1403 768 episcopi
1426 679 1528 744 nostri
1549 677 1719 762 Hartperti
1741 685 1808 741 ex⁰
1831 676 1980 762 propria
2006 693 2090 738 con-

412 796 607 880 gregacione
622 788 800 859 abbatem‘l
822 789 884 855 sibi
899 789 1018 875 eligere
1036 785 1242 873 [potestatem
1256 783 1423 868 habeantl,
1447 783 1566 848 sicuti⁰
1589 802 1717 866 semper
1737 779 1779 845 ab
1798 775 2089 846 antecessoribus

410 900 532 962 nostris
564 897 757 970 habuerunt.
802 894 847 958 Et
876 902 912 957 ut
944 913 1005 958 nec
1036 913 1057 955 a
1086 887 1331 956 successoribus
1363 887 1483 952 nostrie
1516 885 1579 950 hoc
1613 884 1839 950 munificencie
1875 891 2089 970 preceptum

411 1014 521 1072 nostre
549 1003 615 1068 ullo
644 1021 797 1087 umquam
823 1009 971 1082 tempore
998 995 1208 1079 infringatur,
1241 991 1299 1058 sed
1326 992 1360 1056 in
1388 990 1439 1055 dei
1468 991 1599 1055 nomine
1627 981 1755 1053 firmum
1777 985 2124 1072 inconfulsumqueo

411 1133 469 1198 per
491 1119 609 1174 cuncta
631 1117 814 1191 temporum
837 1100 998 1168 curricula
1021 1107 1220 1185 permaneat,
1242 1118 1342 1162 manu
1365 1095 1498 1180 propria
1520 1090 1634 1158 subtus
1657 1090 1737 1156 illud
1758 1091 1972 1156 firmavimus
2000 1111 2088 1154 anu·

410 1214 507 1301 loque
529 1221 640 1277 nostro
664 1208 825 1294 assignari
848 1207 1011 1272 iussimus.

513 1349 649 1436 Signum
673 1346 784 1412 domni
808 1342 963 1412 Ottonis¹
985 1343 1050 1425 (M.)
1075 1341 1212 1428 piissimi
1235 1338 1451 1426 imperatoris.

512 1453 688 1520 Liutolffus
711 1451 927 1516 cancellarius
950 1447 1099 1513 advicem
1123 1444 1290 1512 Wilbelmi
1314 1441 1552 1526 archiepiscopi
1575 1438 1761 1522 recognovi.
1994 1435 2086 1517 (SR.)

512 1591 600 1657 Acta
622 1601 698 1656 sunt
720 1607 820 1654 xvm.
843 1586 911 1652 kal.
935 1584 1109 1673 septembr.
1132 1605 1219 1648 anno
1243 1581 1406 1646 dominice
1428 1577 1670 1643 incarnacionis
1697 1573 1932 1659 [ncccc]nx1⁸‚
1971 1573 2139 1640 indic-10

409 1698 499 1762 tione
521 1713 592 1777 nn,
622 1716 708 1759 anno
732 1714 809 1758 vero
832 1692 923 1777 regui
948 1688 1078 1756 Ottonis
1100 1688 1238 1774 piissimi
1267 1683 1473 1772 imperatoris
1497 1699 1593 1762 xm13
1627 1689 1736 1746 actum
1760 1677 1961 1764 Ougespurc
1976 1676 2009 1762 ¹¹3
2046 1681 2084 1743 in

410 1801 462 1866 dei
485 1801 616 1864 nomine
638 1796 777 1862 feliciter
798 1817 904 1860 amen.

1192 2029 1279 2103 234.

419 2193 500 2272 Oeo
523 2193 684 2292 bmtdupt
704 2191 784 2265 dem
805 2189 950 2264 Kiostcr
971 2185 1009 2264 S.
1031 2186 1130 2259 Zeno
1154 2209 1199 2258 zo
1224 2183 1368 2258 Verona
1399 2181 1467 2256 alie
1495 2180 1733 2279 Besitzonpco
1758 2175 1838 2251 cod
1858 2177 2077 2268 Besitztitel,

411 2314 482 2387 deo
504 2312 762 2411 Konipssoltctz
782 2310 863 2383 uod
884 2309 942 2382 die
964 2305 1188 2380 Immcoitdt.
1378 2339 1550 2400 Ampio
1572 2342 1697 2397 casm,
1719 2339 1779 2398 961
1804 2336 1973 2396 Daeenber
1994 2341 2028 2397 3.
2098 2350 2129 2397 15

512 2539 604 2599 luber
620 2540 701 2612 prio.
724 2539 789 2597 abb.
813 2553 837 2596 s.
857 2535 985 2595 Zenonis
1007 2533 1057 2593 des
1082 2536 1131 2593 16.
1147 2532 1175 2592 J
1176 2533 1203 2590 l.
1227 2530 1251 2603 s.
1268 2535 1289 2590 7
1310 2531 1353 2588 im
1370 2529 1478 2590 Misero
1502 2531 1590 2588 notro
1606 2526 1712 2590 coner
1732 2544 1773 2586 eu
1792 2526 1920 2599 Venedio
1937 2523 2003 2604 (B).
2028 2559 2077 2569 —-

512 2643 684 2702 Losecrooi
708 2641 823 2700 Verona
844 2656 939 2710 sano,
970 2637 1038 2698 MS.
1062 2653 1119 2696 aas
1142 2633 1449 2694 derMittcdes17.
1472 2633 1525 2693 Jlt.
1554 2631 1578 2704 f.
1603 2634 1668 2694 652
1688 2633 1723 2691 iu
1744 2631 1797 2690 der
1819 2629 2076 2692 Stodtbsbliotbek

511 2765 552 2806 m
575 2747 689 2806 remu
709 2742 773 2823 (o).

511 2881 690 2962 (Garatoni)
712 2882 857 2941 Mentoris
882 2880 915 2938 dt
945 2879 975 2940 S.
998 2878 1115 2938 Zenone
1134 2881 1199 2938 234
1221 2893 1278 2936 oro
1302 2874 1333 2936 0.
1357 2909 1400 2918 —
1423 2874 1552 2950 Stompf
1569 2875 1646 2934 Aeto
1667 2873 1744 2934 iaed.
1770 2874 1832 2933 606
1853 2877 1888 2932 o⁰
1910 2875 1980 2934 432
2010 2891 2073 2934 aas

511 2986 633 3047 Abnoba
657 2989 699 3044 im
721 2985 925 3047 Stootsarclriv
945 3001 987 3043 su
1006 2983 1134 3056 Vacuo
1155 2981 1220 3042 sord
1241 2997 1298 3040 oras
1323 2977 1354 3040 G.
2088 2991 2123 3040 ao

514 3125 709 3186 Uomittelbur
736 3126 812 3184 noeis
840 3123 906 3182 dem
935 3123 1058 3196 Diplom
1087 3122 1191 3195 Honos
1221 3121 1350 3180 Belem
1378 3117 1449 3193 Rep.
1480 3119 1558 3178 Kar.
1580 3115 1936 3196 sermocinantibus
1957 3116 2070 3176 Druck

512 3226 668 3289 &oodoni
682 3229 701 3287 l.
718 3245 741 3287 c.
757 3225 834 3305 232)
855 3227 1048 3301 peschriebeo,
1072 3224 1138 3284 dem
1160 3224 1237 3284 cocle
1258 3223 1313 3283 dos
1328 3221 1628 3298 Eioqmtpsprotokoll
1650 3225 1834 3281 eunomium
1855 3221 1903 3280 ist.
1927 3253 1973 3262 —
1994 3219 2069 3280 Dea

513 3331 767 3404 Aosstellsmosort
788 3336 909 3389 missen
929 3330 986 3388 wir
1008 3329 1052 3388 als
1075 3329 1245 3388 oremus
1268 3328 1455 3399 taurinen,
1489 3326 1530 3385 do
1551 3327 1627 3386 corb
1648 3324 1697 3384 dic
1724 3342 1780 3384 ooo
1809 3320 1939 3398 Stampf
1964 3340 2068 3398 coryc-

511 3435 683 3509 sclrlopeneo
703 3435 883 3508 Deotmsyen
903 3433 983 3492 niem
1005 3432 1196 3506 bofriedspco.

605 3621 645 3685 In
659 3622 791 3686 nomine
807 3619 930 3686 domini
949 3619 1001 3684 dei
1020 3620 1132 3685 eterni.
1157 3617 1236 3683 Otto
1252 3616 1365 3683 divina
1379 3617 1509 3682 favente
1524 3615 1698 3682 clementia
1712 3611 1824 3703 (pius)
1836 3637 1907 3681 rex.
1989 3631 2065 3694 Qun
2082 3639 2116 3688 25

409 3739 506 3806 regalis
529 3743 647 3806 potestas
669 3753 750 3804 snpra
772 3741 862 3790 omnia
883 3743 910 3789 et
931 3754 978 3803 pre
1000 3739 1124 3790 omnibns
1146 3737 1237 3788 divino
1260 3735 1340 3789 debet
1361 3735 1446 3786 cultui
1469 3751 1527 3787 esse
1549 3749 1652 3801 semper
1669 3735 1773 3786 intents
1787 3739 1814 3786 et
1828 3733 2003 3786 ecelesiarum
2019 3734 2064 3786 dei

410 3845 541 3896 sarcinam
567 3844 682 3895 libenter
710 3849 816 3910 portare
844 3858 876 3894 ac
905 3843 1060 3905 sublevare,
1093 3847 1225 3908 quatenus
1252 3841 1280 3891 id
1301 3840 1404 3908 agendo
1427 3846 1534 3892 eternae
1556 3841 1777 3892 remunerationis
1799 3841 1901 3906 premia
1922 3843 2063 3906 percipere

410 3942 578 4000 mereatur⁸2
601 3948 700 4000 idcirco
722 3949 828 3998 noverit
849 3949 966 4000 omnium
988 3928 1132 3998 fideliumb
1154 3951 1262 3996 sanctae
1283 3945 1327 3996 dei
1349 3945 1477 3996 ecclesiae
1499 3951 1703 4012 nostrorumque
1725 3946 1886 4012 presentium
1908 3944 2015 3996 scilicet
2037 3951 2064 3996 et

409 4051 559 4102 futurorum
587 4045 749 4116 industria⁰,
782 4034 1000 4102 Adelheidam
1028 4034 1184 4100 dilectam
1213 4036 1385 4120 coniugem
1412 4045 1560 4101 nostram
1586 4051 1722 4102 humiliter
1749 4057 1854 4102 nostrae
1883 4033 2061 4102 serenitatis‘l

409 4171 533 4207 exorasse
559 4156 740 4219 clementiam,
772 4160 904 4222 quatenus
927 4155 961 4206 ob
984 4169 1101 4206 amorem
1123 4154 1165 4204 dei
1188 4155 1377 4220 omnipotentis
1398 4155 1524 4222 beatique
1545 4155 1660 4207 Zenonis
1682 4151 1842 4208 confessoris
1863 4155 1963 4206 Christi
1986 4171 2061 4207 rere-
2080 4164 2114 4212 ao

408 4261 521 4310 rentiam
549 4276 639 4312 omnes
669 4260 845 4326 proprietates
873 4266 900 4311 et
928 4259 1109 4326 possessiones
1137 4259 1290 4310 monasterii
1315 4259 1445 4324 praedicti
1473 4261 1619 4312 beatissimi
1641 4259 1757 4311 Zenonis
1778 4260 1826 4311 ubi
1854 4254 1935 4312 eius¹
1962 4276 2062 4326 corpus

408 4377 513 4415 aacrnrn
535 4365 648 4430 quiescit
669 4365 819 4427 humatum,
841 4378 911 4430 quae
934 4363 968 4414 ab
991 4362 1203 4414 antecessoribus
1226 4363 1338 4426 noenia,
1359 4363 1564 4429 imperatoribus
1586 4358 1712 4416 scilicet⁸
1734 4364 1902 4431 stragibus,
1925 4364 2060 4430 episcopis

409 4469 551 4519 comitibus
573 4469 703 4535 bonisque
726 4469 879 4520 hominibus
901 4468 1039 4534 delegatae
1061 4471 1124 4516 sunt
1146 4471 1173 4517 et
1194 4481 1351 4530 concessae,
1377 4482 1425 4532 per
1446 4473 1553 4519 nostrae
1575 4466 1772 4519 munificentiae
1794 4472 1948 4534 preceptum
1970 4484 2060 4520 corro-

408 4572 563 4624 boraremus
585 4573 722 4638 modisque
745 4573 869 4623 omnibus
891 4576 983 4622 nostra
1003 4572 1079 4638 regia
1099 4570 1258 4622 auctoritate
1281 4569 1496 4622 confirmaremus
1518 4576 1545 4622 et
1566 4571 1636 4623 idam
1654 4572 1844 4623 monasterium
1862 4572 1911 4622 sub
1930 4551 2063 4622 nostrae¹

407 4679 530 4728 tuitionis
552 4678 758 4729 mundiburdum
781 4678 898 4742 recipere
921 4675 1099 4742 dignaremur.
1142 4660 1224 4724 Eius
1252 4680 1323 4726 ratas
1350 4677 1493 4741 petitiones
1521 4677 1674 4728 estimantes
1685 4669 1706 4738 Β,
1740 4675 1948 4728 misericordiam
1974 4677 2058 4726 omni·
2077 4689 2111 4738 ³6

408 4785 524 4848 potentis
546 4781 588 4834 dei
611 4787 638 4833 et
660 4782 778 4833 eiusdem
799 4781 947 4832 beatissimi
969 4779 1128 4832 contessoris
1143 4778 1241 4829 Christi
1255 4779 1371 4831 Zenonis
1393 4781 1488 4831 merita
1510 4785 1537 4831 et
1558 4782 1760 4832 intercessiones
1782 4796 1832 4831 nos
1854 4779 1977 4831 adiuvari
1996 4796 2059 4832 con·

407 4885 567 4948 siderantes,
601 4887 691 4936 omnia
717 4884 858 4951 privilegia
887 4889 915 4935 et
943 4888 1069 4949 precepta
1096 4884 1182 4948 ipsius
1209 4885 1363 4934 monasterii
1385 4899 1454 4950 quae
1477 4900 1604 4936 concessa
1626 4891 1688 4938 sunt
1710 4885 1866 4936 continuata
1886 4889 1913 4934 et
1935 4884 2059 4934 funditus

407 4989 529 5055 delegata
557 4989 651 5054 priscis
680 4990 844 5054 temporibus
873 4988 908 5038 ab
938 4987 1152 5038 antecessoribus
1181 4989 1293 5050 nostris,
1326 4988 1531 5053 imperatoribus
1559 4989 1662 5040 scilicet
1684 4993 1711 5040 et
1732 4990 1855 5056 regibus,
1889 5004 1937 5040 seu
1966 5003 2058 5040 omnes

407 5095 564 5159 scriptiones
586 5093 778 5159 universasque
800 5109 842 5143 res
865 5108 925 5143 cum
947 5091 1056 5142 familiis
1080 5096 1106 5142 et
1127 5093 1211 5142 servis
1233 5091 1373 5158 utriusqus
1395 5107 1488 5155 sexus,
1519 5093 1590 5143 unde
1617 5095 1705 5160 ipsum
1728 5093 1916 5144 monesterium
1938 5093 2010 5142 iuste
2032 5098 2060 5142 et

407 5198 528 5264 legaliter
550 5198 679 5250 hactenus
701 5200 854 5250 investitum
877 5199 1023 5264 permansit
1045 5202 1072 5247 et
1093 5196 1221 5262 quicquid
1243 5198 1311 5247 inibi
1333 5197 1438 5264 legibus
1460 5199 1592 5262 pertinere
1615 5197 1762 5248 dinoscitur
1784 5201 1838 5246 tam
1866 5211 1913 5261 per
1942 5211 2059 5247 commu-
2077 5207 2112 5256 40

406 5302 521 5352 utiones
543 5305 570 5352 at
591 5303 724 5366 precarias
747 5316 826 5367 quam
848 5317 896 5366 par
918 5299 1072 5352 offersionas
1094 5304 1121 5351 et
1143 5299 1292 5352 oblationes
1314 5302 1445 5352 bonorum
1466 5302 1604 5352 hominum
1626 5303 1682 5352 aive
1705 5281 1834 5366 aliquasl
1856 5298 2013 5370 traditiones
2031 5303 2059 5350 et

491 5453 551 5510 2³³.
578 5459 602 5520 c)
622 5456 689 5508 etA
787 5458 814 5520 d>
833 5459 932 5510 abbate
948 5456 973 5508 A
1072 5457 1097 5525 e)
1115 5457 1214 5525 eligere
1231 5461 1314 5510 secuti
1332 5456 1356 5508 Δ
1454 5458 1481 5522 i)
1499 5459 1592 5511 Ottoni
1613 5457 1638 5509 A
1735 5459 1764 5524 g)
1782 5473 1813 5506 sa
1834 5453 2059 5522 mpsituqlielssar

577 5538 627 5578 nn
644 5533 703 5593 emp
719 5529 776 5578 sios
786 5526 898 5593 jope-0
913 5526 997 5578 Hand
1012 5525 1081 5577 noct
1097 5537 1143 5578 11⁰
1239 5527 1269 5590 b)
1287 5527 1443 5596 Ongespnre
1462 5526 1494 5580 A.

491 5625 551 5682 2³4.
578 5628 686 5699 [Siclrel]
783 5633 810 5696 a)
832 5629 941 5695 tlfeblt
958 5632 987 5681 io
1004 5632 1031 5682 B
1125 5633 1154 5694 b)
1176 5630 1350 5694 titidielinm
1367 5633 1395 5683 Β
1492 5633 1516 5693 ο)
1529 5630 1600 5695 felli
1616 5633 1646 5682 io
1665 5629 1690 5684 U
1781 5631 1809 5694 d)
1829 5627 1857 5692 0,
1875 5629 2012 5680 serenitati
2030 5628 2058 5679 B

577 5701 601 5764 e)
623 5699 652 5763 0,
674 5701 778 5752 scilicet
799 5701 1001 5768 imperatoribus
1024 5700 1052 5752 B
1159 5700 1187 5766 i)
1206 5699 1358 5753 nominet)¹
1462 5701 1491 5769 g)
1510 5703 1690 5754 existimantes
1711 5699 1736 5752 0
1837 5699 1865 5762 h)
1887 5696 1915 5760 0,
1939 5697 2007 5750 alias
2022 5695 2057 5748 B.
2075 5707 2111 5757 45
