4576 6428
895 444 1020 502 ΟΤΤΟ
1041 445 1066 501 1.
1090 441 1163 504 965.
1790 437 1853 504 393

309 628 323 711 Β
345 625 482 710 Signum
504 627 701 690 serenissimi
723 627 928 712 imperatoris
950 630 1082 714 augusti
1102 623 1117 706 ξ
1140 626 1205 710 (Μ.)
1514 707 1519 715 Ι

309 727 509 810 ξΙιίιιῐοΙήιε
531 731 678 796 notarius
702 729 850 796 advicem
872 729 1071 797 Uuillihelmi
1095 730 1351 818 archicapellani
1373 735 1574 818 recognovit.
1597 731 1611 811 Ε
1736 734 1853 816 (81.2.)

309 866 399 930 Data
421 883 455 930 x.
478 866 545 931 kal.
568 866 650 932 febr.
674 890 760 932 anno
784 869 1018 933 incarnationis
1042 867 1164 933 domini
1188 885 1380 953 Dccccnxv,
1403 870 1581 936 indictione
1599 889 1673 954 vm,
1695 879 1853 955 regnante

207 971 414 1034 serenissimo
437 972 635 1056 imperatore
657 983 796 1057 augusto
820 971 941 1038 Ottone
964 994 1050 1038 anno
1073 990 1118 1056 113
1141 981 1250 1038 actum
1272 973 1306 1037 in
1328 973 1453 1058 Angla,
1474 973 1613 1038 feliciter
1636 995 1740 1040 amen.

172 1265 188 1312 e
689 1245 690 1250 ’
985 1231 1071 1303 277.

215 1382 295 1459 Otto
323 1384 484 1483 besttttiqt
509 1383 588 1457 dem
613 1384 759 1458 Kloster
776 1384 981 1458 Reicbeuon
1009 1384 1066 1458 die
1091 1384 1319 1478 Immunitdt,
1355 1386 1414 1459 die
1441 1387 1678 1487 Zollsredreit,
1710 1390 1853 1487 gemisse

207 1504 575 1602 Zebntoerleibunpen
602 1502 681 1577 und
708 1503 774 1578 due
801 1503 1010 1579 Woltlrecbt.
1372 1528 1487 1588 Wormr
1510 1531 1573 1588 965
1596 1529 1735 1588 uenter
1754 1532 1807 1588 21.

308 1730 431 1804 Dtplom
451 1728 667 1803 eweiselhufter
692 1730 820 1805 Geltunp
841 1733 884 1788 im
904 1732 1017 1804 prosse.
1045 1729 1409 1792 denerat-Laudesarcbie
1429 1753 1471 1793 aa
1491 1734 1659 1794 Karteralre
1680 1732 1740 1814 (A).

310 1885 527 1966 (Meicbetbeet)
548 1885 692 1946 Mtruotre
720 1887 756 1945 de
777 1887 967 1958 Reielrenau,
998 1887 1059 1948 doe.
1085 1891 1104 1946 6
1130 1888 1176 1946 ala
1198 1888 1239 1947 D.
1266 1887 1333 1947 Otto
1351 1896 1392 1949 ΙΙ.
1421 1889 1640 1964 muullstdadiy
1668 1907 1725 1949 arse
1747 1889 1786 1948 Α.
1809 1923 1852 1933 -
1901 1923 1904 1932 «

307 1990 426 2066 Μωρέ
446 1993 519 2065 Rep.
544 1991 622 2050 Bud.
647 1993 689 2051 88
711 1995 745 2048 n⁰
766 1994 811 2052 27
832 2008 890 2049 aas
911 1988 949 2048 A.
973 2023 1017 2032 —-
1039 1990 1169 2063 Stampf
1186 1993 1260 2064 Rau.
1283 1992 1356 2052 350.

307 2148 369 2206 Mtt
383 2147 554 2206 Auenolrme
576 2147 628 2218 der
649 2146 711 2218 auf
729 2146 783 2206 das
802 2147 967 2208 Walrtreebt
990 2143 1176 2221 beatulicben
1192 2146 1280 2208 Stella
1301 2148 1366 2208 dem
1380 2148 1419 2207 D.
1438 2147 1516 2207 Karl
1534 2157 1591 2209 111.
1614 2167 1679 2208 vem
1695 2151 1745 2210 16.
1763 2149 1853 2223 April

308 2252 371 2310 886
395 2249 524 2330 (Donet
548 2248 949 2328 neminemneminer.
992 2249 1181 2310 Gescbrieben
1209 2269 1265 2309 von
1293 2250 1358 2309 dem
1386 2253 1441 2309 seit
1467 2251 1552 2325 lonae
1572 2270 1629 2311 aas
1651 2252 1703 2312 der
1724 2254 1853 2312 Kanalei
1899 2243 1902 2248 ¹

307 2352 568 2426 ansuescbiedenen
589 2353 691 2425 Poppo
716 2349 752 2424 0,
783 2352 830 2410 die
852 2352 1005 2426 Destruet
1034 2354 1105 2411 aber
1132 2371 1187 2412 oon
1210 2354 1413 2412 unbekannter
1435 2354 1528 2413 Hand
1550 2360 1671 2429 aptast
1693 2355 1757 2414 aad
1779 2362 1852 2416 etue
1887 2411 1889 2414 .

307 2459 384 2516 auch
405 2457 459 2517 dus
476 2458 546 2530 SR,
570 2458 610 2518 da
628 2475 658 2517 es
680 2475 736 2516 oon
753 2445 823 2516 ¹dem
845 2457 896 2516 des
911 2455 971 2516 PG.
995 2459 1142 2530 ubweicbt,
1166 2476 1222 2517 von
1243 2457 1381 2516 auderem
1398 2457 1557 2518 Sebreiber.
1581 2458 1714 2517 Nebmen
1736 2461 1792 2526 wir
1812 2477 1853 2518 aa

308 2561 416 2620 diesem
438 2562 698 2636 eipentbetmlicben
714 2559 958 2632 Schriftbefuude
980 2561 1072 2619 binas
1087 2561 1156 2620 duas
1171 2561 1226 2622 das
1242 2562 1333 2623 Stetelc
1347 2562 1472 2622 tinnula
1488 2562 1620 2635 besieyelt
1635 2581 1706 2635 war,
1730 2581 1762 2622 so
1778 2564 1853 2624 wird

306 2664 490 2738 aweisellrust
514 2665 548 2744 (e.
573 2665 674 2723 Mittb.
704 2664 754 2722 dee
783 2669 884 2724 osterr.
910 2664 1050 2723 Instituta
1072 2669 1102 2734 2,
1126 2664 1202 2744 277)
1224 2666 1258 2724 ob
1281 2683 1310 2724 es
1325 2667 1359 2738 je
1381 2684 1436 2724 oon
1458 2665 1511 2724 der
1532 2666 1660 2724 Kaualei
1686 2668 1852 2726 contonat

305 2769 423 2828 worden
449 2770 498 2828 ist.
540 2766 871 2827 mortemarense
894 2767 1060 2839 Exemplar
1086 2768 1175 2826 sebon
1196 2770 1239 2826 im
1261 2768 1294 2827 J.
1319 2772 1381 2829 990
1404 2768 1534 2828 vender
1556 2769 1683 2828 Kanelet
1709 2770 1774 2829 Otto
1794 2779 1850 2830 ΙΙΙ,

292 2861 293 2864 “
304 2875 390 2948 piltiu
416 2872 566 2944 befmtdeu
587 2871 721 2930 worden.-
750 2873 794 2929 sie
816 2871 998 2929 wiederbolte
1019 2871 1148 2932 nuntiet
1169 2872 1248 2930 nieht
1271 2871 1361 2930 atleta
1383 2871 1439 2930 dea
1462 2871 1625 2942 Wortlaut,
1654 2874 1783 2932 scudem
1805 2875 1851 2932 be·

306 2981 408 3036 nutete
430 2994 460 3036 ee
481 2976 557 3035 auch
580 2976 625 3035 ets
641 2975 874 3048 scarabeorum
896 2974 951 3046 fur
973 2975 1027 3033 das
1049 2978 1140 3033 tmter
1162 2974 1289 3048 &stupf
1302 2976 1375 3048 Rey.
1399 2978 1464 3035 932
1485 2977 1680 3034 onaeiebnete
1702 2975 1851 3051 Oriptnat-

303 3084 437 3154 precept.

310 3283 370 3363 (0.)
393 3282 408 3365 ᾗ
429 3282 466 3346 In
489 3284 620 3347 nomine
648 3291 782 3347 sanctae
804 3292 837 3347 et
858 3282 1047 3348 individuae
1077 3282 1241 3346 trinitatis.
1280 3279 1357 3346 Otto
1387 3281 1498 3376 divina
1524 3281 1656 3348 favente
1678 3282 1851 3348 clementia

204 3388 381 3471 imperator
404 3395 571 3471 augustus.
672 3401 815 3453 Enimvero
838 3404 860 3450 si
882 3406 1079 3452 antecessorum
1102 3407 1266 3463 nostrorum,
1289 3417 1380 3466 regum
1403 3401 1529 3452 videlicet
1550 3398 1631 3453 eive*
1652 3404 1851 3468 imperatorum,

204 3507 318 3557 maxime
333 3521 439 3572 quoque
453 3507 674 3556 monasteriorum
695 3507 831 3556 coenobiis
851 3520 977 3556 concessa
998 3504 1139 3570 privilegia
1160 3507 1265 3554 nostrae
1287 3505 1454 3554 auctoritatis
1475 3506 1587 3555 tuitione
1610 3507 1774 3568 roboramus,
1796 3521 1851 3555 non

205 3611 291 3662 solum
313 3627 405 3677 regum
426 3595 440 3676 ξ
461 3627 560 3661 morem
582 3611 610 3660 in
633 3626 664 3661 eo
688 3611 811 3661 decenter
832 3609 987 3675 implemus,
1015 3583 1108 3660 verum
1131 3611 1210 3660 etiam
1235 3591 1297 3659 curn
1317 3608 1518 3674 tranquillitatis
1540 3611 1682 3659 securitate
1704 3609 1850 3659 viventium

153 3719 186 3766 25
204 3715 315 3765 fratrum
338 3683 503 3764 orationibus
525 3696 695 3778 plurimumb
717 3713 839 3764 adiuvari
862 3714 1026 3765 confidimus.
1060 3714 1176 3778 Ideoque
1200 3714 1303 3763 noverit
1325 3713 1443 3762 omnium
1465 3711 1583 3762 fidelium
1605 3717 1754 3762 nostrorum
1776 3727 1851 3777 prae-

204 3819 317 3869 sentium
340 3816 442 3867 scilicet
465 3821 492 3867 et
513 3817 663 3867 futurorum
685 3817 831 3882 industria,
860 3819 924 3884 quia
946 3801 1144 3868 Venerabilis
1160 3799 1396 3865 Vulllellelmus
1419 3799 1663 3886 Mogonclensls
1691 3798 1850 3884 eeclesiae

205 3907 470 3992 archiepiscopus
505 3916 538 3972 et
565 3905 778 3990 Burghardus
812 3905 1034 3971 nobilissimus
1069 3903 1137 3970 dux
1163 3903 1420 3968 Alamannorum
1449 3925 1510 3967 nec
1541 3925 1608 3968 non
1635 3902 1850 3986 Eggehardus

202 4009 379 4095 Auglensis
413 4008 563 4074 coenobii
593 4007 800 4100 venerandus
834 4025 904 4075 abba
929 4041 946 4072 e
974 4025 1071 4074 nostris
1101 4022 1255 4073 obtulerunt
1284 4024 1423 4074 obtutibus
1451 4041 1467 4072 a
1496 4029 1638 4089 praecepta
1666 4024 1850 4088 gloriosissimi

202 4113 409 4197 imperatoris
432 4111 547 4176 Karoll
576 4121 608 4177 ei
635 4113 738 4196 ipsius
767 4128 811 4178 avi
832 4145 848 4176 e
870 4127 1023 4178 Ludouuici
1045 4127 1211 4192 imperatoris
1233 4142 1282 4177 nec
1304 4143 1357 4178 non
1381 4128 1460 4178 etiarn
1482 4128 1644 4177 serenissimi
1665 4128 1758 4191 proavi
1780 4114 1850 4176 elus

153 4234 186 4282 30
203 4231 297 4282 Karoli
330 4233 495 4296 imperatoris
529 4233 637 4297 augusti
665 4233 693 4281 in
721 4232 819 4296 quibus
852 4231 1052 4294 continebatur,
1084 4231 1198 4296 qualiter
1231 4233 1377 4297 supradicti
1403 4232 1565 4282 Francorum
1599 4233 1732 4297 principes
1765 4232 1850 4282 eidem

204 4319 362 4404 Auglensi
390 4334 549 4384 monasterio
577 4349 624 4398 per
650 4334 816 4384 auctoritatis
844 4335 1018 4384 munitionem
1046 4339 1244 4396 concesserant,
1274 4341 1305 4385 ut
1326 4335 1417 4385 nullus
1438 4335 1562 4400 publicus
1584 4335 1665 4386 index
1688 4352 1773 4402 neque
1797 4336 1850 4385 dux

204 4454 290 4505 neque
318 4453 406 4488 comes
435 4443 483 4487 aut
504 4437 631 4502 quislibet
651 4453 685 4487 ex
706 4437 847 4487 iudiciaria
873 4442 1004 4502 potestate
1033 4436 1175 4488 aecclesias
1203 4443 1292 4488 curtes
1320 4443 1367 4488 aut
1393 4438 1454 4488 loca
1475 4438 1518 4488 vel
1540 4454 1618 4504 agros
1641 4455 1689 4490 seu
1711 4440 1851 4504 reliquas‘·

203 4544 384 4609 possessiones
407 4546 550 4592 memorato
572 4543 731 4592 monasterio
754 4543 887 4606 praesenti
910 4547 1027 4607 tempore
1050 4542 1217 4592 subiacentes
1240 4542 1283 4592 vel
1305 4558 1374 4608 quae
1396 4542 1521 4607 deinceps
1544 4543 1572 4592 in
1593 4544 1636 4593 ius
1659 4549 1686 4594 et
1703 4543 1850 4593 dominium

204 4647 321 4698 eiusdem
344 4646 498 4696 monasterii
520 4645 627 4696 divinae
648 4647 755 4710 pietatis
778 4652 920 4712 augmento
943 4647 1125 4711 pervenerint,
1148 4646 1183 4697 ad
1204 4660 1299 4696 causas
1322 4645 1467 4696 audiendas
1490 4645 1532 4697 vel
1554 4645 1630 4696 freda
1651 4647 1782 4712 exigenda
1804 4653 1851 4697 aut

153 4750 186 4799 35
205 4752 355 4801 mansiones
384 4748 427 4800 vel
454 4753 561 4814 paratas
589 4748 725 4799 faciendas
747 4721 994 4800 sivefideinssores
1016 4749 1148 4800 tollendos
1170 4755 1218 4800 ant
1239 4749 1359 4800 homines
1381 4753 1435 4798 tam
1456 4749 1587 4815 ingenuos
1609 4765 1689 4815 quam
1712 4755 1738 4800 et
1759 4767 1850 4801 servos

204 4869 283 4920 super
311 4861 408 4904 terram
436 4854 521 4919 ipsius
547 4853 699 4904 monasterii
722 4858 917 4904 commanentes
939 4870 955 4901 a
978 4853 1173 4920 distringendos
1195 4868 1245 4904 nec
1266 4852 1336 4902 ullas
1359 4851 1531 4902 redibitiones
1552 4853 1595 4902 vel
1617 4853 1720 4904 bannos
1743 4859 1790 4904 ant
1811 4855 1850 4904 in·

203 4958 291 5008 licitae
313 4959 466 5009 occasiones
487 4956 659 5022 requirendas
681 4973 728 5008 seu
751 4956 836 5008 ullum
857 4958 994 5024 publicum
1016 4959 1144 5023 placitum
1166 4957 1318 5009 habendum
1340 4956 1421 5006 nullis
1444 4956 1609 5021 temporibus
1631 4957 1734 5022 ingredi
1757 4957 1800 5008 vel
1819 4973 1852 5008 ea

203 5077 272 5128 quae
300 5076 382 5126 supra
409 5065 554 5112 memorata
581 5066 644 5111 sunt
665 5062 770 5126 exigere
792 5068 957 5126 praesumat,
987 5065 1014 5112 et
1035 5067 1066 5112 ut
1088 5060 1206 5112 censales
1228 5061 1347 5112 homines
1371 5061 1427 5110 sive
1449 5057 1566 5109 familiae
1588 5060 1617 5108 in
1639 5061 1850 5125 quibuscumque

200 5165 269 5218 locis
291 5168 345 5216 sint
367 5167 512 5229 constituti,
534 5181 626 5230 paoem
648 5165 807 5216 habeantet
822 5180 910 5216 coram
932 5165 1006 5215 nullo
1030 5167 1125 5216 comite
1147 5158 1263 5234 regant
1277 5169 1325 5214 aut
1338 5164 1457 5214 bannum
1478 5162 1633 5228 persolvant
1647 5169 1694 5213 aut
1712 5163 1848 5214 saeculare

151 5274 186 5322 40
204 5271 339 5336 negotium
367 5270 497 5330 habeant,
526 5270 578 5319 nisi
601 5284 689 5319 coram
712 5267 808 5320 abbate
830 5268 874 5319 vel
895 5271 980 5334 ipsius
1006 5269 1158 5320 monasterii
1186 5267 1330 5331 advocato,
1358 5268 1405 5318 sed
1427 5267 1507 5318 liccem
1529 5267 1674 5332 supradicti
1697 5266 1850 5318 monasterii

203 5373 350 5424 rectoribus
380 5373 430 5422 sub
458 5372 607 5423 dominicae
634 5373 808 5423 immunitatis
836 5374 950 5424 tuitione
978 5375 1068 5438 quieto
1091 5372 1184 5424 ordine
1206 5386 1253 5438 per
1276 5372 1366 5422 omnia
1386 5370 1533 5436 possidere3
1558 5373 1584 5420 et
1605 5370 1732 5435 quicquid
1755 5369 1850 5420 exinde

203 5474 283 5526 fiscus
311 5491 417 5540 sperare
446 5480 563 5540 poteret,
592 5479 676 5525 totum
704 5475 831 5526 fratribus
860 5475 958 5527 ibidem
987 5475 1094 5527 domino
1123 5474 1314 5526 famulantibus
1336 5480 1465 5540 perpetua
1487 5473 1611 5524 firmitate
1632 5475 1706 5539 regia
1727 5473 1851 5540 largitate

288 5646 348 5702 277.
377 5645 486 5717 [Siclrel]
591 5647 618 5713 a)
636 5665 727 5699 soom
747 5649 815 5699 arrrl
903 5650 931 5710 b)
950 5648 999 5699 cles
1018 5649 1194 5700 anenata
1204 5649 1252 5700 der·
1263 5647 1333 5700 astte
1350 5648 1536 5714 auchpetrapen
1622 5649 1647 5710 c)
1666 5647 1851 5715 urepn'r'uqlr‘clr

376 5718 510 5783 reliquias,
527 5716 600 5767 dcun
617 5720 627 5767 i
644 5719 691 5767 mit
711 5717 915 5783 l'ilprmyopanlrt
932 5717 1061 5771 anactea.

254 5825 447 5868 unumunurm
462 5825 480 5868 r.
1616 5827 1659 5884 50
