4560 6420
1025 385 1481 444 KAISERUBKUNDEN.

1217 563 1305 642 106.

443 723 523 800 Otto
551 725 712 822 bestdtr'pt
736 724 817 797 dem
843 723 988 796 Klostcr
1012 722 1189 820 Kemptea
1216 723 1294 796 cirre
1319 717 1532 820 Scbcalruog
1558 719 1619 793 des
1644 719 1849 819 Presbyters
1871 718 2089 794 Puldmunt.

967 859 971 862 ’
1525 862 1698 933 Frunltsurt
1721 867 1785 924 948
1806 863 1968 922 December
1987 865 2043 924 26.
2127 909 2134 936 q

526 1033 714 1128 Copiolbuclr
746 1072 803 1113 oon
835 1054 982 1127 Koupron
1014 1070 1071 1112 aas
1104 1047 1169 1111 dem
1199 1052 1286 1112 Eudo
1315 1053 1364 1112 des
1394 1057 1446 1112 11.
1470 1052 1523 1112 Jt.
1553 1052 1578 1123 f.
1602 1049 1652 1113 77‘
1680 1055 1723 1112 im
1749 1053 1777 1113 t.
1800 1053 2013 1114 Reicleorclrio
2045 1071 2087 1112 ru

535 1160 684 1218 Monesen
708 1155 771 1238 (B).
2103 1165 2120 1213 s

535 1297 619 1355 noa.
642 1296 737 1358 Boea
758 1300 824 1366 31⁶,
848 1299 913 1356 192
931 1301 967 1353 e
983 1297 1031 1356 ‘oa
1053 1313 1109 1354 aas
1132 1267 1169 1352 'a
1193 1327 1235 1337 -
1259 1292 1387 1367 srmnpf
1404 1294 1476 1367 aa.
1503 1297 1574 1354 170.

538 1436 600 1494 Von
614 1433 682 1493 BB.
701 1435 755 1492 mit
779 1432 875 1503 Hclse
897 1433 950 1490 der
972 1431 1300 1505 Soheataorpsartuade
1322 1432 1371 1491 des
1393 1431 1556 1491 Puldmuat
1578 1433 1714 1504 versosst,
1738 1433 1820 1492 dean
1841 1434 1927 1504 auctr,
1952 1435 2007 1492 wic
2029 1433 2086 1492 dos

535 1541 578 1597 im
602 1537 779 1610 Copialboca
801 1537 975 1610 adrehildae
998 1537 1057 1597 SR.
1082 1537 1214 1607 durtlrut,
1237 1554 1293 1595 voa
1315 1537 1377 1595 itm
1398 1535 1598 1610 wuersempt.

539 1725 599 1804 (Ο.)
634 1724 673 1788 In
701 1725 834 1789 nomine
863 1731 975 1806 sancte
1003 1731 1036 1786 et
1064 1721 1230 1807 individue
1259 1724 1421 1787 trinitatis.
1468 1721 1545 1787 Otto
1575 1722 1627 1789 dei
1656 1725 1762 1809 gratia
1789 1745 1859 1789 rex.
1946 1724 2085 1790 Noverit

435 1829 580 1892 omnium
602 1827 749 1896 fidelium
770 1837 954 1892 nostrorum
978 1837 1046 1892 tam
1068 1827 1267 1913 presentium
1291 1847 1391 1911 quam
1413 1836 1444 1891 et
1466 1826 1648 1892 futurorum
1663 1827 1833 1911 industria,
1858 1827 1997 1914 qualiter
2012 1829 2081 1912 qui-
2102 1843 2131 1890 10

434 1931 510 1995 dam
532 1931 727 1995 venerabilis
751 1930 921 2016 presbyter
942 1929 1118 1995 Paldmunt
1146 1930 1277 1994 nomine
1305 1951 1364 2015 per
1390 1931 1608 1995 interventum
1636 1932 1703 1995 cari
1734 1931 1843 1996 fratris
1874 1933 1976 1995 nostri
2000 1931 2083 1996 Bru-

433 2037 528 2100 nonis
551 2035 778 2100 celsitudinem
798 2045 944 2099 nostram
967 2036 1114 2119 rogavit,
1148 2043 1184 2098 ut
1211 2034 1452 2118 possessionem
1481 2035 1580 2098 totius
1610 2036 1836 2119 acquisitionis
1859 2057 1916 2118 sue
1941 2057 2041 2120 quam
2063 2058 2083 2097 a

433 2139 544 2204 liberis
566 2138 751 2204 hominibus
775 2140 809 2203 in
831 2139 1042 2223 elemosinam
1065 2141 1207 2225 accepit¹
1223 2137 1317 2202 simul
1347 2148 1379 2202 et
1401 2138 1542 2224 pecunia
1563 2141 1766 2225 comparavit
1787 2142 1822 2204 in
1845 2139 1975 2228 duabus
1997 2138 2083 2203 villis

434 2243 611 2326 Worringa
633 2253 665 2307 et
682 2243 796 2307 Puirra
814 2245 999 2325 nominatis,
1024 2265 1123 2328 quam
1146 2242 1188 2307 ad
1206 2239 1468 2327 Campidonense
1489 2244 1724 2308 monasterium
1745 2243 1901 2308 traditam
1915 2241 2026 2326 habet,
2049 2242 2083 2306 id

433 2357 483 2411 est
503 2345 609 2410 hobas
632 2363 669 2409 vl
691 2367 765 2410 cum
790 2345 938 2411 omnibus
962 2345 1077 2410 adeas
1092 2345 1161 2411 iure
1180 2345 1426 2431 pertinentibus,
1450 2346 1590 2430 ecclesia
1605 2347 1775 2432 mancipiis
1791 2348 1959 2430 utriusque
1984 2368 2082 2411 sexus
2103 2359 2132 2407 ιε,

433 2449 584 2515 aedifitiis
608 2451 695 2534 agris
717 2451 820 2534 pratis
843 2451 975 2534 pascuis
999 2451 1093 2535 aquis
1115 2447 1321 2531 molendinis,
1345 2451 1549 2516 auctoritatis
1571 2459 1682 2534 nostre
1697 2459 1851 2535 precepto
1866 2450 2081 2533 firmaremus,

432 2577 472 2618 ea
500 2563 610 2618 tamen
635 2555 763 2617 ratione
791 2565 827 2618 ut
856 2551 896 2616 de
926 2553 1055 2637 prefata
1083 2554 1292 2637 possessione
1321 2551 1373 2617 bis
1402 2555 1436 2618 in
1458 2576 1545 2619 anno
1569 2553 1738 2620 monachis
1761 2552 1909 2619 eiusdem
1931 2553 2082 2619 coenobii

431 2656 660 2722 habundanter
683 2658 842 2742 serviatur
865 2666 897 2721 et
918 2657 1080 2741 peregrini
1103 2677 1330 2742 pauperesque
1352 2655 1396 2720 ad
1418 2658 1652 2721 monasterium
1669 2659 1826 2721 intrantes
1844 2656 2083 2743 redeuntesque

432 2760 553 2826 ibidem
578 2761 797 2846 suscipiantur
820 2782 859 2824 ac
882 2759 1022 2844 benigne
1045 2759 1228 2842 foveantur,
1253 2782 1316 2845 que
1341 2761 1451 2824 omnia
1473 2759 1639 2844 explenda
1660 2768 1693 2823 et
1707 2759 1850 2844 regenda
1865 2761 1900 2824 in
1918 2769 2084 2846 potestate

433 2864 549 2930 decani
579 2866 733 2928 existant.
778 2861 879 2928 Grrius
914 2864 1062 2949 petitioni
1092 2885 1262 2929 assensum
1292 2862 1465 2949 prebentes
1493 2864 1557 2929 hoc
1586 2875 1776 2950 preceptum
1803 2864 1879 2942 inde
1914 2865 2081 2931 conscribi
2102 2877 2134 2924 ao

432 2969 601 3050 iussimus,
630 2975 667 3031 ut
693 2967 821 3052 prelata
848 2965 981 3031 traditio
1004 2966 1099 3032 firma
1122 2965 1315 3052 stabilisque
1337 2976 1538 3053 permaneat.
1583 2967 1684 3033 Manu
1705 2969 1839 3053 propria
1862 2967 1979 3034 subtus
2002 2968 2086 3035 illud

423 3072 633 3146 firmavimus
656 3071 820 3156 anuloque
842 3080 956 3135 nostro
978 3071 1125 3154 insigniri
1147 3071 1312 3136 iussimus.

538 3209 674 3295 Signum
697 3209 808 3274 domni
832 3206 964 3272 Ottonis
990 3209 1054 3290 (M.)
1080 3209 1277 3273 serenissimi
1299 3210 1396 3293 regis.

482 3387 491 3400 ,
537 3315 628 3378 Brun
650 3312 866 3377 cancellarius
890 3310 1042 3376 advicem
1063 3311 1221 3376 Friderici
1246 3311 1524 3399 archicappellani
1545 3314 1723 3397 recognovi
1746 3321 1778 3376 et
1801 3313 1871 3394 (SR
1888 3314 1967 3394 NN.)

535 3451 624 3516 Data
648 3447 709 3517 vir.
726 3437 799 3516 kal.
823 3453 890 3515 ian.
914 3472 1000 3514 anno
1023 3451 1259 3515 incarnationis
1284 3449 1406 3516 domini
1429 3465 1677 3534 nccccxnvmn
1700 3449 1878 3516 indictione
1902 3467 1970 3535 vn,
1994 3473 2084 3517 anuo
2103 3462 2134 3511 2⁵

434 3555 546 3622 domni
569 3553 700 3620 Ottonis
724 3572 809 3637 xr113
833 3564 942 3619 actum
964 3555 1229 3636 Franconeuurt3
1252 3556 1286 3618 in
1309 3553 1361 3618 dei
1383 3554 1515 3619 nomine
1537 3576 1643 3619 amen.

1212 3792 1300 3871 107.

441 3949 522 4025 Otto
546 3948 739 4047 bepoadr‘pt
761 3948 832 4021 deo
846 3949 935 4046 jerat
955 3949 1087 4023 Monet
1106 3948 1344 4048 gewordcoca
1366 3949 1489 4023 Adam
1510 3949 1591 4022 cod
1607 3950 1685 4049 gibt
1704 3949 1778 4023 dam
1799 3949 1858 4023 die
1882 3951 2089 4048 „clericalia

433 4068 740 4168 abqesprocbooea
761 4069 842 4143 aad
862 4067 1085 4166 confiscirtcn
1111 4067 1223 4145 Guar
1244 4069 1386 4144 zaritclr.
1581 4106 1755 4179 ΜΝ
1777 4110 1839 4168 949
1862 4106 1991 4167 Januar
2011 4114 2042 4169 1.

535 4296 688 4367 aoscaast
715 4296 765 4356 des
793 4302 845 4357 17.
869 4296 923 4356 Jb.
952 4298 995 4355 im
1022 4296 1214 4368 Stiltsorclria
1234 4314 1275 4354 aa
1297 4295 1473 4356 Eimicdebr
1494 4292 1554 4374 (C).
1585 4329 1628 4339 —
1656 4295 1930 4356 Bostaris-Bacis
1951 4315 2011 4358 aas
2033 4298 2088 4358 der
2105 4309 2139 4358 ³0

535 4405 630 4460 ersten
652 4399 758 4471 Hdlfte
779 4400 830 4460 des
852 4402 902 4460 15.
923 4399 975 4460 Jb.
999 4399 1110 4460 abendo
1132 4399 1145 4479 (
1174 4397 1196 4478 ).

534 4541 708 4599 Hammeum
736 4538 817 4598 Aac.
846 4539 968 4597 Hercmi
991 4539 1033 4598 53
1059 4539 1298 4598 roohrsolrcialict
1326 4556 1383 4598 aas
1407 4535 1438 4599 0.
1473 4573 1515 4582 —
1548 4538 1691 4597 Placidus
1718 4538 1868 4597 Reimarus
1896 4537 1970 4597 Doc.
2004 4541 2087 4599 arch.

534 4643 663 4702 marat.
687 4645 724 4713 2,
747 4646 771 4703 2
795 4645 874 4703 n⁰2
900 4641 1139 4700 wabrscheiolr'clr
1161 4659 1217 4702 aaa
1241 4640 1272 4702 0.
1301 4675 1344 4686 -
1376 4642 1505 4702 [l'schuds'
1530 4641 1633 4701 Gallia
1660 4645 1774 4700 commo
1795 4644 1856 4701 311
1881 4641 2007 4715 Fragor.
2032 4647 2089 4702 mit

536 4745 753 4804 ubwer'cbeadcr
773 4745 854 4802 nicht
876 4745 1046 4818 ocrbdrqter
1059 4745 1229 4818 Do-tr'raaq:
1252 4761 1299 4806 1x.
1324 4747 1381 4805 kal.
1407 4746 1479 4806 febr.
1572 4745 1630 4804 ind.
1654 4759 1714 4816 vn,
1738 4761 1803 4804 ar.
1827 4758 1902 4805 x111.
1926 4778 1970 4788 —
1993 4746 2091 4806 Liber

534 4851 656 4909 Hercmr'
678 4852 712 4908 ia
731 4848 1012 4919 Gesclrtchtssrcund
1027 4849 1053 4907 d.
1073 4849 1153 4920 [ctos
1167 4848 1282 4920 Orte1‚
1299 4853 1361 4909 104
1385 4849 1473 4908 Extr.
1497 4881 1539 4891 —
1561 4848 1691 4907 Bdlrmer
1704 4848 1778 4921 nep.
1794 4850 1866 4907 160.
1890 4880 1933 4890 -
1957 4849 2092 4924 Stumps
2106 4871 2140 4919 35

534 4955 605 5027 Rea.
631 4957 704 5014 171.
727 4985 771 4997 -
793 4953 909 5013 Hidber
930 4954 1003 5026 aeq.
1027 4954 1121 5012 1033.

536 5090 599 5150 Voa
620 5090 688 5152 BA.
712 5090 823 5151 dictirt.

637 5278 676 5343 ln
698 5279 830 5342 nomine
855 5286 988 5341 sanctae
1011 5286 1044 5342 et
1065 5275 1255 5342 individuae
1277 5279 1441 5343 trinitatis.
1481 5275 1560 5342 Otto
1585 5276 1696 5342 divina
1709 5276 1890 5342 auxiliante
1906 5273 2092 5344 clementia

431 5403 501 5446 rex.
589 5382 725 5447 Noverit
749 5383 893 5446 omnium
915 5380 1060 5446 fidelium
1081 5389 1268 5446 nostrorum
1296 5382 1517 5466 praesentium
1540 5402 1639 5466 quam
1661 5381 1759 5443 etiam
1781 5379 1964 5444 futurorum
1991 5402 2093 5466 saga-

433 5486 525 5569 citas,
549 5486 688 5572 qualiter
708 5507 771 5550 nos
793 5507 853 5570 pro
876 5484 1019 5550 remedio
1043 5486 1172 5549 animae
1194 5493 1326 5550 nostrae
1348 5483 1401 5548 vel
1424 5485 1523 5549 etiam
1539 5482 1770 5548 dilectissimae
1785 5481 1932 5566 coniugis
1947 5493 2094 5551 nostrae
2113 5506 2150 5556 ao

520 5655 578 5710 loe.
606 5654 723 5726 [Siekcll.
