4546 6420
444 417 510 482 624
1021 421 1494 481 ‘KAISERURKUNDER

445 609 538 671 66166
561 605 613 670 hic
637 611 703 668 est:
737 625 758 668 a
780 602 1024 688 septentrionali
1048 611 1141 687 parte
1164 603 1280 687 incipit
1309 625 1329 666 a
1350 601 1423 668 loco
1448 603 1503 688 qui
1527 601 1645 668 dicitur
1667 603 1889 684 Rotilianus,
1926 597 2038 663 simul
2063 619 2140 661 cum

445 717 515 772 1616
540 705 667 771 Guasto
689 704 745 770 ubi
770 713 845 770 sunt
868 703 955 770 mille
978 703 1080 770 millia
1102 705 1248 774 modiola
1269 715 1364 784 terre,
1388 716 1420 771 61
1441 709 1614 772 revertitur
1636 706 1680 771 ad
1703 702 1974 771 occidentalem
2001 713 2137 787 partem

445 833 503 896 per
517 810 659 874 medium
680 808 789 874 locum
805 807 933 894 Popleti
956 818 988 873 61
1012 809 1058 874 616
1082 811 1257 894 pertransit
1279 831 1338 894 per
1353 807 1591 875 Triculioluml‘
1613 820 1645 874 61
1667 832 1724 895 666
1747 808 1990 874 medietatem
2010 805 2140 870 Forulc

445 914 500 979 ubi
531 925 606 980 sunt
634 912 722 978 mille
752 912 895 979 mediola
924 912 965 977 de
995 921 1096 989 16666,
1128 934 1191 998 666
1220 921 1332 977 166661
1359 933 1462 998 66666
1491 913 1535 978 ad
1563 923 1713 978 sanctum
1737 911 1981 990 Silvestrum,
2017 908 2141 974 deinde

445 1019 562 1084 transit
587 1040 645 1102 per
666 1016 835 1082 Vilianum
856 1016 1026 1102 usquead
1050 1026 1198 1081 sanctum
1222 1014 1423 1100 Stephanum
1453 1039 1526 1080 cum
1556 1015 1669 1081 decem
1696 1014 1854 1081 millibus
1890 1010 2070 1078 modiolis
2101 1010 2174 1075 deo

446 1131 533 1186 terra
552 1142 657 1205 66666
680 1120 723 1184 ad
746 1129 889 1185 montem
914 1141 1010 1204 super
1025 1119 1155 1184 Petram
1171 1129 1351 1202 cornutam,
1376 1118 1492 1184 deinde
1515 1122 1633 1185 transit
1655 1142 1713 1205 per
1730 1118 1981 1184 meridianam
2004 1125 2141 1201 partem

446 1247 504 1310 per
533 1235 677 1290 montem
705 1222 975 1289 86116116166616ο
1004 1233 1037 1288 61
1070 1245 1128 1308 666
1155 1223 1273 1288 6611616
1304 1223 1448 1287 Felicem
1480 1223 1534 1307 qui
1567 1243 1642 1285 cum
1674 1223 1763 1286 omni
1800 1243 1873 1286 666
1909 1219 2141 1304 possessione

447 1330 610 1412 pertinens
634 1336 683 1392 est
706 1325 810 1390 eidem
833 1327 1053 1411 episcopatui,
1083 1336 1116 1390 61
1146 1325 1309 1410 egreditur
1331 1347 1406 1390 cum
1428 1325 1491 1390 hoc
1514 1324 1578 1388 fine
1600 1346 1703 1409 usque
1726 1325 1773 1389 ad
1798 1323 1996 1388 Roborem
2025 1323 2142 1406 sicque

446 1433 618 1496 revertitur
640 1431 683 1495 ad
706 1428 896 1494 orientalem
919 1428 1051 1514 plagam
1074 1430 1294 1513 pertransiens
1317 1428 1530 1495 Ansedonam
1553 1430 1718 1493 civitatem
1747 1438 1784 1492 61
1818 1429 1948 1512 pergit
1973 1449 2043 1512 per
2066 1425 2140 1489 Ble-

446 1531 587 1600 tinium‘l
609 1543 752 1600 montem
776 1556 878 1619 usque
901 1533 1076 1614 Barizanu,
1107 1532 1171 1597 duo
1195 1531 1297 1597 millia
1320 1531 1465 1598 modiola
1493 1531 1534 1596 de
1557 1541 1642 1596 terra
1665 1553 1727 1617 que
1750 1531 1914 1596 tendunt
1948 1551 2067 1616 66666
2099 1529 2141 1594 ad
2161 1547 2187 1592 16

447 1637 555 1702 locum
579 1639 633 1723 qui
657 1637 774 1703 dicitur
795 1635 919 1719 Vadas,
945 1645 976 1702 et
1000 1637 1046 1700 sic
1069 1637 1240 1700 revertitur
1262 1634 1305 1699 ad
1328 1637 1468 1721 priorem
1491 1635 1599 1700 finem.
1642 1634 1750 1700 Jubeo
1777 1657 1847 1716 ego
1877 1636 2086 1718 imperator
2108 1643 2143 1698 61

447 1742 532 1805 16166
555 1739 615 1805 hos
637 1741 719 1804 fines
741 1761 807 1804 666
823 1739 1007 1805 dominetur
1028 1739 1112 1803 alter
1126 1741 1300 1825 episcopus
1322 1761 1427 1825 neque
1443 1761 1552 1803 661666
1570 1739 1632 1802 nisi
1651 1747 1781 1804 tantum
1800 1740 2010 1823 episcopus
2034 1737 2143 1802 666611

446 1843 594 1908 Maximi.
639 1842 756 1908 Adhuc
786 1843 1002 1906 161661666611
1031 1841 1093 1905 6116
1122 1844 1208 1926 66116
1237 1841 1277 1906 de
1305 1851 1392 1906 terra
1415 1839 1585 1907 Adselicif
1611 1863 1672 1926 que
1701 1840 1854 1906 tendunt
1881 1862 2005 1926 usque
2041 1862 2144 1925 supra

446 1947 647 2031 Paganicam
675 1957 707 2012 61
735 1968 837 2032 66666
866 1948 899 2010 16
930 1945 1154 2030 supradictum
1177 1945 1307 2011 Vadam
1336 1955 1368 2010 61
1396 1968 1499 2032 66666
1529 1968 1627 2031 66666
1649 1946 1862 2027 Picentiam,
1901 1947 1941 2009 in
1969 1967 2044 2030 quo
2078 1945 2143 2008 fine

447 2060 522 2114 6661
544 2048 631 2113 mille
654 2048 798 2114 modiola
821 2048 861 2113 de
876 2059 973 2130 16666,
996 2059 1028 2114 61
1050 2049 1084 2112 16
1105 2051 1169 2114 1616
1186 2047 1301 2113 codem
1323 2048 1388 2114 fine
1410 2051 1603 2114 interiacet⁶
1627 2047 1769 2113 ecclesia
1786 2059 1922 2113 666616
1941 2047 2141 2133 Ε661161616
2161 2067 2187 2114 15

447 2174 521 2217 666
550 2154 732 2237 6616666116
760 2152 913 2217 modiolis
942 2151 982 2217 de
1013 2163 1115 2236 16666,
1142 2153 1188 2218 ibi
1218 2155 1317 2217 etiam
1346 2163 1395 2217 est
1423 2153 1564 2218 ecclesia
1594 2154 1699 2218 sancti
1721 2153 1859 2218 Justini
1896 2163 1935 2217 61
1961 2152 2144 2216 ccclesiag

447 2265 557 2320 666616
579 2257 683 2322 Μ6616
706 2257 747 2321 (16
769 2257 936 2341 Paganica
958 2279 1033 2320 cum
1055 2257 1209 2322 trecentis
1239 2255 1390 2321 modiolis
1420 2256 1459 2320 dc
1482 2266 1583 2338 terra,
1618 2256 1712 2320 simul
1742 2278 1827 2320 cum
1864 2255 1944 2320 alia
1978 2256 2079 2340 petia
2103 2255 2143 2320 de

447 2367 532 2422 terra
560 2358 616 2424 ubi
644 2361 818 2445 requiescit
847 2382 966 2445 corpus
988 2359 1084 2424 beate
1106 2358 1201 2424 Juste
1232 2381 1329 2445 super
1356 2359 1445 2424 illum
1472 2368 1670 2424 montemet
1694 2381 1797 2444 66666
1829 2358 1943 2424 111616
1970 2357 2144 2445 6661616ΙΙ

447 2468 478 2523 61
501 2460 561 2525 sub
584 2461 641 2526 illo
665 2473 774 2527 monte
797 2473 847 2528 661
868 2462 1027 2528 medietas
1050 2464 1165 2546 ipsius,
1189 2485 1251 2548 que
1267 2461 1362 2528 ambe
1385 2471 1468 2526 terre
1491 2459 1707 2548 protendunti
1731 2485 1778 2526 cx
1798 2462 1954 2528 duabus
1983 2463 2143 2548 partibus

446 2585 549 2649 usqua
578 2565 611 2628 in
633 2588 753 2650 aquam
776 2589 850 2631 cum
873 2565 1022 2632 ducentis
1052 2566 1204 2631 modiolis
1228 2567 1268 2632 de
1291 2575 1393 2649 terra,
1424 2566 1518 2631 simul
1543 2589 1616 2631 cum
1645 2568 1717 2650 ipso
1741 2566 1916 2651 poggio1¹
1944 2569 2190 2654 6616666666

446 2668 519 2751 1666
542 2677 601 2750 661,
624 2671 814 2754 quaomnia
839 2667 928 2734 sintk
951 2669 1088 2734 ecclesie
1112 2671 1217 2734 666611
1233 2669 1381 2734 Maximi.
1421 2668 1576 2734 Similiter
1598 2668 1744 2734 concedo
1764 2669 1889 2735 eidem
1917 2671 2143 2756 episcopatui

447 2772 509 2834 tria
531 2770 632 2836 millia
654 2771 799 2838 modiola
821 2782 984 2858 terreque
1007 2774 1167 2858 incipiunt
1188 2773 1222 2836 in
1245 2771 1301 2836 illo
1324 2772 1397 2836 loco
1421 2773 1477 2837 ubi
1493 2794 1613 2857 corpus
1630 2772 1734 2835 sancti
1753 2772 1917 2837 Eusanii
1938 2775 2143 2859 requiescit,

447 2882 479 2936 61
501 2873 699 2959 6661661661
728 2897 832 2960 66666
860 2875 904 2940 ad
933 2875 1042 2941 locum
1065 2876 1119 2960 qui
1141 2874 1247 2939 Vallis
1271 2873 1389 2940 dicitur
1416 2885 1449 2940 61
1473 2897 1576 2966 usquc
1603 2877 1636 2940 in
1665 2875 1758 2939 illum
1789 2875 1921 2941 locum
1950 2879 2017 2963 qui
2044 2877 2145 2943 Serra

447 2969 603 3058 6666166,
632 2985 664 3040 61
693 2976 931 3061 protenduntur
958 3000 1062 3064 usque
1092 3001 1189 3064 super
1211 2978 1383 3044 ecclesiam
1407 2981 1511 3044 sancti
1534 2979 1657 3046 Sauini.
1702 2981 1748 3044 Et
1780 2979 1910 3046 adhuc
1937 2981 2051 3048 trado
2077 2985 2144 3047 iam

449 3075 534 3142 dicte
557 3079 694 3144 ecclesie
717 3089 782 3144 1666
805 3082 910 3165 661166
933 3090 1017 3146 terre
1040 3083 1073 3145 in
1096 3083 1253 3146 comitatu
1267 3080 1454 3147 Marsicano
1477 3084 1631 3163 iacentes,
1655 3106 1797 3170 quarum
1824 3108 1905 3150 una
1927 3098 1988 3152 est
2005 3087 2142 3152 Maren-
2159 3101 2188 3148 61

448 3180 515 3246 tino
544 3205 606 3267 qus
636 3185 779 3247 continet
809 3185 842 3246 in
871 3205 906 3247 se
928 3181 1073 3248 modiola
1101 3193 1262 3268 16666616,
1294 3187 1386 3250 66166
1415 3186 1496 3252 fines
1525 3210 1567 3252 cx
1598 3186 1723 3252 duabus
1754 3190 1930 3272 partibus
1967 3201 2026 3256 661
2056 3202 2145 3258 terra

447 3283 555 3368 Elpici
584 3295 616 3351 et
645 3310 687 3350 ex
718 3287 791 3352 aliis
821 3286 947 3352 duabus
977 3287 1125 3373 partibus
1155 3299 1204 3353 est
1231 3291 1428 3354 territorium
1455 3298 1603 3356 sanctum
1627 3289 1807 3374 Sauinum;
1845 3294 2022 3360 secunda
2054 3298 2144 3380 petia

447 3388 533 3452 iacet
560 3391 593 3452 in
620 3389 695 3453 loco
726 3389 781 3454 ubi
812 3391 981 3455 edificatus
1011 3401 1060 3456 cst
1089 3401 1220 3457 sanctus
1250 3393 1444 3476 Marcellus,
1478 3417 1540 3480 que
1569 3394 1714 3464 similiter
1743 3397 1912 3462 continet
1938 3400 1980 3462 in
2010 3422 2051 3464 se
2075 3422 2144 3464 mo-

448 3490 535 3556 diola
564 3502 694 3558 centum
723 3503 756 3558 et
784 3496 1000 3579 piscationem
1028 3495 1114 3560 infra
1143 3518 1263 3582 aquam
1294 3497 1410 3561 Fucini
1439 3497 1527 3561 mille
1557 3497 1659 3563 millia
1688 3497 1791 3562 destri
1819 3511 1859 3565 et
1885 3524 1956 3586 per
1992 3503 2143 3589 longitu-

447 3593 555 3659 dinem
577 3618 679 3682 usque
702 3598 735 3660 in
757 3597 932 3662 Paternum
956 3606 1030 3661 6661
1052 3597 1165 3662 decem
1188 3599 1289 3663 millia
1317 3599 1433 3682 destri‚
1466 3601 1557 3664 cuius
1580 3600 1652 3664 finis
1676 3608 1725 3664 est
1750 3600 1792 3664 de
1819 3602 1945 3668 tribus
1979 3607 2140 3692 partibus
2158 3623 2188 3668 so

446 3707 533 3762 terra
562 3697 660 3784 Apici
688 3709 721 3764 et
748 3698 789 3764 de
818 3699 1024 3766 consortibus
1053 3703 1121 3764 eius
1151 3711 1183 3764 et
1211 3724 1252 3766 ex
1281 3713 1397 3787 quarta
1426 3713 1518 3789 parte
1545 3715 1630 3769 terre
1659 3702 1803 3767 aliorum
1830 3706 2048 3791 hominum,
2083 3710 2142 3776 sed

447 3810 480 3864 61
508 3800 549 3865 de
579 3824 665 3888 aqua
689 3805 834 3888 precipio
867 3813 903 3867 61
932 3806 1126 3889 quicumque
1159 3802 1204 3867 ibi
1238 3805 1415 3888 piscaverit
1448 3828 1575 3891 semper
1603 3805 1643 3870 de
1677 3807 1819 3890 triginta
1859 3812 2035 3894 piscibus
2068 3836 2141 3899 666-

448 3903 535 3968 dicto
559 3907 763 3991 episcopatui
786 3929 885 3971 unum
907 3906 1039 3988 reddat3
1072 3908 1168 3971 tertia
1197 3909 1286 3993 petia
1314 3910 1505 3974 1666616661
1528 3909 1561 3973 in
1584 3909 1656 3973 loco
1679 3908 1850 3976 Felimine
1879 3936 1954 3998 666
1982 3921 2142 3982 66611661

447 4009 480 4071 16
504 4031 539 4072 66
566 4008 710 4074 modiola
733 4020 1020 4096 quatuorcentnm‚
1051 4010 1143 4075 cuius
1173 4010 1254 4075 fines
1279 4013 1324 4075 sic
1348 4014 1567 4077 continentur:
1598 4012 1638 4076 de
1666 4033 1730 4076 666
1760 4023 1865 4097 66616
1892 4027 1955 4082 661
1982 4021 2140 4086 Fucinus

448 4132 521 4174 cum
545 4133 604 4177 sua
626 4114 817 4197 piscatione,
840 4115 873 4178 in
896 4136 959 4199 quo
983 4116 1178 4201 quicumque
1202 4117 1377 4200 piscaverit
1399 4115 1516 4181 reddat
1537 4127 1573 4181 61
1590 4115 1715 4181 ‘dictum
1740 4127 1792 4182 est
1821 4125 2011 4206 superius,
2036 4135 2072 4190 61
2096 4149 2139 4190 ex
2156 4143 2185 4192 61

448 4212 513 4276 6116
535 4223 629 4299 66616
652 4225 701 4280 661
723 4225 810 4281 16666
825 4217 958 4282 Luidini
981 4227 1075 4282 etex
1094 4219 1189 4282 tertia
1211 4227 1304 4303 66616
1328 4227 1377 4283 661
1394 4221 1449 4284 via
1472 4228 1504 4283 61
1526 4241 1569 4282 ex
1591 4216 1712 4283 altera¹
1735 4229 1837 4303 parte
1863 4231 1968 4289 terra
1989 4227 2138 4294 aliorum

448 4314 625 4382 hominum.
669 4319 808 4404 Insuper
837 4319 931 4384 trado
956 4320 1142 4406 supradicte
1164 4321 1300 4386 ecclesie
1323 4323 1357 4386 in
1381 4324 1538 4388 comitatu
1560 4321 1688 4408 Aprutii
1718 4323 1753 4384 in
1782 4321 1868 4389 loco
1897 4331 1965 4413 qui
1996 4343 2139 4398 6666166

447 4419 626 4486 Flavianus
655 4433 791 4487 vocatur
819 4446 919 4490 unum
948 4435 1079 4509 portum
1108 4427 1163 4510 qui
1193 4425 1309 4490 reddat
1337 4435 1466 4491 centum
1496 4424 1642 4511 pondera
1670 4429 1755 4490 inter
1783 4450 1918 4495 aurum
1952 4444 1991 4499 61
2016 4457 2139 4520 argen-

430 4530 515 4586 'tum
544 4531 576 4587 61
604 4526 701 4589 61166
735 4525 856 4590 ferrum
890 4536 922 4590 61
952 4527 1019 4609 661,
1054 4530 1108 4614 661
1141 4539 1253 4614 666166
1284 4533 1429 4595 66611661
1462 4531 1548 4596 infra
1582 4553 1616 4596 66
1647 4530 1788 4615 6616666
1824 4533 1946 4622 millia
1981 4539 2140 4605 modiola

446 4626 529 4689 inter
546 4634 665 4690 terram
688 4637 720 4691 61
742 4650 861 4712 aquam
884 4629 969 4694 intra
992 4653 1090 4696 mare.
1135 4632 1291 4698 Similiter
1313 4637 1347 4699 in
1370 4635 1501 4698 civitate
1523 4634 1565 4699 de
1587 4632 1709 4697 Aterno
1733 4633 1826 4698 dono
1855 4649 2005 4723 septem
2028 4642 2138 4708 millia
2155 4659 2185 4706 16

447 4728 592 4793 modiola
615 4739 698 4794 terre
727 4752 801 4795 cum
831 4734 944 4817 quinta
972 4743 1065 4818 66616
1093 4735 1179 4801 111166
1211 4748 1324 4823 666166
1355 4747 1490 4810 etcum
1513 4739 1626 4823 quinta
1655 4745 1747 4823 parte
1769 4737 1885 4822 ipsius
1914 4746 2082 4812 civitatis
2106 4755 2139 4810 et

448 4853 523 4895 cum
546 4833 657 4917 quinta
680 4843 772 4918 parte
795 4835 906 4900 tributi
930 4838 1033 4920 ipsius
1056 4840 1198 4904 civitatis
1222 4850 1254 4904 61
1277 4842 1375 4906 etiam
1398 4839 1544 4905 modiola
1558 4842 1736 4927 quingenta
1759 4843 1795 4904 in
1820 4851 2016 4933 terraque
2034 4873 2138 4915 voca·

448 4945 500 4998 tur
517 4932 751 5019 Columenter,
775 4939 867 5002 cuius
889 4939 964 5002 finis
988 4941 1036 5005 sic
1057 4951 1123 5006 est:
1153 4943 1194 5009 de
1217 4942 1345 5008 duabus
1374 4943 1522 5030 partibus
1546 4953 1595 5007 est
1617 4952 1703 5008 terra
1725 4941 1854 5010 Tofani
1868 4955 1884 4984 ¹¹
1920 4959 1959 5014 61
1986 4975 2034 5016 ex
2061 4951 2137 5017 aliis

449 5036 575 5101 duabus
599 5039 746 5123 partibus
770 5049 855 5104 terra
878 5041 1016 5108 aliorum
1039 5044 1214 5109 hominum.
1251 5045 1305 5109 Do
1326 5044 1433 5110 adhuc
1452 5054 1556 5110 totum
1575 5044 1745 5110 castellum
1764 5045 1809 5110 de
1825 5047 1947 5134 Roga,
1974 5058 2137 5141 exceptis

447 5148 534 5203 terra
563 5140 718 5206 Attonis⁰
748 5151 780 5207 61
810 5142 977 5209 Guinisiil’
1008 5155 1041 5210 et
1068 5147 1206 5213 aliorum
1233 5151 1394 5214 minorum
1424 5149 1607 5232 hominum,
1638 5149 1711 5214 finis
1740 5152 1841 5216 cuius
1873 5158 2025 5224 castelli
2059 5183 2137 5225 cnm
2155 5178 2184 5226 11

447 5241 527 5308 villa
550 5267 609 5309 666
631 5254 721 5313 16661
742 5270 846 5333 66666
869 5248 912 5314 ad
928 5249 1103 5315 Mozanum
1127 5254 1219 5316 iuxta
1242 5251 1533 5317 1661616Α1166160
1556 5263 1588 5317 61
1609 5274 1711 5338 66666
1729 5251 1773 5316 ad
1791 5267 1964 5325 sanctam
1984 5262 2135 5328 Mariam

533 5465 591 5518 tta.
619 5469 646 5537 b)
669 5470 844 5521 Tsiculiolum
867 5470 889 5522 0
1000 5476 1024 5536 6)
1047 5475 1244 5527 Srrcclinianum
1269 5476 1293 5528 0
1401 5477 1428 5540 d)
1450 5478 1595 5528 Blesimum
1618 5476 1641 5527 0
1730 5478 1776 5556 j)
1798 5479 1877 5530 16166
1906 5486 2024 5550 166661,
2060 5492 2133 5541 16166

619 5556 726 5607 166610
817 5557 837 5624 1)
856 5559 944 5623 petiae
956 5565 1041 5611 terrae
1053 5561 1201 5612 AstaticiO
1292 5565 1319 5630 g)
1342 5561 1369 5624 0,
1381 5561 1451 5625 felrlt
1462 5564 1491 5612 16
1503 5563 1529 5612 Β
1625 5561 1694 5627 h)0‚
1713 5567 1785 5629 6616,
1808 5551 1877 5630 poio
1901 5569 1932 5619 B
2032 5577 2054 5640 i)
2073 5593 2132 5642 pra-

620 5624 755 5676 6616610
837 5626 864 5694 k)
885 5626 938 5677 ΒΟ
1019 5630 1039 5692 l)
1058 5630 1152 5682 61160
1233 5630 1493 5698 61)(161161666160
1576 5635 1604 5697 6)
1623 5633 1716 5682 7161661
1732 5631 1756 5683 0
1845 5637 1875 5699 6)
1897 5639 2032 5704 Antonia,
2054 5647 2131 5707 asro,

619 5693 713 5745 Antoni
733 5693 758 5744 0
848 5694 875 5762 6)
897 5695 924 5758 0,
944 5696 1064 5748 (16661611
1083 5699 1117 5750 Β.
1720 5713 1722 5720 ’
2146 5709 2177 5756 10
