4576 6428
896 410 1021 468 orno
1044 413 1067 467 1.
1092 408 1164 466 ser.
1544 453 1546 458 a
1790 402 1853 468 375
1960 387 1961 390 ‘

207 609 387 660 testimonium
409 609 541 658 bonorum
562 607 698 657 hominum
720 606 983 656 circummanentium
1006 621 1034 656 se
1057 605 1204 668 defendere,
1227 608 1297 656 iuste
1319 611 1346 657 et
1367 606 1489 672 legaliter
1511 608 1571 657 illae
1594 624 1635 659 res
1657 609 1692 659 sd
1714 610 1852 662 ecclesiam

208 714 353 778 pertinere,
383 717 410 762 et
431 712 469 762 sic
491 709 596 762 easdem
620 725 661 761 res
684 709 719 760 ud
740 711 783 760 ius
805 714 832 760 et
854 709 999 758 dominium
1022 709 1149 760 ecclesiae
1172 707 1288 760 redeant.
1332 692 1368 759 Si
1391 697 1463 781 quis
1485 695 1581 761 huius
1603 707 1714 783 1108qu
1737 699 1854 764 confir-

207 802 361 867 mationis
384 808 573 886 preceptum
595 799 770 884 infringere
792 797 845 862 vel
866 797 990 862 violare
1013 799 1221 880 temptaverit
1244 806 1276 862 et
1297 795 1442 883 predicte
1465 798 1623 864 ecclesiae
1645 800 1732 865 beati
1751 801 1853 866 Bene·

207 904 286 969 dicti
302 913 446 970 rectores
461 925 501 966 ac
517 913 665 988 pastores
681 900 731 965 vel
748 922 860 966 eorum
875 902 993 966 missos
1011 921 1068 963 seu
1084 899 1211 986 aliquos
1233 900 1382 965 homines
1405 902 1484 986 ipsis
1508 904 1704 987 pertinentes
1727 905 1855 969 distrin-

173 1025 189 1074 5
208 1009 291 1092 gerit
311 1016 369 1071 aut
390 1005 534 1094 aliquem
556 1004 746 1070 violentiam
769 1003 893 1084 fecerit,
917 1004 1000 1067 sciat
1022 1025 1057 1067 sc
1080 1005 1337 1088 compositurum
1360 1006 1431 1068 auri
1455 1007 1568 1090 optimi
1589 1005 1690 1070 libras
1713 1017 1853 1090 centum,

205 1109 414 1176 medietatem
447 1109 579 1192 kamere
612 1116 722 1190 nostre
751 1115 784 1170 et
811 1105 1018 1184 medietatem
1053 1105 1179 1190 prefato
1213 1107 1393 1174 venerabili
1427 1108 1539 1174 abbati
1562 1108 1695 1174 Alierno
1724 1119 1757 1174 et
1783 1113 1853 1175 eius
1951 1141 1952 1146 ¹

208 1210 453 1278 successoribus
476 1212 531 1296 qui
554 1231 613 1295 pro
637 1219 782 1294 tempore
804 1208 925 1274 fuerint
946 1216 1088 1273 rectores
1112 1208 1257 1275 eiusdem
1280 1212 1448 1278 ecclesiae.
1485 1211 1582 1294 Quod
1604 1223 1639 1279 ut
1653 1215 1762 1280 verius
1786 1237 1853 1279 cre-

207 1316 304 1381 datur
325 1325 358 1379 et
373 1313 561 1398 diligentius
584 1311 626 1378 ab
651 1310 801 1377 omuibus
825 1311 1024 1394 observetur,
1048 1313 1202 1378 iussimus
1224 1315 1299 1380 inde
1322 1315 1384 1380 hoc
1407 1338 1540 1402 presens
1564 1327 1753 1403 preceptum
1776 1340 1853 1383 con-

206 1418 399 1484 firmationis
422 1414 585 1482 conscribi
609 1415 771 1500 anuloque
794 1423 905 1480 nostro
931 1412 1076 1498 sigillari,
1099 1437 1199 1481 manu
1221 1419 1354 1503 propria
1377 1417 1721 1484 subterfirmavimus.

156 1563 188 1610 10
307 1553 322 1640 Ξ
344 1553 482 1640 Signum
505 1554 614 1619 domni
639 1550 770 1617 Ottonis
793 1552 904 1636 magni
927 1560 960 1615 et
981 1551 1185 1616 invictissimi
1211 1553 1275 1634 (M.)
1299 1555 1504 1639 imperatoris
1528 1557 1668 1639 augusti.
1691 1557 1705 1638 ξ

308 1655 532 1740 8Liutge1ius
555 1654 771 1720 cancellarius
794 1651 944 1719 advicem
965 1652 1127 1718 Uuidonis
1151 1656 1297 1740 episcopi
1321 1666 1352 1720 et
1375 1656 1654 1723 archicancellarii
1676 1660 1851 1742 recognovi

207 1768 240 1823 et
261 1759 451 1844 subscripsi.
473 1758 488 1838 l
1515 1821 1518 1828 ,
1727 1762 1783 1842 (SI.
1808 1762 1851 1841 3.)

309 1895 398 1960 Date
426 1913 486 1960 ΧΠ.
516 1894 585 1959 kal.
615 1903 709 1958 mart.
741 1915 827 1958 anno
859 1891 1042 1958 dominicae
1072 1894 1305 1958 iucarnationis
1327 1910 1557 1979 Dccccnxmr,
1591 1896 1769 1961 indictione
1792 1913 1852 1980 vn,

206 2019 291 2062 anno
314 1998 441 2085 imperii
464 2000 574 2082 magni
591 1997 722 2062 Ottonis
744 1998 950 2082 imperatoris
974 1997 1103 2081 augusti
1126 2013 1183 2079 1113
1207 2007 1314 2062 actum
1331 2000 1363 2061 in
1379 1997 1459 2063 villa
1474 1999 1614 2064 Paterno
1637 2001 1671 2064 in
1693 2003 1852 2064 comitatu

157 2111 189 2158 rt
206 2101 394 2186 Pennense3
416 2101 554 2166 feliciter
575 2124 680 2166 amen.

988 2275 1073 2349 263.

215 2427 294 2504 Otto
322 2431 482 2529 testeript
507 2430 587 2504 dem
604 2429 769 2504 Bistltow
795 2430 958 2504 Marsica
991 2429 1061 2503 den
1080 2429 1323 2522 Bese’tzstawd,
1361 2430 1419 2504 die
1437 2431 1651 2504 immunitus
1682 2431 1762 2504 wwd
1786 2431 1853 2504 dus

205 2549 537 2646 Inquisitiooseecbt
567 2549 648 2623 wod
671 2549 810 2624 scbewlrt
836 2549 916 2623 dem
941 2550 1107 2650 Biscbrrfh
1136 2550 1320 2624 Albericws
1353 2551 1433 2625 uwd
1458 2551 1579 2624 dessew
1604 2551 1853 2650 Nocbfolpewt

206 2669 272 2744 dos
289 2669 432 2744 Klostcr
449 2670 606 2744 Barnea.
1359 2693 1488 2751 Paterno
1511 2695 1573 2752 964
1596 2693 1735 2750 Februer
1759 2693 1808 2751 19.

154 2868 188 2916 20
307 2861 429 2934 Diplowt
461 2859 677 2934 eweisellwster
703 2861 831 2935 Geltwnp
860 2862 903 2920 im
925 2860 1051 2922 Arcttw
1079 2861 1129 2922 des
1156 2863 1358 2934 biscbdllielww
1384 2863 1650 2923 Generoleicoricts
1679 2883 1719 2923 ew
1740 2864 1853 2924 Puder-

307 2965 380 3024 bom
402 2962 465 3042 (A).

307 3100 435 3176 Stwnps
454 3101 528 3162 Aeta
549 3101 627 3161 iwed.
652 3105 713 3162 714
736 3108 770 3161 w⁰
792 3103 856 3163 513
878 3119 934 3162 aas
956 3101 994 3163 A.
1021 3137 1059 3147 -
1084 3102 1215 3176 Stawpf
1233 3103 1305 3177 lew.
1329 3107 1417 3164 336⁰.

306 3238 365 3297 Die
388 3238 560 3312 Schewlww
589 3216 645 3298 bow
671 3237 790 3299 Borrea
818 3257 859 3298 ow
886 3240 943 3298 den
968 3242 1139 3313 pewowwtew
1162 3238 1290 3310 Bioehos
1313 3239 1503 3312 querelose
1534 3241 1583 3300 dic
1610 3241 1772 3302 Urltwtdew
1801 3241 1850 3301 des

305 3341 441 3401 Klosters
470 3342 515 3401 als
535 3341 678 3416 Vorlepwt
704 3359 745 3401 ew
772 3344 929 3414 benwtsew,
964 3343 998 3400 iw
1026 3346 1118 3402 erster
1139 3342 1231 3401 Isiwie
1261 3342 1315 3401 dus
1345 3347 1440 3402 owart
1455 3343 1523 3404 DO.
1549 3348 1608 3406 261
1641 3345 1788 3403 erwetlwte
1809 3345 1849 3404 D.

307 3444 436 3518 Intdwip
453 3453 510 3516 IL,
539 3447 678 3504 webewber'
705 3447 775 3505 uber
801 3446 878 3505 owcls
900 3445 954 3505 das
975 3445 1015 3504 D.
1040 3445 1208 3519 Berwware
1230 3445 1294 3504 wad
1315 3445 1482 3507 Atawets.
1519 3448 1625 3507 Dwrclt
1646 3444 1850 3521 Awfwte'quy

307 3550 385 3607 eines
409 3547 556 3622 Owwepts,
579 3549 694 3610 welches
717 3549 798 3608 doww
820 3549 861 3608 It.
880 3547 910 3609 0.
935 3549 1095 3620 mwwtwe,
1118 3549 1242 3608 wwrdew
1263 3548 1311 3606 dte
1332 3547 1400 3608 ΒΟ.
1423 3553 1485 3611 261
1511 3549 1719 3610 ewtstellewdew
1742 3550 1850 3608 Fetler

306 3653 480 3712 vermiedew.
516 3655 559 3712 Es
575 3653 735 3714 waterblieb
750 3651 856 3726 jedoels
878 3651 926 3710 die
945 3651 1151 3726 Velleieltwwy:
1174 3652 1228 3711 dos
1243 3651 1398 3710 Hawdmal
1418 3655 1458 3712 ist
1480 3653 1560 3712 wicht
1582 3655 1637 3711 wit
1659 3651 1724 3710 dem
1740 3652 1851 3710 Mittel·

307 3755 412 3813 ballww
433 3757 569 3815 verselew
590 3755 709 3816 worden
729 3756 793 3815 wad
809 3756 1022 3815 sesterces
1042 3756 1170 3815 Verswcls
1191 3755 1243 3814 cler
1258 3755 1453 3830 Besieqelww
1473 3756 1604 3830 gemacht
1626 3755 1753 3815 worden.
1783 3756 1852 3815 Ver-

307 3859 449 3918 mwtltlicls
469 3861 510 3919 ist
531 3859 609 3919 disse
631 3858 851 3934 Awssertipww
874 3857 967 3918 duret
989 3860 1053 3918 eiwe
1074 3858 1183 3918 cedere
1206 3861 1311 3919 ersetet
1333 3860 1451 3919 worden
1473 3860 1590 3931 welche,
1620 3861 1674 3918 we
1695 3857 1763 3918 DO.
1788 3861 1852 3918 396

307 3962 406 4035 besopt
427 3959 492 4040 (tul.
516 3963 593 4020 owcls
613 3962 722 4021 Leonis
747 3960 852 4023 Otron.
877 3967 911 4022 tw
933 3963 987 4025 SS.
1012 3969 1040 4036 7,
1065 3961 1154 4042 631),
1185 3964 1233 4022 die
1256 3963 1430 4039 Schewkww
1456 3965 1518 4037 uwf
1536 3965 1585 4022 die
1606 3963 1779 4023 Lebwsseeit
1801 3963 1852 4022 des

307 4062 447 4134 Biselofs
469 4064 666 4124 besetrdwltte.
695 4065 980 4141 Dossenwwpeachtet
1002 4067 1114 4126 sctetwt
1134 4069 1177 4126 sie
1192 4067 1258 4126 slew
1273 4068 1451 4128 Desttwutttr
1465 4066 1631 4143 auspefolpt
1645 4065 1762 4126 worden
1776 4067 1849 4126 sein.

306 4232 364 4314 (Ο.)
385 4229 399 4316 ξ
420 4232 460 4297 In
474 4234 607 4299 nomine
630 4242 763 4298 sanctae
786 4245 818 4299 et
840 4235 1028 4300 individuae
1051 4237 1215 4300 trinitatis.
1255 4235 1333 4302 Otto
1358 4237 1469 4302 diviua
1492 4245 1656 4303 annuente
1678 4236 1850 4301 elementia

205 4337 383 4422 imperator
414 4347 581 4423 augustus.
684 4351 713 4402 Si
735 4367 798 4420 erge
825 4353 886 4403 loca
913 4353 1010 4403 divinis
1038 4353 1156 4404 cultibus
1183 4356 1334 4420 mancipata
1355 4361 1463 4421 propter
1485 4370 1600 4407 amorem
1623 4353 1666 4406 dei
1688 4349 1804 4420 eisque⁸
1824 4355 1853 4402 iu

206 4453 305 4506 eisdem
331 4455 398 4506 locis
425 4456 616 4507 famulantibus
645 4455 774 4506 beneficia
803 4459 934 4520 oportuna
954 4437 969 4526 ξ
989 4456 1116 4521 largimus
1128 4451 1149 4519 ⁸,
1178 4459 1308 4521 premium
1331 4459 1409 4509 nobis
1431 4458 1503 4524 apud
1531 4444 1699 4509 dominum
1728 4463 1852 4508 aeternae

154 4570 188 4618 35
206 4562 425 4613 remunerationis
453 4561 562 4627 rependi
590 4577 645 4612 non
673 4559 824 4611 diffidimus.
860 4559 975 4610 Proinde
1005 4561 1122 4610 omnium
1151 4565 1258 4611 sauctae
1281 4559 1324 4611 dei
1346 4560 1475 4610 ecclesiae
1503 4559 1620 4610 fidelium
1648 4565 1852 4623 nostrorumque

206 4667 368 4728 presentium
390 4679 421 4716 ac
442 4666 593 4717 futurorum
614 4666 719 4716 noverit
740 4664 886 4729 sagacitas,
909 4664 973 4729 quie
995 4645 1168 4714 Alberieus
1191 4647 1387 4713 venerabilis
1411 4649 1584 4733 episcopus
1609 4657 1741 4712 sunctae
1764 4645 1851 4710 Mer·

206 4751 338 4817 censisb
368 4752 527 4818 ecclesiae
557 4753 651 4818 simul
682 4773 757 4818 cum
779 4751 915 4817 Otberto
946 4751 1134 4818 marchione
1163 4751 1366 4819 nobilissimo
1397 4760 1495 4836 atque
1517 4747 1678 4814 Amizone
1700 4758 1733 4812 et
1754 4748 1850 4813 Petro

205 4854 442 4921 inlustrissimis
471 4855 645 4922 comitibus
673 4857 795 4921 uostris
823 4855 1002 4921 retulerunt
1031 4857 1261 4922 sacratissimis
1291 4853 1425 4920 auribus
1448 4853 1585 4935 nostris,
1621 4851 1758 4938 qualiter
1780 4872 1851 4936 pre·

205 4979 352 5025 cessores
381 4961 511 5044 augusti
541 4960 601 5026 sub
629 4961 832 5025 inmunitatis
856 4958 1044 5024 defensione
1068 4968 1215 5024 sanctam
1237 4957 1460 5023 Marsicanam
1482 4955 1656 5022 ecclesiam
1679 4952 1740 5018 sibi
1764 4975 1851 5018 com-

154 5081 190 5131 40
205 5063 339 5128 missam
366 5062 528 5130 vocabulo
549 5063 645 5149 beate
668 5063 789 5148 Sauine
813 5061 934 5130 Christi
956 5064 1099 5130 martiris
1122 5086 1184 5150 que
1208 5064 1271 5128 site
1293 5083 1365 5128 esse
1387 5061 1516 5127 videtur
1537 5060 1622 5126 infra
1644 5060 1751 5145 ipsam
1773 5059 1851 5122 civi-

206 5174 307 5230 tatem
328 5165 558 5248 Marsicenam,
586 5187 661 5231 cum
682 5165 780 5231 rebus
803 5175 835 5232 et
857 5167 1029 5252 mancipiis
1053 5164 1175 5230 ibidem
1196 5168 1281 5231 iuste
1304 5176 1337 5230 et
1358 5164 1507 5250 legaliter
1529 5160 1765 5249 pertinentibus
1789 5181 1851 5246 que

205 5290 264 5354 per
279 5269 542 5335 confirmationes
557 5278 591 5333 et
603 5268 795 5336 collationes
816 5271 1048 5355 imperatorum
1065 5291 1122 5334 seu
1137 5290 1251 5352 regum
1272 5267 1396 5334 ibidem
1413 5265 1542 5352 conlate
1565 5267 1705 5348 fuerent,
1729 5265 1797 5329 sive
1812 5285 1851 5327 ea

207 5394 269 5458 que
284 5394 343 5457 per
355 5375 570 5439 instrumente
584 5382 748 5439 cartarum
763 5373 824 5440 deo
840 5372 987 5438 fidelium
1001 5372 1123 5438 ibidem
1140 5370 1314 5457 delegateb
1335 5371 1474 5452 fuerant,
1487 5379 1662 5455 ¹receptam
1683 5368 1850 5448 baberent,

206 5495 381 5556 poposceutcs
403 5495 434 5541 ut
455 5485 487 5540 et
508 5496 601 5542 nostra
622 5492 750 5544 celsitudo
778 5509 827 5559 pro
843 5493 899 5554 dei
927 5507 1016 5543 amore
1038 5497 1065 5543 et
1085 5491 1235 5542 reverentia
1260 5490 1345 5555 ipsius
1374 5490 1459 5540 sancti
1486 5489 1539 5540 loci
1561 5487 1640 5539 sinuli
1663 5485 1740 5538 modo
1763 5485 1852 5536 iacere

154 5673 189 5722 te
292 5660 351 5716 202.
379 5661 487 5731 [Siclrel]
591 5664 619 5728 a)
637 5663 661 5715 A
679 5684 711 5710 =
728 5663 784 5718 VU.
888 5663 966 5732 1))Δ.
