4576 6420
899 457 1023 514 ΟΤΤΟ
1046 457 1070 512 Ι.
1093 453 1165 511 962.
1791 449 1856 514 325

209 666 311 702 summo
333 651 452 717 pontifici
475 657 502 700 et
523 651 668 702 universali
690 645 776 700 mmo
798 665 867 716 pape
889 668 913 714 s,
936 653 1006 701 sicut
1027 666 1043 701 a
1064 646 1319 716 predecessoribus*
1341 653 1435 702 vestris
1450 668 1534 719 usque
1550 669 1621 704 nunc
1635 655 1663 703 in
1678 660 1767 705 vestra
1781 661 1854 720 pote·

209 761 277 806 state
299 761 379 822 atque
402 755 505 806 dicione
528 756 650 806 tenuistis
673 759 700 806 et
722 755 907 822 disposuistis:
940 757 1073 805 civitatem
1101 756 1246 806 Romanam
1275 771 1335 806 cunr
1358 756 1456 808 ducatu
1479 773 1528 807 suo
1551 763 1577 808 ct
1598 759 1759 808 suburbanis
1787 745 1855 809 suis

209 865 288 924 atque
311 858 406 908 viculis
429 859 551 908 omnibus
574 864 601 907 et
623 859 761 908 territoriis
784 861 842 909 aius
863 861 995 908 montanis
1018 874 1049 908 ac
1071 861 1216 920 maritimis,
1238 859 1362 910 litoribus
1384 877 1415 911 ac
1437 863 1575 926 portubus,
1598 878 1644 912 sen
1668 864 1770 912 cuncus
1792 864 1855 912 civi-

208 963 309 1013 tatibus
332 961 447 1012 castellis
470 961 574 1026 oppidis
597 977 628 1010 ac
651 961 746 1011 viculis
763 979 780 1010 a
794 962 891 1028 Tusciq
913 963 1047 1026 partibus,
1078 962 1106 1011 id
1127 968 1168 1012 est
1189 963 1307 1026 Portum,
1336 947 1561 1028 Centumcellasb,
1590 964 1690 1028 Geram,
1716 959 1854 1028 Bledam⁰,

175 1051 445 1117 5Marturianum
458 1047 480 1132 ἁ,
512 1064 635 1128 Sutriam,
662 1065 771 1130 Nepam,
801 1065 939 1116 castellum
962 1064 1097 1128 Gallisem,
1126 1065 1224 1129 Ortem,
1253 1067 1444 1129 Polimartium,
1472 1067 1613 1130 Ameriam,
1639 1067 1751 1132 Tutiam,
1774 1068 1855 1119 Peru-

209 1171 274 1220 siam
297 1185 357 1220 cum
378 1170 464 1220 tribus
486 1169 580 1219 insulis
603 1170 665 1232 suis,
688 1170 779 1240 idest
799 1172 899 1220 maiore
921 1175 948 1220 et
969 1171 1078 1232 minore,
1100 1164 1283 1233 Puluensim⁰,
1305 1169 1432 1220 Narniam
1455 1165 1487 1219 ei
1508 1169 1660 1221 Utriculnm
1686 1159 1746 1221 cum
1773 1173 1855 1221 omni-

208 1274 260 1322 bus
281 1273 380 1323 finibus
402 1277 434 1322 ac
455 1273 594 1323 territoriis
616 1273 651 1322 ad
672 1274 865 1338 suprascriptas
888 1275 1010 1350 civitates
1032 1274 1234 1336 pcrtinentibus.
1262 1290 1279 1322 s
1307 1274 1362 1324 Nec
1384 1289 1438 1323 non
1460 1276 1631 1326 exarchatum
1656 1257 1857 1340 Rauernatsmf

209 1377 259 1425 sub
282 1377 433 1442 integritate
462 1393 522 1427 cum
551 1377 663 1426 urbibus
692 1377 846 1427 civitatibus
872 1377 976 1442 oppidis
999 1381 1026 1426 et
1047 1376 1163 1427 castellis
1185 1393 1236 1443 quq
1259 1378 1302 1442 pie
1324 1377 1515 1429 recordatIonis
1537 1377 1650 1428 domnus
1671 1379 1802 1444 Pippinus
1824 1373 1856 1428 et

209 1465 350 1530 domnus
378 1481 475 1530 narius
503 1464 768 1530 excellentissimi
796 1467 1026 1552 imperatores,
1059 1466 1308 1552 predecessores
1337 1466 1489 1532 videlicet
1516 1469 1637 1549 nostri,
1670 1484 1749 1534 beato
1776 1483 1855 1533 Petro

159 1587 192 1635 10
210 1583 330 1648 apostolo
353 1590 380 1634 et
401 1585 631 1660 predecessoribus
653 1585 748 1635 vestris
770 1586 822 1634 ianr
846 1584 945 1634 dudum
967 1600 1015 1648 per
1035 1584 1186 1634 donationis
1200 1587 1325 1652 paginam
1347 1571 1563 1655 eonnrlerunt,
1586 1588 1637 1638 hoc
1660 1592 1700 1638 est
1722 1589 1855 1638 civitatem

210 1689 364 1738 Rauennam
393 1693 420 1739 et
446 1688 590 1739 Emeliam:
623 1689 745 1750 Bobium,
771 1687 907 1751 Cesenam,
936 1688 1137 1754 Forumpopnli,
1164 1688 1320 1750 Forumliui,
1344 1690 1510 1753 FauentIam,
1532 1687 1677 1753 immolam,
1700 1691 1856 1752 BononIam,

210 1791 367 1854 Ferrariam,
390 1775 587 1842 Comiiaclum‘
608 1797 635 1842 et
649 1791 773 1842 Adrianis
787 1785 887 1863 sique
902 1791 1044 1842 Gabellum
1067 1808 1126 1842 cum
1149 1791 1272 1841 omnibus
1294 1790 1391 1842 finibus
1413 1794 1552 1843 territoriis
1573 1799 1653 1859 atque
1674 1793 1769 1844 insulis
1785 1799 1857 1844 terra

210 1896 328 1961 marique
350 1895 384 1944 ad
407 1896 572 1960 supradictas
595 1896 715 1945 civitates
738 1896 939 1960 pertinentibus.
977 1895 1061 1945 Simul
1091 1900 1118 1946 et
1144 1895 1319 1960 Pentapolim,
1349 1895 1473 1947 videlicet
1499 1896 1655 1959 Ariminum,
1683 1897 1856 1959 Pcnsanrnm,

210 1997 339 2060 Phanum‚
368 1997 554 2064 senogalliam,
582 1997 727 2060 Anconam,
756 1997 903 2061 ausimum,
925 1999 1085 2061 Humanam,
1107 1999 1207 2062 Hesim,
1230 1999 1474 2064 Forumsimpronii,
1497 1999 1695 2063 Montemfeltri,
1717 1999 1856 2050 Urbanum

162 2105 192 2152 is
211 2107 237 2152 et
258 2103 419 2152 territorium
441 2102 581 2164 Balnense,
604 2101 698 2176 Callis,
717 2102 836 2152 Luciclis
859 2107 885 2151 ct
906 2101 1061 2167 Eugubium
1084 2117 1145 2152 cum
1167 2102 1290 2174 omnibus
1311 2102 1409 2152 linibus
1437 2117 1473 2168 aq
1497 2096 1662 2152 territoriis⁸
1689 2093 1724 2152 a'd
1751 2103 1857 2154 easdem

211 2207 332 2256 civitates
358 2206 560 2270 pertinentibus.
604 2205 705 2256 Eodem
734 2204 812 2254 modo
842 2205 1002 2255 territorium
1031 2204 1176 2256 Sabinense
1204 2206 1273 2255 sicut
1294 2219 1311 2254 a
1332 2190 1453 2256 domno
1477 2205 1559 2256 Karlo
1581 2207 1740 2271 imperatore
1766 2202 1856 2258 ante-

210 2317 340 2359 cessore
366 2303 478 2358 nostro
508 2303 591 2359 beato
610 2308 688 2358 Petro
711 2308 831 2372 apostolo
854 2323 901 2372 per
924 2307 1075 2358 donationis
1097 2310 1223 2373 scriptum
1246 2325 1400 2360 concessum
1423 2315 1463 2359 est
1485 2311 1534 2360 sub
1556 2311 1707 2376 integritate
1729 2327 1753 2360 a.
1790 2311 1856 2361 Item

210 2417 238 2464 in
259 2415 380 2478 partibus
402 2414 498 2479 Tusciq
513 2412 749 2478 Longobardornm
772 2411 910 2463 castellum
932 2412 1088 2474 Felicitatis,
1110 2413 1210 2463 Urbem
1232 2418 1357 2476 ueterem,
1380 2413 1509 2463 Balneum
1532 2414 1610 2480 regis,
1632 2414 1748 2477 Ferenti,
1770 2414 1856 2464 Uiter-

210 2518 282 2580 bum,
305 2517 425 2580 Orchem,
448 2517 566 2566 Marcam
577 2498 600 2578 ¹¹,
622 2516 780 2578 Triscanam,
804 2515 928 2578 Suanam,
951 2516 1136 2582 Populonium,
1162 2515 1282 2566 Rosclles
1297 2499 1332 2564 11ἰ
1354 2523 1429 2566 eum
1444 2499 1641 2566 suburbanis
1658 2509 1755 2587 atque
1770 2503 1857 2566 vicu·

159 2619 193 2666 10
210 2604 249 2668 lis
267 2603 418 2670 omnibus
437 2613 470 2668 et
492 2621 630 2669 territoriis
648 2635 680 2670 ae
698 2620 843 2682 maritimis,
867 2604 997 2690 oppidis
1020 2625 1060 2668 ac
1083 2604 1200 2669 viculis
1225 2626 1282 2668 seu
1304 2603 1424 2669 finibus
1448 2602 1608 2668 omnibus.
1641 2602 1814 2690 Itemquek
1836 2627 1857 2668 a

212 2708 315 2772 Lunis
338 2730 413 2773 cum
436 2707 543 2773 insula
566 2706 718 2794 Corsica,
750 2706 866 2773 deinde
889 2709 922 2772 in
946 2707 1104 2790 Susiano,
1134 2707 1251 2772 deinde
1273 2708 1308 2772 in
1329 2715 1440 2772 monte
1462 2706 1642 2789 Bardonis,
1677 2705 1795 2773 deinde
1822 2709 1856 2773 in

211 2811 362 2892 Berceto,
386 2811 505 2877 exinde
528 2812 561 2875 in
584 2811 712 2892 Parma,
743 2810 860 2876 deinde
883 2812 916 2874 in
938 2811 1051 2896 Regia,
1081 2809 1199 2875 exinde
1222 2813 1255 2874 in
1278 2811 1416 2876 Mantua
1439 2819 1536 2897 atque
1559 2813 1593 2876 in
1615 2820 1725 2876 mente
1749 2810 1857 2876 Silicis

212 2925 309 3001 atquc
336 2916 507 3000 provincia
528 2913 742 2980 Uenetiarum
771 2923 803 2978 et
830 2915 927 2979 Istria
953 2935 1015 2980 nec
1043 2936 1109 2979 non
1138 2923 1171 2978 et
1200 2923 1353 2979 cunctum
1382 2913 1538 2980 ducatum
1568 2913 1773 3000 Spolitanum
1800 2936 1857 2979 seu

210 3018 479 3083 Beneuentanum
506 3042 572 3083 una
601 3039 675 3083 cum
704 3017 845 3103 ecclesia
872 3028 984 3102 sancte
1013 3015 1153 3102 Oristinq
1182 3019 1291 3102 posita
1320 3039 1422 3103 prope
1449 3018 1587 3103 Papiam
1616 3021 1709 3083 iuxta
1729 3019 1857 3083 Padum

160 3141 194 3190 25
212 3131 328 3208 quarto
343 3121 494 3188 miliario.
531 3139 598 3188 Item
620 3137 648 3186 in
670 3137 790 3202 partibus
813 3135 956 3202 Campanis
979 3135 1079 3198 Soram,
1101 3137 1191 3198 Arcus,
1214 3137 1357 3202 Aquinum,
1378 3135 1516 3200 Arbinam,
1539 3137 1658 3187 Teanum
1681 3142 1707 3187 et
1729 3137 1857 3202 Capuam.

211 3226 281 3290 Nec
303 3248 370 3291 non
392 3246 418 3291 et
439 3241 598 3305 patrimonia
619 3241 653 3290 ad
676 3245 832 3305 potestatem
855 3246 882 3290 et
904 3240 1030 3290 ditionem
1052 3245 1166 3290 vestram
1188 3241 1355 3304 pertinentia,
1378 3241 1447 3290 sicut
1462 3247 1502 3291 est
1518 3243 1705 3305 patrimonium
1720 3241 1857 3293 Beneuen-

212 3351 304 3396 tanum
327 3363 343 3395 a
365 3352 391 3396 et
412 3347 599 3410 patrimonium
622 3344 828 3409 Neapolitanum
850 3348 929 3409 atque
951 3343 1111 3407 patrimonia
1133 3341 1256 3408 Calabriq
1284 3343 1427 3407 superioris
1449 3348 1476 3394 et
1497 3344 1630 3394 inferioris
1652 3366 1696 3375 -
1718 3328 1758 3394 ds
1780 3331 1856 3393 eivi-

213 3445 281 3500 tate
304 3445 411 3499 autem
430 3431 668 3520 Neapolitana¹
702 3455 776 3498 cum
798 3431 943 3497 castellis
967 3442 998 3496 et
1021 3433 1190 3496 territoriis
1213 3453 1253 3496 ac
1275 3431 1395 3497 finibus
1419 3442 1452 3497 et
1473 3433 1588 3499 insulis
1612 3435 1679 3499 suis
1703 3433 1765 3498 sibi
1788 3455 1857 3520 per·

213 3537 400 3619 tinentibus,
424 3538 517 3601 sicuti
542 3537 585 3601 ad
607 3535 741 3601 easdem
763 3535 909 3620 aspicere
932 3534 1084 3600 videntur
1099 3571 1142 3580 —-
1156 3557 1217 3600 nec
1239 3557 1307 3601 non
1329 3539 1563 3622 patrimonium
1582 3536 1702 3621 Sicilie,
1726 3538 1752 3600 si
1776 3535 1857 3602 deus

163 3642 333 3706 abnostris
356 3640 437 3704 illud
464 3640 634 3705 tradiderit
661 3639 823 3704 manibus.
870 3638 975 3704 Simili
1003 3639 1101 3705 modo
1128 3627 1300 3705 civitatem
1331 3639 1485 3706 Gaietam
1512 3652 1546 3707 ct
1574 3641 1749 3706 Fundimm
1782 3661 1858 3705 cum

215 3744 365 3809 omnibus
388 3765 499 3808 earum
521 3745 734 3828 pertinentiis.
772 3743 913 3828 Insuper
935 3743 1098 3808 offerimus
1121 3742 1180 3808 tibi
1202 3742 1299 3808 beate
1314 3743 1409 3809 Petre
1432 3743 1581 3829 apostole
1596 3743 1785 3828 vicarioque
1800 3751 1857 3806 tuo

214 3845 333 3911 domno
356 3846 495 3911 Iohanni
519 3867 603 3931 pape
627 3857 659 3910 et
682 3846 928 3912 successoribus
951 3848 1020 3910 eius
1043 3868 1101 3931 pro
1125 3855 1236 3931 nostre
1259 3848 1367 3931 anime
1388 3847 1531 3912 remedio
1554 3848 1722 3932 nostrique
1743 3845 1803 3910 filii
1826 3855 1858 3910 ct

214 3958 399 4015 nostrerum
425 3959 597 4035 parentum
626 3948 665 4015 dc
693 3952 825 4036 proprio
854 3959 966 4015 nostro
997 3971 1098 4034 regno
1127 3951 1277 4014 civitates
1300 3959 1333 4015 et
1355 3949 1479 4037 oppida
1502 3971 1577 4014 cum
1600 3949 1750 4035 piscariis
1780 3949 1857 4031 suis,

213 4052 248 4118 id
271 4062 321 4118 est
341 4053 487 4135 Reatem,
510 4051 724 4134 Amiternum,
748 4055 942 4136 Burconem,
970 4054 1136 4136 Nursiam,
1159 4053 1300 4119 Balaam
1322 4061 1355 4116 et
1376 4053 1510 4118 Marsim
1535 4061 1567 4117 et
1590 4053 1668 4118 alibi
1691 4054 1857 4117 civitatem

165 4171 198 4220 31
215 4157 436 4222 'Fiirsmncm¹¹
458 4179 532 4220 cum
554 4153 756 4242 pertinentiis
780 4159 856 4222 suis.
890 4173 947 4222 Hae
970 4187 1061 4222 omnes
1083 4174 1277 4237 suprascriptas
1298 4173 1445 4235 provintias
1467 4172 1547 4222 urbes
1569 4178 1596 4222 et
1618 4173 1738 4222 civitates
1760 4171 1859 4237 oppida

215 4281 294 4341 aque
316 4275 426 4326 castella
446 4275 549 4325 meaios
572 4290 603 4324 aa
625 4275 757 4325 territoria
779 4274 909 4340 simulque
925 4279 952 4324 et
969 4275 1127 4339 patrimonia
1148 4281 1208 4344 pro
1224 4259 1367 4324 remedio
1385 4261 1492 4343 anime
1507 4269 1618 4343 nostre
1635 4269 1667 4324 et
1680 4257 1739 4322 filii
1755 4260 1858 4323 nostri

215 4366 282 4429 sive
312 4374 485 4450 parentum
513 4372 700 4429 nostrorum
728 4384 767 4426 ac
797 4385 1023 4428 successorum
1044 4372 1231 4428 nostrorum
1253 4371 1286 4427 et
1307 4384 1366 4447 pro
1390 4371 1509 4426 cuncto
1533 4385 1554 4427 a
1576 4360 1637 4426 deo
1662 4371 1857 4426 conservato

216 4478 313 4554 atque
343 4467 568 4533 conservando
598 4467 802 4531 Francorum
830 4466 952 4551 populo
981 4483 1034 4532 iarn
1062 4480 1132 4546 dictq
1161 4481 1272 4547 qcclesiq
1301 4485 1347 4546 tuq
1374 4481 1451 4531 beate
1472 4481 1550 4531 Petre
1573 4480 1693 4544 apostole
1715 4484 1741 4531 at
1763 4496 1811 4545 per
1832 4486 1858 4530 te

215 4587 315 4636 vicario
338 4593 384 4637 tuo
407 4587 520 4651 spiritali
541 4587 611 4651 patri
633 4591 722 4636 nostro
746 4585 842 4636 domno
870 4569 1009 4634 Iohanni
1038 4601 1139 4636 summo
1168 4584 1288 4650 pontifici
1317 4589 1343 4634 et
1365 4583 1511 4634 universali
1532 4597 1601 4649 papq
1624 4584 1733 4648 eiusque
1756 4597 1858 4634 succes·

164 4693 198 4741 40
215 4692 319 4741 auribus
342 4706 426 4755 usque
448 4691 476 4739 in
498 4689 576 4740 finem
598 4689 682 4740 seculi
705 4705 735 4739 ec
759 4687 837 4738 modo
860 4687 1052 4750 confirmamus,
1075 4692 1106 4737 ut
1126 4689 1155 4736 in
1178 4703 1226 4737 suo
1249 4687 1385 4738 detineant
1406 4688 1463 4738 iure
1478 4689 1629 4753 principatu
1648 4691 1728 4752 atque
1746 4686 1858 4736 dicione.

216 4792 301 4843 Simili
330 4793 408 4844 modo
436 4797 483 4858 per
509 4794 560 4844 hoc
588 4798 677 4859 nostrq
707 4777 921 4862 delegationis
943 4787 1077 4862 pactum
1107 4790 1291 4842 confirmamus
1321 4790 1476 4841 donationes
1505 4805 1571 4856 quas
1599 4791 1643 4856 piq
1668 4790 1859 4840 recordationis

218 4895 330 4947 domnus
344 4897 475 4963 Pippinus
496 4913 543 4948 rex
565 4913 581 4946 a
604 4903 630 4946 et
652 4902 744 4962 postca
767 4897 878 4946 domnus
900 4913 916 4944 a
938 4896 1037 4948 Karine
1059 4879 1351 4945 excellentissimus
1374 4895 1516 4959 imperator
1537 4895 1616 4945 beato
1638 4894 1717 4945 Patro
1740 4892 1861 4958 apostolo

302 5103 362 5158 aii.
390 5103 498 5174 [Siclrel]
598 5106 625 5167 a)
644 5107 764 5170 conspirt
781 5121 829 5156 orsa
846 5103 1070 5171 namneticam
1088 5107 1135 5172 pte
1230 5105 1257 5169 b)
1274 5104 1329 5154 cels
1346 5102 1427 5165 soseri
1443 5101 1581 5154 eerbmert
1598 5104 1628 5152 ia
1650 5103 1702 5154 cell
1800 5103 1825 5168 c)
1842 5119 1859 5170 p

387 5174 468 5235 rosor-t
486 5173 569 5224 duret
590 5175 607 5223 b
631 5180 719 5225 mactat
822 5175 848 5238 d)
864 5173 897 5236 A,
924 5175 1110 5226 Manturanum
1125 5172 1182 5225 Vn.
1288 5173 1311 5238 e)
1328 5170 1498 5223 PulucnslA
1523 5177 1584 5222 111111
1607 5172 1734 5223 Pulucnsi
1752 5171 1859 5236 (insula)

388 5245 408 5306 i)
419 5241 443 5293 Δ
506 5244 533 5308 g)
544 5242 727 5308 carpi-itaquel·
739 5246 863 5309 terrariis,
877 5243 950 5294 dena
960 5241 1028 5293 noch
1040 5260 1053 5293 r
1065 5245 1107 5294 cin
1119 5245 1129 5293 i
1141 5240 1276 5293 1111111111ὶὸ
1287 5241 1343 5290 aad
1354 5248 1365 5291 t
1376 5239 1496 5291 themu
1508 5239 1670 5306 bnmuyqiilpt
1739 5240 1766 5307 h)
1777 5240 1859 5291 dur-cd

388 5311 459 5362 alten
476 5311 567 5362 anob
583 5311 645 5362 rias
661 5311 727 5362 11111
743 5310 908 5364 Bachrtaben
930 5311 1079 5378 1191111111
1101 5311 1157 5362 aad
1180 5309 1340 5376 iacimus,
1367 5309 1433 5360 dccli
1456 5309 1532 5374 srqcb
1555 5309 1717 5360 minut
1740 5308 1861 5374 Priifiasq

388 5381 529 5432 Uiterbum
547 5381 660 5432 Orchem
677 5383 809 5445 Marcam,
835 5399 864 5432 ao
880 5381 955 5446 dosa,
982 5380 1020 5431 do
1037 5381 1150 5433 Orchem
1167 5381 1217 5432 aar
1234 5379 1334 5445 11111191
1347 5377 1457 5442 ονο1ἰα,
1482 5395 1534 5428 aar
1551 5380 1668 5430 Marcam
1685 5377 1861 5430 wmbriebea

387 5450 500 5500 11111111
523 5449 647 5514 Mariam,
668 5449 732 5516 jetti
750 5449 839 5501 Morta
953 5452 971 5514 i)
989 5449 1046 5500 iser
1062 5453 1089 5502 ia
1107 5450 1159 5502 dm
1176 5447 1340 5514 Abmbnssm
1357 5447 1404 5498 der
1421 5447 1474 5500 VU.
1493 5448 1536 5498 die
1553 5447 1716 5514 νον-1111111191
1734 5446 1813 5499 satie
1835 5453 1861 5497 et

388 5520 489 5569 insulas
512 5518 660 5583 Corsicam,
685 5521 834 5571 Sardiniam
859 5526 885 5572 et
907 5521 1026 5570 SiciIIam
1043 5525 1088 5571 etc.
1192 5520 1221 5582 k)
1245 5518 1273 5567 id
1295 5516 1376 5580 soseri
1393 5518 1422 5566 in
1444 5519 1465 5566 it
1484 5516 1622 5568 vetarer
1723 5517 1743 5582 l)
1760 5516 1861 5566 Parca·

388 5587 458 5638 thece
473 5585 569 5638 melete
585 5588 697 5639 1111111111
714 5591 747 5639 iat
764 5589 819 5640 aad
836 5606 867 5640 aa
884 5591 1071 5656 patrimomum
1088 5589 1295 5654 Neapolitanum
1309 5585 1415 5652 polein,-
1438 5585 1556 5636 itterdier
1572 5585 1634 5636 eiad
1649 5585 1717 5635 aeri
1735 5585 1859 5652 Neapoli-
