4560 6420
387 387 453 460 242
983 395 1436 456 KAISERURKUNDEN.

386 578 616 646 concambium
639 582 878 662 concessimus,
911 578 1017 643 idest
1040 577 1128 664 qaod
1151 575 1318 642 Citerades
1341 597 1515 658 vocamus,
1545 575 1751 659 Vuestheim,
1782 572 2057 660 Langendorph,

386 682 549 767 Osdieim,
579 682 866 766 Adalfrideshusa,
895 681 1077 766 Vridorpb,
1107 680 1271 763 Sulnidal,
1305 681 1553 764 Iringeshnson,
1588 680 1713 762 Haida,
1747 680 1927 762 Kizaicba,
1966 679 2057 742 Bra·

385 786 529 870 chouna,
560 786 862 852 Mazzaldrineberc
885 795 917 850 et
940 783 1109 851 dimidiam
1131 795 1258 869 partem
1280 807 1353 868 aree
1366 793 1380 822 ⁸
1408 786 1442 848 in
1463 783 1687 849 Bruchounal
1714 785 1771 849 nbi
1800 785 1848 849 sal
1876 785 2055 869 coquitur,

384 889 577 974 Nudilinga,
601 889 799 972 Lullebach,
824 888 1026 972 Orinebacb,
1049 889 1325 975 Heingistdorph,
1350 888 1566 972 Gruonbacb,
1589 889 1838 972 Haoldesheim,
1863 887 2056 970 Binizfeld,

384 995 654 1078 Markereshusa,
682 994 895 1081 Baradorph,
925 993 1167 1079 Eitrungesbah
1180 1005 1200 1078 ⁸,
1230 993 1509 1060 Ruodsindahnsa
1535 1003 1567 1058 et
1594 995 1678 1058 inter
1703 993 1812 1058 Heida
1839 1002 1873 1057 et
1901 990 2096 1057 stofola-⁵

384 1099 471 1170 bach
500 1117 575 1166 xxx
603 1102 718 1184 iugera
745 1121 819 1166 cum
849 1099 1001 1164 omnibus
1029 1097 1352 1164 commodatatibus‘l
1380 1101 1464 1163 iuste
1492 1097 1570 1162 illuc
1600 1096 1846 1182 pertinentibus.
1891 1096 2057 1160 Econtra

384 1226 463 1272 vero
485 1206 686 1290 proscriptus
707 1202 891 1270 Ruodolfus
914 1212 947 1266 et
968 1203 1025 1268 filii
1055 1205 1124 1268 eius
1146 1202 1333 1268 Adalbraht
1359 1212 1392 1268 et
1419 1201 1564 1267 Liubold
1591 1201 1795 1266 tradiderunt
1821 1199 1919 1266 nobis
1954 1203 2055 1286 quic·

386 1307 464 1393 quid
484 1308 519 1372 in
539 1305 620 1374 villa
641 1305 774 1372 Ludera
795 1316 828 1370 et
848 1306 1077 1390 Eichenouua,
1099 1307 1271 1389 thuson,
1293 1306 1512 1372 Vuinidsarin
1540 1316 1573 1370 et
1600 1308 1634 1370 in
1663 1305 1767 1370 tribus
1788 1303 1876 1368 villis
1903 1303 2056 1369 Selavo-

387 1433 457 1474 rum
473 1420 506 1474 et
519 1408 687 1475 Vuinidon
708 1412 743 1473 in
761 1431 847 1495 pago
867 1408 1055 1494 Salagouue
1077 1409 1255 1476 Steinbacb
1277 1421 1309 1473 et
1331 1409 1532 1494 Leibolfes0,
1566 1408 1895 1476 Vrnllimundesbeim
1917 1407 2056 1472 habere

384 1512 588 1595 videbantur,
611 1536 687 1578 cum
710 1511 884 1578 omnibusf
904 1513 1107 1599 appendiciis
1130 1516 1214 1577 iuste
1236 1512 1313 1577 illuc
1336 1513 1583 1598 pertinentibus.
1626 1513 1784 1578 Iussimus
1808 1534 1940 1600 quoque
1967 1511 2054 1576 inde
2080 1524 2115 1570 10

384 1618 446 1682 hoo
468 1639 602 1704 presens
624 1627 815 1704 preceptum
837 1617 1000 1682 conscribi
1022 1639 1122 1682 manu
1144 1619 1279 1703 propria
1300 1627 1414 1682 nostra
1435 1618 1600 1683 firmatum
1622 1627 1655 1682 et
1676 1616 1766 1681 annii
1788 1618 1892 1680 nostri
1914 1618 2056 1702 inpres-

385 1723 475 1787 sione
498 1721 685 1806 sigillatum.

487 1861 501 1944 ξ
523 1860 659 1944 Signum
682 1859 792 1925 domni
816 1859 948 1925 Ottonis
971 1861 1175 1926 invictissimi
1198 1862 1284 1946 regis
1307 1858 1321 1942 ᾖ
1345 1861 1438 1943 (M.)⁸

485 1959 647 2042 {Hoholt
669 1961 885 2029 cancellarius
908 1962 1058 2030 advicem
1075 1965 1240 2030 Brunonis
1263 1961 1541 2050 archicappellani
1563 1962 1751 2047 recognovi.
1773 1960 1788 2044 ξ
1811 1963 1896 2042 (SR.)
1921 1962 1985 2044 (SI.
2008 1962 2053 2042 1.)

486 2099 576 2166 Data
598 2100 665 2166 kal.
688 2103 754 2166 ian.
777 2123 863 2166 anno
887 2101 1009 2174 domini
1033 2117 1248 2186 nccccavm,
1274 2102 1454 2166 indictione
1477 2118 1529 2184 VI,
1557 2111 1715 2188 regnante
1738 2103 1792 2185 pio
1814 2122 1891 2184 rege
1916 2099 2052 2166 Ottone
2076 2113 2112 2160 15

384 2227 470 2272 anno
494 2203 614 2285 Μὴ,
636 2214 747 2272 actum
768 2206 1025 2290 Franconefurt3
1048 2208 1082 2270 in
1105 2204 1238 2273 domino
1262 2204 1399 2272 feliciter
1421 2227 1527 2272 amen.

1168 2432 1253 2505 161.

393 2582 473 2662 Ono
505 2583 647 2660 schenkl
678 2583 743 2659 cler
778 2585 911 2660 Kirobe
945 2587 1005 2660 des
1037 2587 1071 2660 b.
1099 2586 1228 2660 Peiros
1261 2614 1307 2662 za
1338 2585 1476 2660 Worms
1510 2587 1569 2659 ein
1596 2587 1729 2660 Drn'ttel
1761 2586 1820 2660 des
1849 2587 1969 2664 Zollcs
1998 2617 2047 2664 zn

383 2705 606 2806 Ladenbary
631 2705 711 2779 und
736 2707 897 2806 bestdtiyt
920 2705 979 2780 ihr
1005 2705 1075 2782 don
1098 2705 1215 2781 Boin
1239 2707 1304 2782 der
1325 2708 1411 2782 zwei
1433 2707 1595 2782 anderen
1621 2734 1693 2780 von
1718 2709 1838 2782 acinon
1871 2708 2044 2807 Vorqctn-

380 2851 473 2924 pern
496 2827 721 2902 calamiten
741 2827 884 2902 Dana.
1510 2867 1685 2939 anksasr
1706 2871 1770 2928 953
1791 2868 1919 2928 Jonaor
1939 2873 1995 2929 13.
2063 2889 2102 2936 no

486 3055 639 3127 Abscbrist
661 3073 726 3115 vom
748 3056 781 3115 J.
804 3059 891 3115 1777
913 3055 1070 3114 des1616
1093 3053 1260 3128 anderten
1280 3055 1582 3116 Vioimotioaoactes
1605 3055 1693 3127 120
1721 3059 1764 3114 nn
1783 3057 1895 3130 prossb.
1919 3057 2042 3117 asars-

485 3161 646 3220 arctiora
667 3160 845 3220 Damnstodt
866 3157 930 3240 (B).
953 3193 996 3202 —
1021 3157 1152 3217 OEnrtol
1177 3159 1318 3218 Wormot.
1342 3176 1399 3218 ons
1421 3159 1475 3217 der
1492 3160 1583 3218 Mine
1605 3161 1654 3220 des
1678 3163 1728 3221 12.
1745 3160 1798 3220 Jb.
1822 3159 1846 3231 f.
1863 3165 1906 3222 17
1928 3163 1962 3219 in
1986 3163 2042 3221 der

484 3262 512 3321 Is.
529 3263 696 3322 Bibliothek
710 3283 751 3322 ra
765 3265 927 3322 Hosmooer
940 3259 1003 3341 (0).
1026 3297 1068 3306 -
1091 3263 1184 3321 Liber
1199 3263 1304 3334 privil.
1329 3263 1392 3320 eccl.
1414 3264 1524 3323 Worm.
1548 3281 1605 3323 aas
1621 3264 1686 3322 ἀεηι
1702 3263 1826 3338 Anfonq
1842 3264 1892 3324 des
1909 3267 1960 3324 15.
1980 3267 2009 3325 J
2009 3268 2039 3325 b.

484 3366 509 3438 s.
531 3365 605 3428 290'
629 3370 673 3428 im
690 3369 803 3443 praesb.
829 3367 1034 3429 sansone
1054 3385 1095 3424 su
1116 3365 1294 3424 emron
1319 3364 1384 3443 (D).

486 3503 636 3564 Sohomtot
657 3505 737 3565 Hist.
761 3505 871 3568 Worm.
894 3509 925 3576 2,
949 3508 993 3565 19
1012 3511 1047 3562 n⁰
1068 3505 1111 3566 21
1139 3504 1377 3563 wotrscheinlicb
1402 3521 1459 3564 ons
1482 3505 1546 3562 dom
1568 3505 1838 3564 Wdimotionsbacb
1858 3523 1915 3565 oon
1938 3511 2037 3580 1616,
2057 3527 2094 3575 25

483 3610 539 3666 mit
561 3609 627 3669 idus
649 3610 724 3669 iunii
746 3607 805 3689 (S).
828 3644 871 3653 —
892 3609 1022 3668 Babmer
1043 3609 1115 3681 Rea.
1140 3611 1212 3668 176.
1236 3631 1278 3652 ·—
1302 3609 1431 3682 Stamps
1448 3610 1522 3682 Boo.
1547 3613 1626 3680 191,
1649 3609 1707 3668 olla
1727 3628 1768 3668 ra
1790 3613 1862 3670 951.

486 3745 622 3817 Versasst
651 3749 715 3806 wad
742 3748 818 3806 wohl
845 3749 921 3806 anob
945 3747 1131 3820 ymcbrieben
1158 3763 1214 3806 oon
1240 3747 1310 3808 BA.
1353 3748 1405 3807 Do
1427 3749 1475 3806 die
1499 3749 1722 3808 Zeitnrerkmala
1742 3750 1925 3808 vasconum
1947 3753 2038 3810 otber-

485 3849 584 3921 liefert
605 3852 724 3911 worden
744 3852 823 3923 sind,
847 3852 899 3910 der
920 3851 1035 3910 Ansotr
1056 3827 1127 3909 oter
1153 3869 1194 3908 en
1214 3853 1276 3911 951
1300 3851 1371 3910 oder
1397 3871 1438 3910 sn
1465 3854 1538 3912 noch
1566 3852 1710 3924 fntberen
1733 3853 1849 3913 Jobren
1870 3854 1966 3913 dnreb
1989 3856 2040 3914 die

480 3954 573 4012 Form
595 3955 646 4013 der
667 3955 860 4028 Reoopnition
881 3955 1118 4028 omqescblossen
1139 3955 1216 4014 wird
1240 3953 1274 4034 (s.
1299 3955 1394 4016 Sintoi
1416 3956 1511 4022 Beitr.
1535 3975 1593 4015 rar
1612 3957 1697 4030 Dipl.
1722 3961 1751 4028 7,
1776 3955 1858 4036 721),
1883 3958 1952 4018 lissa
1973 3961 2040 4020 sica

483 4058 538 4118 das
559 4059 600 4118 1).
624 4077 674 4118 am
696 4058 876 4133 [doliolum
897 4062 962 4118 bier
982 4061 1139 4120 einreiben.
2057 4084 2093 4132 30

586 4245 626 4309 In
652 4247 785 4310 nomine
814 4255 948 4310 sanctae
977 4254 1008 4308 et
1036 4244 1225 4310 individuae
1251 4247 1414 4311 trinitatis.
1460 4247 1538 4312 Otto
1568 4247 1679 4312 divina
1708 4247 1838 4312 favente
1860 4248 2039 4316 clementia

381 4368 450 4412 rex.
537 4347 674 4414 Noverit
704 4351 848 4416 omnium
878 4347 1024 4414 fidelium
1053 4358 1239 4414 nostrorum
1267 4358 1335 4414 tam
1363 4352 1584 4435 praesentium
1610 4373 1709 4436 qaam
1731 4353 1829 4418 etiam
1850 4352 2039 4420 futurorum

380 4452 550 4535 industria,
575 4453 714 4542 qualiter
736 4455 804 4518 cari
827 4455 944 4518 fratres
966 4455 1068 4517 nostri
1084 4452 1258 4518 Heimicus
1274 4462 1306 4516 et
1320 4454 1432 4518 Brimo
1450 4464 1598 4520 nostram
1620 4454 1771 4521 adierunt
1793 4456 2036 4542 excellentiam,

380 4554 593 4642 deprecantes
615 4558 707 4621 utin
730 4556 941 4622 elemosinam
963 4565 1134 4620 nostram*
1164 4554 1324 4644 quasdam
1344 4579 1397 4620 res
1419 4567 1550 4621 nostrae
1580 4559 1808 4643 proprietatis,
1842 4558 1877 4622 id
1899 4568 1950 4624 est
1971 4569 2038 4625 ter·

379 4660 460 4724 tiam
482 4669 609 4744 partem
631 4659 772 4725 thelonei
794 4661 829 4725 in
852 4657 987 4724 castello
1011 4657 1285 4743 Lobodunburgb
1312 4671 1430 4724 vocato
1453 4659 1497 4724 ad
1520 4660 1695 4728 ecclesiam
1717 4663 1821 4726 sancti
1842 4661 1929 4726 Petri
1954 4684 2036 4748 apo·
2056 4690 2092 4738 35

380 4762 537 4828 stolorum
560 4765 717 4849 principis
741 4787 825 4850 quae
848 4774 898 4828 est
915 4765 949 4828 in
968 4763 1159 4828 Wormacia
1182 4765 1313 4827 civitate
1336 4772 1534 4847 constructa,
1557 4764 1614 4829 ubi
1636 4765 1833 4830 venerabilis
1857 4767 2036 4851 episcopus

379 4863 476 4932 Anno
500 4868 655 4932 nomine⁰
676 4890 829 4956 praeesse
853 4867 1050 4950 dinoscitur,
1080 4869 1115 4932 in
1137 4868 1304 4952 proprium
1327 4867 1540 4952 donaremus,
1567 4870 1700 4954 insuper
1722 4878 1867 4956 petentes
1890 4877 1926 4932 ut
1948 4868 2036 4934 duas

380 4968 525 5034 eiusdem
555 4968 695 5036 thelonei
726 4981 836 5058 partes
865 4970 908 5035 ab
931 4969 1195 5036 antecessoribus
1217 4972 1354 5054 nostris,
1388 4970 1518 5056 regibus
1541 4971 1693 5038 videlicet
1715 4983 1747 5036 et
1767 4971 2036 5057 imperatoribus,

379 5072 547 5156 praefatae
576 5073 735 5140 ecclcsiae
757 5075 991 5142 Wonuatiensi
1018 5085 1096 5140 ante
1126 5075 1221 5140 datas
1252 5083 1284 5139 et
1310 5075 1596 5160 praeceptionibus
1619 5075 1827 5142 confirmatas
1851 5077 1938 5140 etin
1962 5077 2036 5142 iure

380 5176 524 5244 eiusdem
553 5177 712 5244 ecclesiae
741 5180 899 5246 hactenus
929 5178 1059 5245 habitas
1087 5189 1220 5245 nostrae
1249 5181 1347 5244 etiam
1372 5181 1577 5246 auctoritatis
1600 5177 1802 5266 praecepto‘1
1824 5179 2036 5244 confirmare·
2056 5207 2094 5255 40

467 5343 523 5402 Μ.
551 5349 637 5418 [Folta
750 5353 775 5414 a)
794 5367 861 5404 com
882 5369 930 5404 ons
952 5367 1013 5420 aree
1117 5353 1145 5415 b)
1165 5355 1192 5404 in
1214 5350 1373 5403 Brachouua
1396 5351 1458 5401 uber
1481 5351 1528 5402 der
1551 5350 1621 5402 Mle
1642 5349 1829 5417 nordpetroqsn
1933 5350 1960 5414 c)
1979 5353 2038 5406 bah

548 5419 611 5470 dher
691 5420 762 5472 aas
777 5421 965 5488 mctqarwm
1068 5420 1139 5488 d)A
1242 5423 1267 5483 e)
1285 5427 1367 5470 meret
1384 5421 1444 5485 Lib,
1466 5421 1538 5470 donn
1555 5437 1622 5472 corr.
1640 5423 1669 5470 in
1686 5421 1751 5486 Leb,
1776 5419 1878 5472 endlicb
1895 5423 1905 5470 i
1922 5423 2037 5489 modoe-

549 5513 640 5573 eaya
725 5509 747 5571 f)
765 5495 836 5561 offis
854 5508 920 5560 orm
931 5511 1031 5560 mco
1041 5506 1311 5575 scammoneae„
1396 5513 1424 5575 g)
1442 5507 1490 5558 aa
1506 5506 1764 5575 noemma
1774 5505 1845 5572 far
1931 5507 1960 5572 n)
1973 5509 2037 5562 aa

549 5575 1713 5640 mmmbmnomerstduldmtmmoblumwdebserdmmmisebta

465 5675 645 5750 1⁸1.[s01a]
741 5680 768 5748 ι)
786 5684 869 5734 noser
889 5680 962 5734 cns
1054 5683 1083 5749 s)
1100 5669 1307 5752 mamogo
1398 5682 1505 5750 emar
1522 5683 1595 5750 aa
1691 5684 1720 5752 a)
1741 5682 1825 5748 uos,
1842 5690 1990 5752 praecepa
2006 5688 2036 5738 Β
2054 5699 2093 5748 45
