4500 6428
823 425 948 482 ΟΤΤΟ
971 426 994 480 Ι.
1018 420 1208 479 955-956.
1778 414 1843 480 257

297 609 382 670 Ursa
404 612 476 670 956.
499 643 542 654 —
563 610 653 668 Molrr
669 608 731 668 OD.
754 608 840 667 Ruet.
865 614 895 679 1,
919 612 960 668 74
982 615 1016 666 πθ
1039 611 1082 670 52
1102 625 1159 668 aas
1183 607 1214 668 Ο.
1238 641 1280 652 -
1303 607 1399 668 sirau
1420 607 1514 666 Beata
1538 626 1596 666 aar
1616 608 1701 682 Dipl.
1724 611 1754 679 6,
1778 611 1842 668 353

295 717 379 773 nebat
400 714 487 773 Face.
511 731 568 772 aus
589 712 626 771 A.
650 745 692 755 —
715 712 845 770 Bohmer
865 712 937 784 ner.
960 717 1034 773 207.
1058 745 1101 756 -
1123 712 1252 786 Stampf
1269 713 1340 786 Rea.
1359 715 1434 773 236.
1457 746 1500 757 -
1522 713 1638 772 Hidber
1654 713 1727 786 neq.
1747 716 1840 772 1047.

297 853 490 913 Gesebrieboa
511 869 567 910 von
588 851 656 910 LB.
679 851 755 910 nara
776 851 871 909 cirtem
892 867 948 908 roa
973 851 1040 909 LE.
1067 849 1240 924 qelieserter
1263 849 1410 924 Gomepte.
1454 853 1547 912 Ueber
1575 851 1631 909 dea
1660 851 1761 909 Introit
1791 851 1844 908 der

299 958 456 1028 Urlcuadu
479 958 528 1015 die
549 957 729 1028 aarum
751 956 804 1014 der
823 955 888 1014 VU.
914 953 1053 1032 (mortiet
1076 954 1127 1014 des
1147 955 1187 1014 D.
1211 955 1341 1028 nawa
1363 956 1390 1014 d.
1414 957 1595 1026 Deutsebea,
1620 956 1749 1014 Bobmer
1769 955 1840 1027 Rea.

296 1062 372 1120 Kar.
397 1060 488 1138 758),
519 1060 567 1117 dia
589 1060 809 1132 Erqdasaaqea
832 1060 882 1118 des
906 1057 1074 1130 merres,
1105 1060 1152 1118 die
1177 1060 1446 1134 Vorausfertr'yrmp
1469 1061 1518 1120 des
1541 1058 1841 1134 Scldassprotokolles

295 1166 343 1223 die
364 1164 612 1223 Besouderbeitea
634 1163 687 1220 der
708 1163 879 1221 Isocratios
901 1163 965 1221 aad
987 1163 1040 1221 der
1061 1162 1215 1237 Datiruaq
1237 1181 1260 1222 s.
1279 1163 1374 1224 Siokel
1388 1163 1482 1224 Beitr.
1498 1181 1556 1223 sur
1570 1165 1653 1237 Dipl.
1672 1167 1700 1234 6,
1719 1166 1783 1223 354
1798 1162 1842 1234 ff,

291 1268 394 1342 jedocb
415 1272 504 1326 water
523 1266 676 1326 Vorbehalt
697 1266 749 1326 der
770 1271 859 1326 auter
880 1265 949 1327 DO.
972 1270 1035 1326 174
1056 1267 1272 1326 caseichaetea
1294 1267 1515 1342 Berichtiyursq.
1594 1269 1605 1288 '

183 1445 185 1450 ¹
295 1455 354 1536 (0.)
384 1452 398 1534 l
425 1454 464 1520 In
485 1455 617 1518 nomine
640 1451 690 1516 dei
716 1454 946 1539 omnipotentis
969 1462 1002 1517 et
1024 1452 1197 1518 salvatoris
1220 1455 1324 1519 nostri
1352 1455 1428 1518 Iesu
1451 1453 1582 1520 Christi.
1628 1454 1707 1522 Otto
1731 1453 1843 1520 divina

194 1559 324 1624 favente
345 1561 453 1644 gratia
474 1580 543 1623 rex.
630 1557 735 1642 Igitur
757 1558 902 1622 omnium
923 1555 1069 1623 fidelium
1090 1567 1276 1623 nostrorum
1298 1562 1497 1644 presentium
1520 1560 1645 1625 scilieet
1666 1570 1699 1625 et
1719 1560 1843 1626 futuro·

145 1680 177 1730 10
194 1685 265 1728 rum
288 1659 303 1746 ξ
323 1665 452 1727 noverit
475 1662 644 1742 industria,
668 1659 808 1747 qualiter
829 1684 891 1725 nos
914 1660 1023 1725 dilecti
1046 1661 1156 1726 fratris
1174 1664 1278 1727 nostri
1293 1662 1457 1728 Brunonis
1476 1663 1714 1750 archiepiscopi
1732 1686 1843 1728 neces·

195 1769 282 1832 saria
305 1767 513 1851 suggestione
536 1773 671 1829 sanctae
694 1762 842 1829 Curiensi
864 1765 1044 1829 aecclesiae
1067 1768 1119 1830 cui
1142 1765 1338 1830 venerabilis
1361 1769 1536 1852 episcopus
1560 1768 1781 1854 Hartpertus⁵
1803 1789 1843 1832 ac

193 1870 300 1936 fidelis
323 1881 434 1937 noster
456 1894 586 1958 preesse
605 1869 744 1951 videtur,
768 1869 929 1956 quasdam
950 1892 1002 1933 res
1025 1870 1104 1934 iuris
1127 1871 1229 1934 nostri
1253 1869 1363 1956 aliqua
1386 1868 1531 1934 eiusdem
1552 1871 1730 1936 infortunia
1752 1892 1844 1936 recu-

194 1976 340 2062 peranda
364 1976 405 2041 0b
429 1975 574 2042 divinam
596 1975 891 2040 remunerationem
914 1974 1061 2039 conferre
1084 1995 1300 2039 curassemus.
1341 1973 1442 2040 Ouius
1465 1975 1616 2040 consultu
1639 1986 1736 2061 atque
1759 1974 1844 2039 salu-

193 2079 354 2144 berrimae
384 2080 602 2144 exhortationi
634 2077 883 2162 consentiendo,
919 2080 995 2164 quia
1024 2078 1098 2142 loca
1128 2077 1172 2142 ad
1202 2078 1339 2145 eandem
1365 2078 1561 2144 aecclesiam
1583 2080 1778 2164 pertinentia
1800 2078 1842 2143 ab

144 2204 175 2252 15
193 2182 291 2247 ltalia
312 2181 476 2247 redeundo
500 2185 670 2247 invasione
694 2182 934 2247 Saracenorum
957 2181 1124 2247 destructa
1146 2183 1208 2266 ipsi
1227 2183 1450 2267 experimento
1470 2181 1652 2264 didicimus,
1676 2184 1843 2269 ipsiusque

193 2285 374 2352 aecclesiae
396 2290 580 2372 paupertati
605 2285 829 2371 conpaoiendo
852 2297 1030 2372 votumque
1052 2289 1086 2350 in
1108 2287 1182 2371 ipsa
1203 2295 1371 2372 peractum
1387 2286 1542 2351 solvendo
1559 2298 1681 2351 curtem
1697 2296 1844 2352 nostram

193 2391 226 2454 in
254 2389 328 2455 loco
359 2391 486 2455 Zizuris
514 2400 648 2454 vocato.
664 2391 697 2452 in
728 2392 886 2455 comitatu
914 2389 1057 2454 Rehoiae
1088 2398 1221 2455 sanctae
1244 2388 1296 2452 dei
1318 2390 1464 2473 genitrici
1489 2388 1627 2472 Marilae
1650 2389 1840 2476 sanctoque]

193 2495 299 2560 Lucio
323 2495 503 2560 confessori
520 2493 640 2558 Christi
663 2515 723 2578 pro
747 2492 890 2559 remedio
913 2495 1021 2578 animq
1043 2503 1176 2560 nostrae
1199 2515 1241 2557 ex
1260 2496 1388 2577 integro
1411 2493 1637 2559 condonamus
1655 2517 1695 2558 ac
1712 2494 1846 2558 firmiter

194 2597 418 2663 contradimus
441 2619 515 2662 cum
539 2597 689 2661 omnibus
713 2596 756 2661 ad
779 2597 916 2661 eandem
939 2605 1063 2661 curtem
1086 2595 1217 2661 iustael’
1247 2605 1279 2660 et
1309 2596 1459 2681 legaliter
1484 2597 1736 2682 pertinentibus,
1771 2620 1847 2663 cum

145 2724 178 2770 so
196 2702 357 2766 aecclesia
383 2709 416 2764 et
445 2700 579 2763 decimis
608 2699 777 2764 curtilibus
806 2700 964 2765 aedificiis
996 2702 1168 2786 mancipiis
1198 2701 1285 2784 agris
1314 2703 1416 2784 pratis
1446 2702 1564 2764 vinetis
1595 2700 1685 2765 silvis
1713 2704 1846 2786 pascuis

196 2804 325 2892 alpibus
349 2807 443 2891 aquis
466 2826 667 2890 aquarumve
691 2804 882 2868 decursibus
903 2804 1051 2869 fontibus
1073 2804 1189 2868 insulis
1211 2803 1448 2888 piscationibus
1472 2804 1666 2869 molendinis
1690 2804 1786 2870 cultis
1815 2815 1848 2870 et

195 2907 325 2973 incultis
348 2909 483 2992 quesitis
506 2918 538 2971 et
559 2907 761 2993 inquirendis
785 2907 1000 2992 omnibusque
1022 2907 1066 2971 ad
1088 2906 1228 2972 eundem
1247 2907 1356 2972 locum
1373 2910 1434 2971 rite
1451 2906 1713 2974 subsistentibus.
1747 2909 1846 2974 Iussi-

195 3034 267 3076 mus
298 3034 427 3097 quoque
456 3011 520 3075 hoc
550 3020 741 3096 preceptum
770 3008 846 3074 inde
876 3010 1039 3074 conscribi
1069 3032 1128 3096 per
1157 3009 1245 3096 quod
1273 3009 1423 3075 volumus
1454 3010 1653 3098 firmiterque
1685 3011 1845 3096 iubemus,

196 3125 355 3201 quatenus
378 3114 557 3200 prelibatus
580 3116 756 3200 episcopus
779 3114 975 3199 Hartpertus
1000 3135 1176 3198 omnesque
1199 3124 1427 3198 procuratores
1450 3137 1509 3200 per
1532 3114 1741 3180 succedentia
1766 3124 1847 3180 tem-

146 3239 178 3288 25
197 3241 279 3305 pora
302 3221 404 3305 ipsius
428 3218 607 3283 aecclesiae
630 3218 754 3304 absque
776 3216 874 3282 ullius
897 3216 1156 3282 contradictione
1178 3219 1410 3303 perpetualiter
1426 3218 1529 3284 libero
1547 3220 1695 3285 fruantur
1710 3220 1844 3285 arbitrio

196 3322 352 3410 quicquid
380 3320 668 3406 aecclesiasticael’
698 3320 737 3385 de
763 3321 813 3385 his
838 3321 987 3386 omnibus
1011 3322 1044 3384 in
1067 3321 1174 3406 planis
1197 3331 1230 3385 et
1251 3325 1414 3386 montanis
1438 3323 1481 3388 ad
1504 3323 1678 3390 utilitatem
1700 3325 1845 3390 eiusdem

197 3427 376 3492 aecclesiae
399 3450 496 3511 agere
521 3425 731 3492 decreverint.
776 3425 915 3510 Insuper
937 3441 1016 3490 etiam
1039 3457 1056 3488 a
1077 3455 1172 3491 navem
1201 3425 1422 3511 episcopalem
1449 3442 1478 3490 in
1499 3440 1561 3491 lacu
1586 3424 1716 3507 latomo,
1744 3426 1842 3513 quod]

196 3529 386 3617 antiqui[tns
403 3531 628 3614 conlatitutum
644 3539 702 3610 est,
726 3549 786 3609 post
802 3545 948 3595 dominicas
963 3547 1018 3594 1111
1034 3561 1116 3596 naves
1134 3547 1256 3612 quintum
1277 3547 1366 3597 locum
1388 3547 1459 3596 omni
1475 3551 1593 3612 ternpore
1615 3549 1717 3613 absque
1739 3547 1844 3598 teloneo

196 3655 222 3698 st
244 3665 325 3698 censu
349 3655 476 3719 semper
499 3632 643 3698 obtinere
666 3634 862 3718 precipimus
887 3631 928 3696 ab
952 3632 1200 3698 advenientibus
1228 3634 1444 3718 onerandam,
1479 3634 1593 3699 solitas
1623 3637 1846 3700 ministrorum

143 3757 177 3804 30
195 3739 419 3803 contentiones
442 3740 571 3822 penitus
597 3736 823 3801 removendas,
867 3753 951 3801 Manu
973 3755 1081 3818 propria
1102 3747 1216 3803 nostra
1238 3754 1330 3804 subter
1352 3769 1409 3804 earn
1432 3753 1594 3804 firmavimus
1617 3761 1644 3804 ct
1665 3755 1739 3805 anuli
1761 3756 1845 3805 nostri

195 3858 368 3922 impressione
390 3858 520 3922 assignari
544 3857 676 3906 iussimus.

298 3979 313 4060 ξ
335 3979 471 4064 Signum
495 3980 605 4044 domni
629 3981 827 4043 serenissimi
849 3981 934 4064 regis
957 3977 1004 4062 ξ(
1036 3980 1056 4060 .)

298 4081 499 4162 ἓΒίυωΙΐυε
521 4085 668 4148 notarius
691 4084 821 4148 invice⁰
843 4083 1007 4148 Brunonis
1030 4083 1307 4171 archicappellani
1329 4087 1530 4171 recognovit.
1553 4086 1567 4170 l
1589 4087 1645 4168 (SI.
1670 4089 1712 4168 1.)
1760 4087 1843 4170 (SR.)

299 4219 387 4284 Data
404 4238 435 4283 v.
456 4219 523 4284 kal.
542 4222 605 4284 ian.
626 4242 712 4284 anno
731 4222 964 4285 incarnationis
988 4220 1111 4286 domini
1134 4222 1390 4305 nccccnxml,
1414 4223 1592 4289 indictione
1608 4243 1666 4308 xv,
1688 4235 1845 4310 regnante

145 4341 178 4388 aa
197 4325 251 4409 pio
274 4345 351 4409 rege
374 4321 495 4388 Ottone
517 4345 603 4388 anno
628 4341 707 4404 ως
731 4334 840 4388 actum
862 4323 1078 4410 Dornpurhc;
1101 4327 1135 4389 in
1158 4325 1291 4390 domino
1313 4325 1452 4392 feliciter
1473 4350 1579 4392 amen.

979 4566 1065 4643 176.

205 4719 286 4799 Otto
308 4735 391 4796 cetat
411 4721 477 4795 dos
500 4719 645 4796 Kloster
666 4719 801 4794 Lorscb
822 4717 954 4792 wieder
976 4720 1016 4792 ia
1039 4719 1109 4792 dea
1137 4719 1254 4793 Besitz
1281 4720 1345 4794 der
1371 4721 1444 4793 ibae
1470 4720 1745 4796 widerreedtlr'cb
1771 4735 1845 4794 cut-

196 4868 351 4942 zopeuea
377 4841 490 4918 Gitter
513 4843 572 4914 ein
594 4841 673 4914 aad
692 4840 838 4913 verledn
859 4839 931 4912 itm
953 4840 1176 4932 normaniae,
1204 4838 1332 4918 Saura
1353 4842 1434 4915 aad
1457 4842 1664 4916 Woblreelrt.

1370 4983 1482 5042 Irorsclz
1504 4985 1567 5043 956
1590 4983 1728 5043 Februor
1747 4986 1800 5044 29.

145 5184 180 5233 40
302 5171 397 5233 Codes
419 5172 614 5232 lauresham.
638 5171 688 5230 des
710 5175 761 5232 12.
786 5169 838 5232 Jlr.
863 5170 887 5243 f.
911 5169 962 5232 15'
986 5174 1028 5230 im
1050 5173 1077 5232 k.
1101 5173 1310 5232 Reiehsarebr'r
1329 5190 1371 5230 ra
1392 5174 1542 5232 ninneton
1567 5169 1627 5252 (A).

301 5310 362 5371 OD.
394 5311 742 5382 Loansham.1,125
772 5327 828 5370 aas
856 5307 895 5368 A.
932 5342 969 5352 -
990 5307 1069 5369 UD.
1093 5309 1291 5371 humatum,
1314 5316 1344 5382 1,
1371 5315 1429 5372 121
1454 5317 1489 5370 πθ
1511 5315 1552 5371 70
1582 5327 1639 5371 aas
1668 5310 1698 5370 A
1725 5329 1766 5370 ru
1788 5311 1845 5369 Fe-

284 5497 340 5552 175.
369 5496 477 5566 [Siclrel]
580 5501 605 5560 a)
625 5499 756 5566 Hartptns
774 5497 812 5560 A,
837 5497 864 5549 d.
881 5495 907 5548 lt.
929 5499 976 5546 mit
993 5496 1052 5547 dm
1069 5495 1338 5563 domnacum
1353 5498 1416 5548 dda-
1433 5516 1450 5565 p
1468 5498 1574 5550 wekher
1591 5499 1728 5565 allam
1744 5497 1799 5548 mut
1815 5513 1845 5546 so

367 5566 434 5618 arcels
451 5583 501 5620 aaa
518 5566 577 5618 LB.
593 5565 645 5630 Ν*
668 5585 714 5633 pre
733 5567 872 5634 praerato
894 5567 974 5629 wird,
1001 5565 1126 5618 rosam
1148 5567 1189 5616 bei
1208 5566 1256 5618 da·
1280 5566 1475 5633 windesoram
1497 5569 1543 5620 der
1566 5569 1680 5621 Numam
1704 5568 1733 5616 ia
1753 5565 1801 5616 der
1818 5569 1843 5616 6.

367 5635 530 5702 Selmflzeile
546 5636 591 5688 aa
606 5635 716 5702 mistiae
732 5635 886 5703 abnam
896 5635 947 5700 ,Νι
963 5643 1017 5702 per
1040 5637 1194 5701 macandt
1210 5635 1315 5687 werdere
1332 5639 1366 5686 ist
1469 5639 1498 5701 b)
1517 5637 1542 5689 A
1644 5643 1669 5702 o)
1687 5651 1735 5689 cor
1759 5636 1846 5685 invice

144 5697 179 5748 45
367 5707 464 5770 am,
483 5705 570 5758 indm
586 5705 646 5758 ΕΒ.
663 5711 745 5756 m
762 5705 895 5756 mehercle
913 5711 990 5757 notar
1004 5705 1168 5772 quadr-tadeo
1186 5703 1262 5756 dotto.

248 5815 434 5860 sammon
448 5819 466 5860 1.
1582 5797 1623 5856 33
