4538 6436
404 393 469 460 516
1001 396 1450 456 KAISEBURKUNDEN.

406 585 490 670 alpis
514 586 568 670 qui
592 583 710 647 dicitur
726 581 937 666 Caupotauri,
960 579 1036 645 inde
1058 577 1229 644 descendit
1249 599 1271 643 a
1291 578 1464 646 terminum
1485 577 1519 642 in
1534 575 1703 661 Androna,
1727 575 1844 644 deinde
1858 577 1903 644 ad
1922 579 2053 644 termini

407 691 440 753 in
463 686 668 769 Cimbriano,
691 684 767 751 inde
790 684 834 750 ad
856 686 992 750 termine
1015 683 1059 750 ad
1080 684 1212 748 Priuato
1236 705 1339 770 usqne
1362 681 1406 748 ad
1428 679 1547 768 Alpem
1569 683 1749 752 maximam
1760 691 1784 765 ¹¹,
1813 681 1889 748 inde
1911 703 1970 768 per
1990 691 2054 748 ter·

407 794 495 857 mine
517 790 640 872 Mauri,
673 787 789 853 deinde
813 788 856 852 ad
878 789 1014 854 termine
1036 785 1297 852 Runoholsmelli
1320 808 1422 872 usque
1446 786 1489 851 sd
1516 789 1651 854 termine
1675 785 1908 870 Saxomuralo,
1937 785 2056 852 deinde

407 894 449 960 sd
471 894 606 960 termine
630 893 685 979 qui
708 900 757 956 est
779 915 800 956 a
821 892 975 957 Funtana
990 889 1298 976 Longobsrdorum,
1321 889 1440 955 deinde
1462 891 1506 956 ad
1528 893 1664 957 termine
1688 893 1742 978 qui
1766 893 1868 958 estin
1882 890 1957 956 vale
1974 889 2055 958 Gus-

407 998 543 1078 fonaria,
568 995 643 1060 inde
658 998 692 1061 in
708 994 932 1082 Aquarugiolo
947 1004 959 1033 ⁰
981 1017 1086 1081 usque
1107 997 1142 1059 in
1157 994 1337 1078 lbaiarola,
1361 994 1478 1060 deinde
1494 993 1537 1059 sd
1554 998 1689 1060 termine
1704 993 1875 1081 Dspuclil’
1897 1017 1999 1083 usque
2021 996 2057 1059 in
2075 1009 2091 1058 t

407 1111 516 1166 monte
531 1099 804 1180 Peenameus«,
821 1097 939 1164 deinde
954 1099 998 1164 ad
1012 1101 1147 1164 termine
1164 1100 1198 1163 in
1212 1097 1354 1182 Uitecta,
1371 1098 1490 1164 deinde
1505 1097 1549 1163 ad
1564 1101 1698 1164 termine
1716 1099 1760 1164 sd
1775 1096 1891 1183 Clusa:
1912 1097 2057 1164 habeant

406 1204 618 1269 intentionem
641 1201 863 1268 Semelanensi
886 1211 919 1266 et
940 1202 1153 1268 Pitalianensi
1175 1203 1258 1268 inter
1281 1224 1315 1267 se
1339 1201 1379 1266 de
1401 1200 1521 1268 finibus
1545 1203 1633 1268 suis.'
1669 1199 1723 1268 Sic
1747 1202 1832 1268 dixit
1853 1206 2056 1289 suprascrip-

406 1317 458 1373 tus
474 1305 661 1372 Uitalianus
677 1305 797 1370 Martia
820 1316 1047 1371 commanente
1069 1309 1103 1372 in
1125 1307 1296 1384 Pitiliano:
1332 1305 1393 1372 ‘De
1416 1306 1536 1372 finibus
1559 1308 1631 1372 istis
1655 1329 1738 1394 quos
1762 1306 1869 1372 dicitis
1892 1308 1974 1373 inter
1995 1329 2057 1371 vos

407 1413 499 1478 testis
522 1433 589 1476 non
612 1432 678 1492 ero,
708 1419 744 1474 ut
767 1431 866 1495 supra
888 1410 1014 1494 legitur,
1045 1421 1094 1476 set
1115 1413 1201 1476 inter
1221 1413 1398 1478 Mutinensi
1422 1420 1454 1476 et
1475 1411 1676 1476 Bononiensi
1705 1413 1796 1476 testis
1819 1433 1901 1494 sum,
1930 1419 1963 1474 et
1984 1432 2056 1496 per-

408 1525 539 1581 currunt
562 1517 624 1601 ipsi
646 1515 729 1578 fines
750 1524 864 1579 recto¹
887 1517 1016 1580 tramite
1038 1517 1197 1602 usquein
1220 1526 1314 1601 prato
1338 1515 1463 1599 Barati,
1486 1514 1604 1580 deinde
1627 1516 1661 1579 in
1683 1513 1780 1580 Petra
1801 1514 1889 1598 ficta,
1912 1514 1989 1579 inde
2011 1515 2057 1580 ad
2077 1534 2108 1580 10

407 1631 533 1708 petram
549 1622 583 1684 in
598 1615 804 1700 Castaniolo,
830 1616 946 1683 deinde
968 1619 1012 1685 ad
1030 1621 1165 1685 termine
1189 1622 1243 1707 qui
1266 1630 1316 1685 est
1337 1619 1433 1685 fictus
1457 1641 1555 1704 super
1576 1617 1748 1684 basilicam
1771 1619 1876 1684 sancti
1898 1617 2055 1685 Iohanis.’

408 1725 608 1791 lastinianus
632 1722 673 1788 de
695 1724 905 1789 Mumuciano
930 1721 1029 1788 dixit:
1054 1721 1119 1787 ‘Sic
1143 1745 1215 1787 sum
1237 1723 1380 1789 monitus
1403 1721 1444 1787 de
1466 1721 1617 1787 Lumello
1640 1721 1751 1787 Marso
1774 1731 1807 1786 et
1829 1721 1870 1786 de
1887 1720 2056 1788 Uitalisno

407 1829 545 1894 Mareo⁸
568 1836 600 1892 et
622 1825 791 1892 Uitaliano
813 1828 943 1893 Breono
968 1836 1000 1892 et
1023 1825 1188 1891 Gondelia
1211 1827 1251 1892 de
1273 1827 1418 1892 Miciano
1440 1835 1473 1890 et
1495 1828 1550 1913 qui
1575 1848 1687 1891 omnes
1711 1827 1950 1912 suprascriptos
1973 1827 2056 1892 fines

408 1932 597 2018 designatos
622 1929 823 1997 Semelensit
846 1929 995 1995 similiter
1013 1929 1175 2012 dixerunt,
1200 1930 1339 2018 qualiter
1354 1939 1387 1995 et
1401 1927 1584 1994 Claterius.'
1622 1929 1764 1995 Iohsnes
1780 1929 1938 1996 Gontarei
1954 1929 2055 1995 dixit:

409 2035 474 2102 ‘Sic
498 2057 569 2100 sum
592 2035 735 2100 monitus
760 2033 800 2098 de
823 2033 1065 2120 suprascriptos
1094 2033 1242 2098 homines
1271 2034 1415 2116 anticos,
1444 2033 1533 2119 quod
1561 2056 1621 2120 per
1647 2036 1820 2100 terminis¹¹
1848 2036 1904 2120 qui
1933 2044 2008 2100 sunt
2036 2057 2057 2099 a
2076 2049 2108 2096 15

409 2137 635 2220 Saxomulare,
657 2136 733 2202 inde
757 2160 816 2223 per
842 2139 970 2202 termini
995 2160 1016 2201 a
1037 2138 1191 2202 Funtana
1213 2134 1509 2222 Langobardorum
1531 2160 1634 2225 usque
1657 2140 1691 2204 in
1712 2138 1787 2203 vale
1810 2136 2004 2204 Guffonaria
2025 2149 2058 2202 et

409 2243 544 2308 termine
559 2243 592 2308 in
610 2240 788 2322 Quaroiolo
812 2251 844 2306 et
866 2243 1002 2308 termine
1025 2242 1059 2308 in
1081 2241 1252 2306 {lbaiarola
1274 2250 1308 2305 et
1329 2241 1466 2306 termine
1488 2244 1524 2307 in
1539 2239 1677 2329 Capudi‚
1700 2241 1776 2307 inde
1800 2241 1844 2308 ad
1865 2244 2001 2308 termine
2022 2243 2057 2306 in

390 2339 518 2411 ¹monte
540 2344 783 2409 Peruilianense
806 2366 908 2430 usque
934 2347 969 2410 in
991 2343 1140 2423 Uitecta‚
1173 2344 1249 2409 inde
1276 2348 1412 2410 termine
1441 2344 1486 2410 ad
1507 2345 1658 2429 Clusam3
1694 2349 1740 2411 sic
1769 2370 1841 2412 esse
1869 2347 1944 2412 finis
1973 2347 2058 2412 inter

408 2449 569 2514 Mutinam
587 2457 620 2512 et
633 2447 840 2512 Bononiam!
879 2445 997 2532 Gutus,
1020 2449 1167 2514 Marinus
1180 2449 1385 2531 Mauriciani,
1409 2447 1614 2514 Wiulliarius
1629 2451 1787 2538 magistri,
1812 2447 1964 2532 Gusfilla,
1987 2449 2057 2516 Ste-

408 2552 517 2639 phano
545 2550 708 2633 Iuliareni‚
741 2550 930 2636 Lupioenus
953 2550 1060 2617 Mauri
1072 2561 1094 2634 l,
1124 2551 1257 2616 lohanis
1281 2560 1314 2615 et
1335 2549 1470 2635 Sergius
1494 2551 1534 2617 de
1556 2551 1720 2635 Moeiano‚
1747 2551 1935 2618 Marcianus
1959 2550 2056 2636 Cara,
2075 2569 2109 2618 20

409 2657 597 2742 Lupicenus
626 2654 874 2738 Rosomellitus,
908 2656 961 2720 isti
992 2678 1103 2720 omnes
1135 2655 1282 2721 similiter
1310 2664 1410 2720 testes
1439 2655 1578 2721 fuerunt.
1623 2655 1707 2720 Item
1736 2655 1874 2741 qualiter
1903 2654 2058 2721 dixerunt

409 2761 558 2826 homines
572 2758 851 2841 Montebelliensi3
875 2761 1022 2844 inprimis
1038 2760 1232 2824 Dominicus
1249 2758 1289 2823 de
1304 2759 1493 2824 Forticiano
1511 2757 1611 2823 dixit:
1636 2757 1842 2825 ‘Admonitus
1858 2760 1906 2826 fui
1925 2759 2056 2847 quando

409 2865 570 2928 Martinus
590 2863 669 2930 fecit
686 2860 899 2928 manduotare
911 2872 930 2900 '
952 2861 1099 2945 clumam,
1123 2871 1156 2926 et
1178 2863 1205 2926 si
1229 2861 1312 2926 dixit
1334 2861 1440 2946 nobis,
1462 2870 1499 2926 ut
1519 2864 1610 2949 ipsas
1632 2862 1739 2947 liguas
1754 2862 1843 2950 quod
1858 2863 2033 2949 capelastis
2045 2873 2059 2902 ¹

409 2990 507 3054 super
530 2967 753 3051 suprascripta
775 2974 868 3050 petra
889 2967 1011 3051 ponite,
1036 2967 1112 3033 olim
1131 2969 1216 3032 siout
1230 2967 1384 3050 fecimus3
1407 2967 1463 3052 qui
1479 2965 1563 3032 dixit
1578 2967 1690 3032 nobis:
1714 2969 1741 3032 si
1757 2967 1867 3053 aliqua
1881 2969 2057 3052 requixitio

410 3071 522 3156 fuerit,
545 3069 599 3134 hic
622 3078 672 3134 est
694 3068 768 3134 finis
791 3070 874 3134 inter
895 3070 1056 3136 Mutinam
1078 3080 1111 3135 et
1131 3070 1337 3136 Bononiam!
2076 3087 2109 3134 as

512 3208 628 3273 Testes
646 3206 793 3272 similiter
807 3207 1038 3274 interfuerunt:
1055 3209 1159 3274 Vrsus
1172 3207 1295 3292 Gergis,
1312 3208 1427 3274 Petrus
1442 3206 1483 3274 de
1498 3208 1659 3291 Fbrniano,
1675 3207 1855 3274 Vulliarius
1870 3208 1912 3274 de
1929 3205 2058 3292 Castro,

410 3314 524 3378 Petrus
548 3311 588 3377 de
610 3311 807 3396 Ueturiam,
837 3315 1024 3399 Lupioenus
1047 3315 1170 3396 Mauri,
1200 3315 1343 3380 Iustinus
1366 3311 1516 3395 Douilis,
1547 3313 1682 3378 Maurus
1706 3310 1836 3396 Caerosi,
1866 3313 1993 3378 Blanco
2017 3313 2058 3379 de

409 3418 613 3502 Papuniano.
651 3415 773 3484 Actum
794 3425 845 3481 est
866 3419 900 3482 in
923 3418 1013 3481 curia
1036 3416 1158 3482 domini
1183 3415 1315 3482 Ottonis
1336 3418 1559 3503 imperatoris:
1580 3417 1727 3483 feliciter.

510 3554 554 3636 (t)
567 3553 781 3640 Egsiluerdus
796 3555 943 3620 notarius
958 3557 1085 3620 iusione
1101 3554 1225 3621 domini
1240 3556 1447 3640 imperatoris
1463 3555 1579 3640 scripsi
1594 3562 1627 3619 et
1641 3553 1871 3619 coroboratam
1884 3553 2059 3640 complevi.

1189 3784 1278 3889 376ss
2077 3846 2110 3894 so

420 3968 501 4045 Otto
528 3970 657 4042 rrimmt
681 3968 752 4041 clerc
778 3968 851 4042 Abr
876 3966 982 4060 Orldo
1010 3967 1088 4041 000
1113 3967 1179 4042 drus
1204 3967 1349 4042 Kloster
1375 3967 1434 4042 cles
1460 3969 1493 4046 ll.
1513 3965 1673 4044 Sabinos
1700 3968 1755 4040 bei
1785 3967 1993 4041 Toscacella
2020 3969 2060 4040 irs

411 4092 533 4164 0000
559 4087 697 4165 Sctcrz.
1109 4093 1110 4096 ‘
1638 4109 1868 4170 sustracto
1891 4107 1962 4169 000
1986 4113 2015 4170 s.

515 4296 678 4358 Obortrrlar
698 4303 764 4358 n⁰1
790 4315 842 4356 om
863 4302 948 4358 1100
961 4299 1151 4371 ,9090000000
1173 4298 1197 4370 s.
1215 4303 1258 4358 77
1280 4299 1312 4356 irs
1334 4298 1385 4358 der
1406 4297 1735 4372 Muaieipulbitliotlrcl:
1756 4317 1797 4358 ru
1813 4296 1912 4374 Glony
1934 4297 1993 4376 (0).

514 4436 662 4498 Matillon
677 4437 752 4494 Actu
768 4435 820 4496 SS.
846 4436 889 4494 ecl.
909 4443 934 4507 1,
957 4453 1030 4495 sace.
1053 4444 1081 4506 V,
1105 4439 1167 4496 769
1191 4437 1352 4510 Fraymest
1368 4436 1607 4496 watrsrlreinlr'olr
1621 4453 1678 4495 aas
1695 4433 1720 4496 0
1742 4461 1779 4489 =
1805 4437 1849 4495 ed.
1866 4444 1907 4508 11,
1930 4453 2005 4496 saco.
2029 4447 2057 4509 V,

514 4543 577 4599 747
601 4563 640 4592 =
663 4539 822 4598 Mittorelli
843 4539 925 4598 000.
943 4538 1111 4601 00000000.
1135 4545 1164 4610 1,
1186 4544 1259 4600 107.
1283 4571 1325 4582 -
1348 4539 1442 4598 Bruel
1461 4537 1585 4600 Oleastro
1608 4539 1643 4598 de
1661 4537 1761 4614 00000
1782 4544 1813 4612 2,
1837 4542 1901 4600 343
1923 4543 2060 4602 a⁰1262
2077 4551 2109 4599 35

513 4661 569 4703 aas
586 4640 617 4703 0.
641 4676 683 4685 -
707 4643 835 4716 Stampf
853 4645 926 4716 1309.
951 4647 1024 4702 470.

517 4781 680 4841 Urturulcn
703 4781 783 4842 Ottos
811 4782 867 4853 [00
890 4781 985 4856 otmar
1013 4781 1077 4840 000
1105 4781 1161 4853 fr'lr
1188 4781 1296 4840 diesem
1322 4781 1498 4841 vertr'trsdete
1519 4782 1641 4841 Kloster
1662 4798 1762 4842 waren
1785 4784 1829 4841 tr's
1855 4799 1907 4842 vor
1929 4785 2061 4858 00ιί000

516 4885 632 4944 Jasren
652 4903 714 4944 0ον
736 4887 769 4943 irs
791 4885 954 4960 Assellum
968 4885 1132 4946 Motillons
1153 4887 1289 4956 0010000,
1313 4885 1415 4946 welche
1435 4886 1532 4944 aiotts
1554 4887 1681 4959 wmiper
1702 4885 1747 4944 als
1769 4885 1897 4944 deutlich
1919 4885 2059 4947 ursam.

515 4987 553 5048 80
565 4987 686 5060 0000000
701 4987 830 5062 Stampf
840 4989 913 5061 Res.
931 4991 1003 5060 428,
1020 4992 1083 5049 429
1106 4991 1179 5048 rwci
1193 4989 1335 5062 Prltocpte
1356 5005 1413 5048 aas
1436 4988 1502 5047 dem
1520 4988 1553 5048 J.
1570 4990 1634 5048 967
1655 4989 1842 5047 00000001οιεο
1863 5007 1905 5048 ra
1926 4995 2057 5049 mdssea.

516 5091 617 5150 Melae
644 5092 792 5165 Meiaunq
820 5111 884 5152 war
911 5093 980 5152 does
1010 5093 1159 5152 securene
1190 5094 1239 5151 ctu
1265 5093 1414 5152 Placitum
1442 5093 1515 5152 oser
1543 5094 1607 5151 000
1628 5097 1717 5152 aster
1734 5091 1816 5152 Ottos
1835 5091 1952 5152 Vorslts
1972 5097 2059 5153 0000-
2077 5103 2110 5151 40

511 5193 634 5266 yehobte
652 5193 989 5268 Geriohtsvertorrdlrmy
1011 5196 1215 5255 amunelrmen
1236 5198 1287 5256 sci.
1329 5197 1475 5256 Erwalsrrt
1496 5195 1625 5254 0000000
1647 5195 1795 5255 Matillors
1821 5200 1921 5256 merel
1950 5199 2060 5257 instru-

515 5299 642 5357 mentum
672 5315 759 5358 uunm
788 5299 902 5358 nomine
925 5298 1067 5358 Ottonum
1096 5301 1297 5372 imperatorum
1326 5303 1425 5362 datum
1448 5314 1518 5361 xvr.
1542 5300 1605 5360 iulii
1629 5317 1703 5361 enno
1725 5315 1772 5362 vr.
1796 5301 1879 5377 regni
1908 5303 1938 5361 in
1960 5301 2059 5374 Italia,

497 5463 555 5518 m.
582 5468 610 5530 n)
628 5469 728 5518 maxini
746 5466 773 5516 B
868 5468 895 5527 o)
913 5470 941 5518 in
960 5468 1106 5530 Quaroiolo
1124 5471 1153 5520 ia
1170 5468 1199 5522 Ζ.
1210 5473 1243 5521 17
1335 5473 1363 5538 p)
1381 5475 1492 5524 termine
1509 5474 1538 5523 in
1557 5471 1661 5538 Ospudi
1677 5474 1707 5523 ia
1723 5471 1752 5524 Ζ.
1765 5473 1798 5524 ll
1890 5471 1916 5538 q)
1932 5471 2061 5524 Perrilia·

583 5553 665 5587 nense
677 5539 706 5585 irs
717 5534 745 5586 Ζ.
757 5537 793 5586 18
878 5535 902 5600 r)
920 5553 980 5588 roco
993 5538 1020 5588 B
1108 5541 1129 5600 s)
1149 5539 1212 5590 oder
1228 5539 1333 5602 Mance,
1346 5543 1422 5594 mico
1434 5540 1461 5591 B
1546 5545 1567 5603 t)
1587 5542 1737 5594 Lemelensi
1748 5541 1775 5592 B
1856 5541 1884 5606 u)
1900 5543 2021 5592 traminis
2033 5541 2061 5594 B

583 5607 610 5666 v)
628 5607 729 5656 mstr'o'e'
746 5605 781 5668 Β,
805 5606 930 5658 eumue:
945 5606 1014 5657 noct
1031 5607 1060 5658 Ζ.
1079 5609 1115 5658 27
1209 5609 1242 5673 w)
1258 5610 1417 5661 manducare
1435 5609 1498 5662 oder
1514 5610 1669 5662 mandutare
1687 5611 1721 5675 B,
1738 5611 1910 5664 manduotare
1927 5629 1961 5656 =
1978 5625 2059 5663 manu
2077 5620 2110 5671 40

585 5692 692 5743 ductare
779 5690 806 5762 x)
823 5677 955 5760 capeland
972 5694 1006 5745 B.
