4560 6426
780 423 1010 482 HEINRICH
1032 424 1055 478 1.
1081 419 1270 478 927-928.

1000 607 1061 681 17.

200 758 375 832 Heinrich
401 757 542 831 sebenkt
566 757 646 830 dena
672 759 815 831 Kloster
841 756 880 836 S,
907 761 1030 833 Alban
1057 761 1112 833 bei
1138 761 1265 834 Maiaz
1291 762 1368 834 seia
1394 759 1469 836 Get
1493 762 1534 834 ia
1559 761 1751 835 Kostbeior.

1360 885 1468 942 Maias
1489 889 1554 945 927
1577 885 1734 944 December
1753 888 1805 946 29.

303 1073 456 1145 Absebrtft
471 1075 665 1147 Kiadliapers
686 1091 741 1132 cus
764 1073 829 1131 dean
848 1073 935 1132 made
957 1073 1007 1131 ries
1029 1077 1079 1133 18.
1099 1074 1126 1132 J
1125 1075 1151 1132 b.
1176 1077 1209 1132 ia
1230 1073 1333 1144 dassen
1348 1075 1523 1148 samaraeo
1539 1075 1596 1133 Bd.
1612 1079 1677 1135 137
1693 1093 1726 1149 p.
1743 1080 1784 1135 34
1808 1078 1848 1133 ior

303 1178 330 1235 lc.
355 1177 557 1238 Staatsurebio
577 1197 617 1237 aa
640 1179 779 1236 Mitaster
803 1176 866 1257 (A).
897 1212 939 1220 —
968 1177 1122 1249 Abscbrift
1145 1177 1258 1238 Scaeas
1280 1197 1336 1238 aas
1359 1179 1424 1237 clera
1447 1179 1573 1254 Aafaaq
1595 1180 1643 1239 cles
1666 1185 1716 1240 19.
1741 1180 1793 1240 Jb.
1818 1181 1851 1238 in

303 1282 404 1340 dassen
426 1283 497 1341 DD.
521 1284 705 1356 Riayraaiea
727 1282 785 1341 Bd.
809 1287 826 1341 1
850 1287 885 1340 η’)
906 1286 950 1341 17
970 1283 1003 1339 ia
1026 1281 1079 1341 der
1100 1282 1278 1340 Habelsclaa
1301 1282 1475 1356 Sammlana
1496 1302 1537 1342 aa
1559 1284 1735 1358 Mittenbera
1759 1283 1822 1362 (B).

304 1421 388 1494 Vocet
411 1422 529 1480 Besebr.
553 1440 609 1479 aaa
630 1422 753 1481 Nassaa
775 1424 839 1481 173
861 1422 909 1479 cit.
933 1437 990 1478 aas
1011 1419 1041 1479 A
1062 1439 1103 1478 aa
1126 1423 1197 1482 928.
1221 1455 1264 1463 -
1292 1420 1492 1479 Friedemaaa
1514 1424 1548 1479 ia
1569 1420 1680 1480 Archiv
1701 1421 1757 1493 far
1777 1423 1849 1481 besa

305 1524 405 1584 Gessit.
431 1527 460 1596 6,
483 1529 504 1583 8
526 1531 560 1583 a⁰
582 1529 602 1584 9
632 1527 679 1583 cit.
703 1541 759 1582 aas
782 1521 812 1581 A
832 1542 873 1582 aa
895 1527 967 1584 928.
991 1557 1033 1565 -
1062 1525 1160 1585 Waltz
1183 1524 1288 1585 Jahrb.
1313 1525 1353 1582 H.
1377 1530 1401 1580 1.
1424 1528 1484 1585 121
1509 1523 1599 1584 nam.
1622 1529 1646 1587 2
1666 1543 1723 1584 aas
1745 1525 1782 1584 A.
1809 1560 1851 1570 —

301 1629 429 1686 Bbbmer
450 1627 527 1687 Acta
548 1629 649 1687 selecta
672 1632 690 1686 1
714 1633 749 1686 n⁰
771 1632 788 1686 1
814 1645 870 1685 aas
892 1625 922 1685 A
943 1645 983 1684 aa
1005 1631 1078 1686 928.
1102 1661 1144 1670 -
1167 1627 1296 1701 Stampf
1313 1630 1385 1703 aa.
1408 1633 1460 1689 20.

149 1776 182 1823 10
301 1766 360 1824 Die
381 1767 521 1840 Fassaaa
543 1768 615 1826 btsst
638 1766 700 1837 auf
720 1766 781 1827 SD.
806 1765 851 1824 als
873 1764 1010 1824 Diaator
1031 1767 1192 1826 salitiosam.

404 1954 444 2018 In
466 1955 596 2018 nomine
620 1961 754 2018 sanctae
777 1960 810 2016 et
831 1951 1020 2018 individuae
1035 1953 1201 2017 trinitatis,
1225 1951 1388 2017 Henricus
1403 1952 1516 2017 divina
1530 1953 1662 2019 favente
1677 1953 1850 2020 clementia

198 2082 267 2123 rex.
350 2059 486 2123 Noverit
509 2059 653 2123 omnium
675 2056 820 2120 fidelium
843 2066 1028 2122 nostrorum
1051 2059 1249 2143 presentium
1274 2055 1399 2121 seilicet
1421 2066 1453 2121 et
1475 2057 1656 2123 futurorum
1679 2059 1849 2143 industria,

199 2161 338 2246 qualiter
358 2185 420 2226 nos
444 2161 485 2226 ob
510 2163 725 2226 interventum
749 2160 894 2225 fidelium
917 2171 1112 2243 nostrorum,
1135 2159 1312 2224 Hildiberti
1334 2160 1488 2225 videlicet
1503 2161 1694 2247 blaguntine
1713 2162 1850 2228 ecclesie

198 2265 394 2331 venerabilis
424 2265 663 2351 archiepiscopi
691 2288 752 2331 nec
783 2288 849 2330 non
879 2265 1017 2329 Hattoni
1047 2264 1156 2329 dilecti
1186 2265 1314 2330 comitis
1344 2265 1464 2348 nostri,
1498 2265 1659 2350 quasdam
1687 2289 1740 2332 res
1770 2268 1850 2331 iuris

149 2381 181 2428 15
199 2372 319 2454 nostri,
353 2370 388 2435 id
415 2379 466 2434 est
493 2370 641 2456 predium
671 2379 818 2435 nostrum
846 2370 881 2433 in
903 2368 983 2433 villa
1006 2390 1068 2454 que
1090 2367 1210 2432 dicitur
1232 2365 1391 2451 Costene,
1425 2369 1567 2453 inpage
1591 2366 1850 2454 Ounigissundra

199 2476 251 2538 cui
279 2474 445 2559 predictus
474 2475 577 2540 Hatto
609 2497 740 2560 preesse
770 2473 985 2558 conspicitur,
1020 2495 1094 2537 cum
1124 2471 1275 2537 omnibus
1304 2473 1371 2536 suis
1402 2472 1606 2557 pertinentiis
1635 2475 1669 2538 in
1699 2473 1850 2539 domibus

199 2579 284 2642 areis
302 2580 390 2663 agris
406 2579 510 2642 vineis
534 2577 625 2642 silvis
648 2579 752 2663 pratis
776 2578 901 2662 campis
924 2577 1057 2661 pascuis
1080 2578 1174 2662 aquis
1197 2598 1397 2661 aquarumve
1421 2575 1613 2642 decursibus
1635 2579 1730 2642 terris
1753 2577 1850 2642 cultis

199 2691 231 2744 et
254 2682 385 2746 incultis
408 2683 470 2745 viis
493 2691 526 2745 et
547 2682 645 2745 inviis
668 2680 812 2746 exitibus
836 2690 868 2744 et
890 2679 1072 2744 redditibus
1096 2681 1231 2764 quesitis
1254 2689 1287 2744 et
1315 2678 1516 2764 inquirendis
1539 2689 1571 2744 et
1594 2682 1680 2744 omni
1709 2680 1849 2745 utilitate

199 2806 261 2870 que
284 2785 327 2849 ad
350 2784 436 2849 idem
459 2785 608 2870 predium
632 2786 792 2870 pertinere
816 2784 1005 2866 dinoscitur,
1028 2783 1090 2847 deo
1115 2792 1294 2869 sanctoque
1309 2781 1439 2849 Albano
1463 2784 1548 2847 infra
1564 2785 1697 2847 civitate
1712 2784 1849 2870 Magan-

146 2898 181 2946 20
197 2891 266 2953 tina
290 2911 347 2952 seu
370 2890 439 2952 eius
463 2888 601 2952 ecclesie
624 2887 686 2951 hac
708 2897 822 2952 nostra
844 2885 1004 2971 imperiali
1027 2886 1274 2951 munificentia⁸
1302 2885 1480 2951 liberaliter
1509 2887 1672 2952 offerimus
1696 2897 1729 2951 et
1750 2886 1849 2952 tradi-

197 2992 305 3056 dimus
327 3002 485 3078 perpctuo
509 2991 753 3077 possidendum.
786 2991 832 3054 Et
853 2999 890 3054 ut
911 2990 973 3053 hoe
996 2991 1202 3054 auctoritatis
1223 3000 1335 3055 nostre
1358 2992 1480 3056 donum
1503 2991 1609 3056 eidem
1631 2991 1768 3056 ecclesie
1791 3014 1850 3076 per

198 3119 391 3162 successura
413 3105 562 3183 tempora
584 3096 712 3160 firmum
735 3103 866 3159 maneat
889 3103 921 3158 et
943 3092 1190 3175 inconvulsum,
1224 3093 1309 3159 hauc
1338 3104 1464 3159 cartam
1487 3095 1649 3161 conscribi
1673 3104 1705 3159 et
1727 3096 1847 3160 annulo

197 3210 308 3265 nostro
332 3201 479 3284 insigniri
502 3201 719 3286 precepimus.

299 3340 388 3402 Data
411 3356 457 3402 1v.
480 3337 548 3402 kal.
572 3339 710 3403 ianuarii
733 3360 819 3402 anno
842 3338 1077 3403 incarnationis
1099 3337 1222 3402 domini
1246 3353 1486 3423 Dccccxxvnl,
1510 3339 1687 3404 indictione
1710 3358 1738 3422 1,
1761 3363 1848 3404 anno

145 3453 179 3500 25
195 3445 287 3528 regni
310 3467 388 3508 vero
411 3445 498 3528 regis
521 3443 655 3508 Hearici
679 3461 760 3524 vn13
783 3451 892 3506 actum
916 3442 1102 3528 Maganti03
1125 3445 1157 3508 in
1181 3442 1233 3507 dei
1255 3444 1395 3508 nomine.

992 3651 1052 3727 18.

197 3804 371 3888 Heinrich
397 3805 537 3880 seberilst
563 3806 628 3879 der
645 3805 905 3878 Ministerialia
929 3805 1117 3904 Willibarq
1135 3804 1373 3903 Besitzuapea
1396 3807 1436 3878 ia
1453 3757 1630 3880 Eacitona
1647 3806 1727 3879 aad
1743 3807 1847 3878 Mea-

194 3927 293 4026 pede.
1358 3965 1530 4024 nonam
1552 3969 1616 4027 aaa
1641 3965 1731 4040 Aper
1753 3969 1803 4024 13.

302 4155 548 4230 Oripiaaidiplom
571 4159 613 4214 im
636 4157 663 4214 k.
688 4155 891 4216 Staatsarebiv
911 4175 952 4215 aa
974 4155 1079 4214 Berlin
1103 4154 1166 4233 (A).

144 4297 177 4345 30
297 4295 419 4352 Kettaer
433 4293 504 4353 Aat.
525 4295 715 4371 (basiliam
738 4301 809 4356 72⁰2
830 4313 886 4353 rsus
902 4294 930 4352 A
952 4312 992 4352 aa
1015 4298 1088 4363 927,
1111 4295 1166 4350 orit
1190 4292 1408 4366 V11.id.april.
1433 4325 1473 4334 -—
1496 4293 1593 4350 Eratb
1609 4291 1671 4352 OD.
1692 4293 1845 4369 Qualliab.

296 4403 319 4456 2
340 4403 410 4460 172
431 4416 487 4456 aas
510 4398 538 4456 A
560 4418 600 4457 aa
623 4404 687 4459 927
708 4402 762 4457 nsit
786 4401 872 4458 Fors.
895 4433 937 4441 —
960 4399 1088 4457 Bataua
1109 4399 1180 4470 Ray.
1206 4401 1248 4455 48
1270 4415 1310 4454 aa
1333 4401 1404 4456 927,
1429 4430 1470 4438 -
1494 4395 1623 4468 Stampf
1641 4399 1712 4470 Rea.
1736 4402 1787 4457 21.

300 4535 432 4606 Verfasst
455 4537 519 4595 aad
538 4539 720 4610 pesclrrteben
742 4555 797 4595 aaa
820 4537 931 4596 Simon.

296 4725 355 4804 (Ο.)
379 4719 393 4802 b
414 4723 453 4788 In
468 4725 598 4789 nomine
616 4734 749 4788 sanetae
766 4733 797 4788 et
813 4723 1001 4787 individuae
1017 4722 1182 4787 trinitatis,
1212 4721 1387 4786 Heinricus
1404 4720 1515 4785 divina
1531 4721 1661 4786 favente
1674 4721 1846 4787 clementia

194 4850 262 4892 rex.
350 4827 509 4892 Noverint
532 4850 645 4892 omnes
668 4827 780 4893 fideles
804 4827 906 4892 nostri
930 4835 1119 4912 praesentes
1143 4824 1269 4890 scilicet
1291 4836 1323 4890 et
1346 4827 1461 4910 futuri,
1496 4828 1573 4912 quia
1601 4849 1662 4890 nos
1684 4849 1743 4912 per
1764 4827 1778 4911 ἒ
1799 4828 1846 4891 in·

143 4955 176 5001 35
195 4940 376 4995 terventum
400 4929 602 4994 Mahthildac
624 4953 723 4994 carae
745 4932 894 5016 coniugis
917 4942 1049 4996 nostrae
1072 4929 1299 5016 Vuilliburgae
1321 4931 1408 4995 fideli
1432 4942 1564 4997 nostrae
1586 4931 1789 4995 ministeriali
1813 4932 1846 4995 in

194 5038 351 5102 comitatu
374 5036 536 5101 Fridarici
560 5037 593 5099 in
616 5035 695 5100 villa
719 5035 878 5101 Enchoua
901 5035 990 5100 dieta
1012 5035 1118 5099 hobas
1141 5043 1207 5098 tres
1229 5045 1263 5098 et
1285 5037 1318 5099 in
1340 5034 1419 5099 villa
1442 5035 1595 5120 blangide
1621 5032 1728 5098 hobae
1751 5037 1846 5100 unius

193 5141 276 5204 duas
304 5150 440 5225 partes²
469 5162 544 5205 cum
573 5139 743 5204 curtilibus
772 5139 931 5204 aedificiis
959 5138 1133 5222 mancipiis
1162 5140 1257 5202 terris
1284 5136 1381 5202 cultis
1411 5148 1443 5203 et
1471 5136 1601 5202 incultis
1631 5139 1720 5221 agris
1742 5140 1846 5224 pratis

193 5247 320 5330 campis
349 5246 483 5330 pascuis
512 5245 603 5309 silvis
631 5246 727 5329 aquis
756 5265 957 5330 aquarumve
986 5240 1178 5306 decursibus
1202 5243 1263 5305 viis
1286 5252 1319 5306 et
1341 5242 1437 5306 inviis
1460 5241 1603 5306 exitibus
1626 5263 1665 5304 ac
1687 5242 1846 5307 reditibus

193 5352 350 5436 quaesitis
373 5360 406 5415 et
428 5350 629 5435 inquirendis
658 5349 872 5434 omnibusque
900 5347 998 5412 rebus
1026 5347 1155 5431 magnis
1184 5368 1224 5410 ac
1253 5348 1364 5432 parvis
1394 5346 1438 5410 ad
1466 5345 1600 5411 easdem
1627 5344 1733 5410 hobas
1763 5349 1846 5411 iuste

141 5471 175 5518 40
193 5454 402 5540 legitimeque
431 5453 668 5539 pertinentibus
698 5451 906 5518 aeternaliter
934 5453 968 5516 in
998 5453 1166 5537 proprium
1196 5451 1399 5516 donavimus.
1438 5450 1596 5513 Iussimus
1624 5468 1753 5534 quoque
1784 5449 1845 5513 hoc

297 5642 336 5695 17.
364 5641 598 5710 [Philippi-Foltz]
702 5645 728 5706 a)
748 5643 944 5695 munificentiae
962 5642 995 5696 A.

297 5746 336 5800 18.
363 5746 471 5814 [Sickel]
576 5751 601 5810 a)
621 5750 743 5813 conata
764 5766 813 5799 area
836 5750 933 5801 hobam
948 5748 954 5818 Ι
969 5749 1113 5800 dimidiam.
