4554 6414
433 387 494 450 150
942 447 951 456 .
1027 399 1478 458 KAISERURKUNDEN.

533 582 593 640 Dio
614 583 667 640 mit
691 584 898 657 Monoyrornnr
920 584 984 641 nnd
1007 583 1067 642 SR.
1091 585 1243 642 resonent
1266 583 1419 655 Absclrrist
1443 585 1468 641 Α
1491 587 1582 657 diesst
1606 588 1841 646 coalesclieinliclr
1856 605 1914 646 ans
1930 587 2000 644 dem
2020 586 2093 645 Ore-'-

530 685 614 758 piant
636 686 699 743 nnd
721 686 793 745 le'r'sst
816 687 860 744 als
883 687 1033 747 Sclrreiber
1055 687 1200 745 desselben
1223 687 1289 745 BB.
1316 689 1478 762 erleennen,·
1511 693 1554 748 ste
1576 693 1614 748 ist
1636 694 1669 748 in
1691 692 1744 752 der
1765 693 1960 764 Hauptsoolre
1981 707 2092 748 meer-

533 789 637 862 le'tssr'p,
673 791 783 848 obroold
811 791 863 848 der
886 789 984 863 Capiet
1014 793 1046 849 in
1074 793 1171 849 seiner
1192 791 1248 848 Art
1272 794 1366 865 einiye
1389 793 1487 851 Worte
1514 795 1690 866 abycdndert
1720 795 1783 852 tend
1805 795 1853 852 die
1875 797 2091 868 Eiyernmmen

531 892 681 963 mehrseclr
704 894 893 952 rnodernisirt
915 895 975 952 lat.
1013 894 1153 968 Dayeyen
1175 897 1213 952 ist
1237 895 1285 952 die
1300 894 1452 967 Abselen'st
1468 895 1506 955 A‘
1522 915 1577 954 eon
1599 899 1666 955 sehr
1684 902 1832 972 perinyem
1857 899 1982 968 Weidner,
2007 897 2091 956 dean

534 998 566 1053 e'n
587 997 635 1054 ilie
656 998 694 1055 ist
717 997 764 1054 elie
790 998 931 1056 Urlrnnde
953 999 1017 1055 hier
1038 998 1102 1056 nnd
1129 998 1169 1055 do
1197 998 1290 1055 dnrelr
1315 999 1445 1057 Znsltlee
1472 1003 1614 1058 erneitert
1642 1002 1706 1058 nnd
1736 1004 1773 1060 ist
1803 1002 2010 1061 tnsbesondere
2041 1001 2125 1059 dice

531 1101 683 1174 Delicium
711 1102 786 1159 neele
815 1103 908 1158 cineae
937 1105 970 1160 in
1004 1103 1067 1159 dein
1097 1099 1260 1160 Olertnlnr
1287 1102 1348 1158 siclt
1381 1101 1427 1172 oft
1455 1103 1701 1162 wiederlrolenden
1735 1104 1853 1163 Schema
1888 1106 2089 1163 etberarbeilel

533 1205 656 1262 troezen.
692 1206 734 1263 Es
758 1208 796 1264 ist
820 1205 882 1264 also
905 1207 973 1263 lein
992 1205 1101 1264 Grnnd
1122 1205 1290 1263 vorlanden
1309 1208 1373 1262 eine
1391 1206 1455 1264 dnn
1470 1207 1638 1266 Daune.
1656 1211 2007 1282 eleemonsynam
2030 1209 2089 1267 Ur-

530 1307 628 1366 nonde
650 1310 720 1368 oder
741 1311 817 1367 arten
838 1328 899 1367 nter
923 1312 986 1366 eine
1008 1309 1130 1379 fell-ltere
1145 1306 1364 1382 Anssertipnny
1380 1311 1591 1368 anerrnelnnen.
1625 1310 1668 1368 do
1684 1311 1759 1368 ancli
1773 1329 1828 1368 eon
1844 1311 1901 1369 den
1917 1311 2088 1370 Varianten

530 1429 628 1469 roaren
642 1430 703 1470 nnr
718 1413 765 1470 die
780 1414 1065 1485 tatrptsle'cldicleslen
1080 1430 1120 1469 en
1135 1413 1331 1482 cereciclrncn,
1356 1431 1407 1470 nm
1424 1412 1478 1471 dns
1494 1413 1675 1472 Verln'r'ltniss
1691 1415 1787 1473 beider
1803 1413 2088 1487 Ueberliefernnqen

528 1533 569 1572 en
592 1517 733 1574 einander
756 1516 918 1574 ersicldlielr
939 1535 980 1574 en
1002 1516 1137 1596 semelen„
1157 1549 1194 1557 —
1219 1515 1295 1573 Dein
1318 1517 1467 1574 Protololl
1490 1518 1566 1574 neele
1589 1517 1664 1574 nied
1686 1517 1753 1576 BB.
1777 1519 1852 1575 oncle
1874 1518 1920 1576 als
1943 1517 2087 1576 Dictator
2108 1533 2141 1578 10

528 1637 568 1676 en
596 1621 759 1677 betrnelrtcn
787 1621 859 1678 sein.
906 1621 952 1678 Er
974 1621 1023 1678 lint
1052 1622 1101 1676 ein
1123 1621 1182 1677 ilnn
1208 1619 1374 1692 qeliesertes
1402 1620 1600 1678 Verecielrniss
1629 1621 1682 1679 der
1709 1621 1928 1694 Klosterprlter,
1965 1621 2085 1679 welches

527 1724 589 1780 sicli
611 1743 681 1781 enm
708 1724 790 1782 Tlrce'l
812 1743 853 1782 ori
875 1725 923 1782 die
952 1726 991 1782 im
1023 1725 1161 1796 Riemann
1189 1725 1335 1781 errea'llrnte
1364 1723 1536 1795 Sclrenlennq
1566 1725 1616 1781 des
1645 1724 1783 1794 Biselrofs
1810 1723 1976 1794 Ado-lbere,
2012 1741 2086 1781 enne

531 1827 615 1884 l'lreil
642 1846 682 1885 ari
710 1828 758 1886 die
786 1846 1078 1901 corausqeoanoenni
1107 1827 1272 1885 Besitetitel
1299 1845 1355 1884 eon
1381 1827 1476 1886 Goree
1505 1827 1540 1905 (s.
1566 1826 1677 1887 calm-et
1705 1829 1723 1886 l.
1753 1847 1775 1886 e.
1798 1827 1996 1904 ers-338)
2029 1847 2085 1886 nri·

527 1930 673 1998 scldiessl,
707 1929 824 2001 eirrsoclr
847 1931 1056 2004 eineresclraltet.
1095 1931 1156 1987 Mit
1178 1928 1273 1999 Hillse
1296 1930 1392 1988 dieser
1411 1931 1573 1990 Urlcnnden
1596 1933 1693 1990 lossen
1715 1933 1776 1990 sicle
1797 1933 1873 1990 ancli
1896 1932 1943 1990 die
1970 1935 2004 1989 in
2032 1933 2087 1989 der

527 2031 682 2104 Alisclrril't
704 2033 733 2092 Α
756 2033 924 2092 cerderblcn
950 2033 1126 2092 Odenamen
1149 2034 1253 2104 ricldio
1276 2033 1386 2091 stellen.
1417 2068 1458 2076 —
1487 2036 1555 2092 Ftr‘r
1578 2036 1625 2093 die
1647 2037 1834 2108 Einreilennq
1859 2053 1915 2093 von
1944 2035 2014 2095 DO.
2042 2040 2138 2095 7015

526 2137 598 2193 lralrc
626 2137 672 2194 iclr
697 2137 792 2210 pletelr
813 2137 971 2195 Dte'rnnder
994 2140 1026 2194 in
1049 2137 1156 2196 rano.
1184 2136 1216 2196 0.
1238 2145 1260 2195 I.
1285 2141 1348 2196 144
1378 2139 1431 2195 dns
1461 2116 1713 2214 lleoiernnnsjulrr
1740 2140 1784 2197 als
1814 2139 2006 2211 smussyebend
2037 2140 2084 2196 be-

526 2241 656 2297 traeldet.
695 2239 737 2298 Ob
761 2241 808 2298 die
831 2241 947 2299 arrdern
962 2241 1229 2300 June-esnaeistae
1251 2243 1399 2314 erririeldip
1422 2241 1593 2312 llberliefert
1616 2243 1686 2300 sind
1708 2243 1776 2299 oder
1793 2260 1824 2301 so
1843 2243 1949 2300 bereits
1974 2245 2006 2298 in
2030 2243 2085 2300 der

529 2342 677 2414 llesclrrifl
700 2345 833 2412 standon,
858 2345 931 2402 le'r'sst
954 2347 1016 2402 sicli
1036 2347 1116 2402 nield
1140 2346 1338 2415 entsclreidcn,·
1361 2345 1431 2403 doeli
1453 2346 1560 2402 nonna
1583 2345 1639 2416 far
1661 2347 1789 2404 leletercs
1808 2345 1926 2418 pellerid
1945 2347 2082 2417 yerrmclrt

528 2449 642 2506 *rccrdcn
665 2449 735 2506 dass
758 2450 806 2507 die
831 2450 940 2507 anrlen
966 2465 976 2510 1
1001 2451 1064 2508 nrnl
1088 2465 1123 2510 lx
1148 2451 1218 2518 sicle,
1243 2467 1327 2506 rcenn
1349 2449 1423 2506 aeccle
1446 2449 1580 2518 eerstcllt,
1606 2451 1637 2506 in
1659 2447 1696 2507 A‘
1717 2448 1883 2522 plciclrfolls
1905 2449 2017 2520 finden.

628 2670 665 2734 In
689 2671 819 2734 nomine
843 2681 954 2732 sancte
983 2679 1015 2731 et
1044 2668 1210 2732 individue
1242 2672 1406 2733 trinitatis,
1453 2669 1530 2734 (sltto
1561 2669 1612 2733 dei
1642 2673 1746 2754 gratia
1774 2693 1842 2736 rex.
1944 2673 2085 2739 Noverit
2103 2686 2137 2731 20

423 2777 567 2839 omniurn
600 2773 745 2838 fidelium
779 2784 964 2837 nostrorum
998 2783 1066 2836 tarn
1096 2775 1294 2858 presentium
1324 2796 1421 2858 quani
1451 2783 1483 2836 et
1513 2775 1695 2838 futurorum
1730 2773 1904 2856 industria,
1942 2778 2085 2862 qualiter

422 2878 589 2942 Adalbero
614 2879 810 2942 Metensium
832 2880 1006 2962 episeopus
1030 2899 1088 2961 por
1110 2879 1328 2941 interventum
1355 2875 1521 2960 Ououradi
1545 2876 1757 2940 Lodariensia
1786 2877 1904 2942 ducis‘²
1932 2891 2084 2946 nostram

422 2982 503 3046 adiit
525 2983 742 3062 elementiam,
767 2981 947 3066 deprecans
970 2991 1006 3044 ut
1028 3003 1080 3044 res
1104 3002 1185 3065 quaa
1209 2982 1278 3064 ipse
1294 2977 1460 3042 Adalbero
1478 2979 1520 3043 ad
1536 2982 1769 3044 monasterium
1784 2983 1817 3044 iu
1832 2981 1957 3046 honore
1974 2987 2082 3048 saneti

422 3085 508 3148 Petri
538 3085 763 3170 apostolorum
793 3086 950 3169 principis
980 3094 1201 3147 constructum
1231 3082 1319 3168 quod
1349 3081 1472 3146 Gorzia
1500 3085 1703 3166 nominatur,
1737 3083 1792 3147 ubi
1815 3085 1952 3149 menbra
1976 3087 2083 3151 inoliti

422 3191 562 3253 inartiris
587 3189 746 3272 Gorgouii
772 3191 952 3274 quiescunt,
976 3185 1018 3250 ad
1041 3209 1187 3250 mensam
1207 3187 1341 3251 fratrum
1358 3187 1478 3250 ibidem
1496 3187 1673 3251 secuudum
1690 3187 1836 3270 regulam
1852 3191 1958 3252 sancti
1974 3190 2082 3255 Bene
2101 3209 2135 3256 ²25

422 3292 500 3356 dieti
525 3292 586 3356 deo
610 3292 820 3356 militantium
844 3291 933 3356 dedit
955 3291 1006 3354 rel
1030 3301 1127 3354 antea
1151 3314 1171 3354 a
1193 3291 1479 3376 predecessoribus
1503 3292 1570 3354 suis
1586 3290 1630 3354 ad
1646 3291 1827 3375 predictum
1842 3296 2082 3359 monasterium

422 3397 517 3460 datas
541 3398 666 3461 invenit
688 3434 730 3442 —
753 3396 906 3460 videlicet
927 3395 1058 3462 Bodulfi
1080 3395 1194 3460 villam
1217 3419 1290 3460 eum
1315 3396 1464 3460 omnibus
1489 3397 1555 3458 suis
1577 3395 1798 3479 appendiciis,
1821 3395 1969 3462 Noviant
1991 3400 2081 3463 simi·

420 3501 496 3565 liter
518 3523 592 3565 euru
616 3503 683 3566 suis
707 3501 922 3586 appendiciis,
946 3501 1161 3565 Uuasatioum
1184 3511 1216 3564 et
1238 3501 1350 3564 villam
1374 3500 1484 3564 domni
1501 3499 1657 3584 Stephani
1677 3522 1751 3563 cum
1769 3499 1976 3585 appendiciis
2000 3505 2081 3584 suis,

421 3605 565 3668 Pennmn
589 3627 664 3668 eum
692 3606 759 3668 suis
788 3604 1010 3689 appendiciis,
1045 3604 1304 3690 ecclesiamque
1328 3605 1432 3667 estin
1456 3604 1534 3668 villa
1559 3602 1725 3667 Garniaco
1750 3627 1823 3668 cum
1847 3603 1978 3669 duabus
2001 3630 2082 3692 cap

421 3706 525 3791 pellis
550 3707 723 3770 eeclesiam
747 3731 809 3792 qne
832 3719 881 3771 est
904 3710 936 3771 in
961 3708 1037 3772 villa
1061 3708 1158 3772 Siaco
1182 3730 1257 3771 eum
1279 3706 1406 3791 capella
1429 3729 1504 3786 una,
1529 3726 1565 3771 lx
1582 3707 1741 3773 mansosb
1764 3711 1797 3772 in
1811 3708 1974 3794 villaque
1997 3709 2081 3773 dioi-
2099 3727 2134 3771 :m

420 3822 473 3875 tur
495 3810 700 3890 Molendum,
731 3812 857 3894 Lagnei
881 3811 994 3875 villam
1017 3835 1092 3876 curu
1114 3809 1318 3895 appendiciis
1342 3812 1425 3892 suis,
1455 3812 1566 3876 villam
1590 3813 1810 3894 Domineum,
1844 3812 2021 3877 ecclesiam
2046 3816 2080 3877 iu

422 3913 592 3996 Gaugiaeo
606 3923 626 3996 0,
650 3914 835 3999 cappellam
859 3916 892 3977 in
915 3913 1072 3978 Madelini
1096 3925 1185 3978 curte
1209 3925 1241 3977 et
1263 3914 1362 3978 aliam
1386 3913 1496 3979 domni
1521 3915 1653 3979 Martini
1677 3915 1815 3992 dietam,
1844 3914 2022 3979 eeclesiam
2047 3918 2082 3980 in

421 4017 619 4100 (brueriam,
654 4018 828 4082 eeclesiam
857 4019 961 4081 sancti
990 4018 1129 4081 Mariani
1158 4018 1192 4080 in
1222 4017 1393 4082 subteriori
1422 4021 1496 4082 vieo
1527 4021 1622 4082 sitam
1652 4042 1727 4084 eum
1754 4018 1880 4102 capella
1904 4021 1938 4081 in
1961 4019 2082 4084 Bionis

358 4177 369 4190 .
420 4133 511 4186 curte
534 4135 566 4188 et
589 4125 698 4188 omnia
722 4145 784 4209 que
807 4122 850 4186 ad
873 4121 1052 4208 predictam
1076 4121 1249 4186 eeclesiam
1278 4124 1458 4207 aspiciunt,
1481 4122 1676 4207 Uuarengisi
1707 4122 1818 4186 villam
1847 4145 1923 4186 eum
1953 4144 2083 4208 appeu-

421 4226 516 4290 diciis
540 4229 620 4308 suis,
645 4237 788 4291 montem
811 4226 944 4291 Uironis
968 4248 1042 4290 eum
1065 4225 1268 4309 appendiciis
1293 4228 1378 4308 suiS,
1402 4237 1546 4291 montem
1569 4225 1702 4308 (ludim,
1727 4225 1950 4307 Sumalonam‚
1974 4227 2084 4291 eccle
2102 4241 2137 4288 35

420 4331 502 4393 siam
527 4326 637 4394 domui
657 4329 800 4410 Martini,
823 4328 981 4393 Uuasnau
1005 4339 1037 4391 et
1060 4339 1204 4392 montem
1223 4329 1366 4393 Medium
1390 4353 1464 4394 oum
1487 4329 1692 4415 appendiciis
1715 4332 1791 4410 suis,
1814 4328 1975 4392 ecelesias
1994 4329 2084 4395 duas

419 4435 453 4496 in
476 4434 605 4498 Paterni
629 4432 708 4496 villa
731 4455 804 4496 euru
830 4435 950 4496 mansis
973 4431 1017 4495 ad
1044 4454 1100 4494 eas
1129 4433 1381 4516 pertinentiber
1415 4435 1443 4498 F
1446 4431 1681 4498 lumereshemd
1716 4455 1790 4497 cum
1823 4431 1967 4495 ecelesia
2000 4457 2083 4516 una,

419 4536 592 4600 ecelesiam
616 4559 678 4622 que
702 4547 751 4599 est
773 4537 805 4600 in
820 4535 899 4598 silla
916 4534 1087 4620 lsemburg
1109 4547 1140 4599 et
1163 4538 1298 4600 terciam
1320 4547 1445 4622 partem
1469 4537 1614 4601 eiusdem
1636 4536 1712 4600 cille
1735 4545 1766 4598 et
1789 4536 1923 4598 terciam
1948 4549 2085 4621 partem

419 4640 500 4704 silve
523 4652 555 4703 et
577 4650 686 4704 cetera
709 4661 772 4724 que
794 4639 837 4702 ad
860 4640 966 4723 ipsam
989 4639 1136 4722 aspicere
1158 4638 1343 4722 ridentur0,
1367 4641 1523 4726 quicquid
1545 4651 1678 4704 sanctus
1697 4639 1882 4722 Gorgonius
1907 4641 1941 4702 in
1962 4638 2087 4707 Cluso-

417 4741 499 4807 redo
527 4742 657 4816 habuit,
693 4764 821 4805 ornnem
848 4741 1106 4806 decimacionem
1129 4742 1168 4806 de
1190 4743 1268 4808 vino
1291 4766 1422 4809 annona
1445 4757 1478 4808 et
1499 4745 1573 4808 feno
1597 4766 1636 4806 ao
1660 4746 1726 4809 lino
1751 4746 1781 4809 in
1804 4742 1883 4806 xilla
1904 4743 2087 4811 Pomaries
2106 4762 2143 4807 so

418 4857 452 4910 et
473 4847 506 4908 in
529 4846 682 4910 Bredalio
706 4856 738 4909 et
760 4847 793 4908 iu
817 4845 1000 4926 Gamiaco,
1035 4847 1067 4908 in
1091 4845 1206 4930 Siaeo,
1241 4859 1274 4912 et
1303 4846 1342 4910 de
1371 4849 1474 4911 vineis
1513 4847 1756 4911 indominicatis
1784 4869 1846 4932 que
1881 4859 1959 4910 stum
1990 4851 2088 4914 eirca

419 4949 540 5028 Mettis,
564 4948 604 5012 de
628 4948 811 5030 Gaudiaco,
835 4948 875 5012 de-
897 4947 1041 5013 Prunido
1055 4947 1073 5030 f,
1098 4948 1138 5013 de
1160 4950 1268 5032 Falto,
1292 4951 1332 5015 de
1354 4951 1436 5032 Fao‚
1460 4950 1500 5014 dc
1523 4949 1723 5018 Uulteriaeo.
1751 4950 1790 5014 de
1813 4947 1964 5014 Haldulfi
1989 4952 2088 5032 villa,

419 5051 460 5116 de
484 5051 673 5134 Sarcotaga
698 5051 738 5114 dc
760 5051 919 5116 Frucellis
942 5051 1103 5116 decimam
1126 5053 1405 5136 indominicatam,
1428 5076 1577 5118 mansum
1601 5055 1685 5117 infra
1708 5053 1818 5116 Mettis
1841 5053 1931 5137 quod
1957 5053 2090 5122 dicitur

418 5153 545 5236 Aurea,
579 5155 722 5218 alodium
752 5155 840 5240 quod
864 5154 1103 5236 Angehannms
1131 5168 1244 5221 sancto
1269 5157 1437 5242 Gorgonio
1461 5157 1550 5222 dedit
1572 5158 1616 5222 ad
1639 5171 1782 5221 montem
1811 5157 1926 5220 [ouis⁸
1950 5195 1998 5206 —
2022 5185 2091 5228 nos

522 5382 562 5435 70.
591 5382 687 5452 [notul
791 5387 817 5434 ai
837 5401 862 5450 p.
882 5387 899 5434 i.
918 5385 1049 5433 Bmuouis
1073 5383 1263 5449 archiepiscopi
1288 5393 1367 5449 atque
1389 5385 1570 5434 l'uillibemmi
1594 5383 1788 5450 archiepiscopi
1810 5383 1842 5432 A'
1951 5385 1983 5446 b>
2006 5395 2035 5438 at
2055 5407 2092 5441 eo
2112 5397 2149 5444 45

590 5456 703 5518 amplius
716 5451 748 5503 A'
836 5457 861 5510 c)
880 5454 1020 5503 ecelesiam
1038 5455 1065 5502 iu
1084 5452 1183 5502 honore
1202 5457 1286 5502 sancti
1304 5453 1410 5502 Audree
1428 5457 1455 5502 iu
1474 5453 1611 5503 Gaudiaco
1630 5452 1661 5502 A'
1749 5454 1776 5509 dt
1796 5453 2036 5507 Flammamshem
2056 5461 2093 5509 A'

591 5535 615 5572 e)
635 5524 758 5572 ridentur
781 5538 860 5587 super
883 5524 991 5571 flurium
1016 5522 1127 5572 Mosella
1151 5521 1182 5570 A'
1286 5524 1359 5582 Ode
1378 5523 1508 5580 Pruuido‚
1536 5523 1570 5572 de
1593 5524 1724 5572 Militiaco
1748 5521 1780 5571 A'
1889 5527 1920 5586 g)
1939 5525 1979 5574 ad
2000 5543 2037 5578 m.
2057 5531 2094 5588 l..

592 5592 693 5640 Odouis
712 5592 811 5644 sillam.
830 5592 966 5640 Enuurddi
984 5592 1083 5648 villam,
1103 5591 1242 5639 eeclesiam
1262 5593 1289 5642 in
1307 5593 1372 5640 villa
1391 5592 1457 5650 Fae,
1483 5593 1622 5641 ecclesiam
1641 5595 1667 5640 in
1686 5590 1750 5640 villa
1768 5593 1852 5640 asueti
1871 5591 2004 5644 Marcelli
2025 5615 2093 5648 cum

592 5662 696 5726 capella
714 5677 775 5722 irus,
794 5661 886 5710 villam
904 5676 955 5725 quc
974 5660 1072 5708 dicitur
1090 5659 1187 5709 Suirou
1204 5659 1244 5710 a'.
