4500 6428
380 422 444 488 282
978 433 1426 493 KAISERURKUNDEN.

381 613 527 698 galibus,
558 615 645 678 etin
669 614 773 679 salina
795 614 923 679 curtilia
945 636 1020 680 cum
1042 614 1172 700 patellis
1194 613 1453 702 patellarumque
1474 613 1573 696 locis,
1600 637 1675 680 cum
1695 616 1817 680 foresto
1841 611 1893 676 ad
1915 609 2057 675 flumen

380 716 492 781 'Ituna
515 725 547 780 et
569 715 660 781 silvis
684 718 785 802 pratis
808 718 939 802 pascuis
964 716 1210 801 saginatiobusi
1231 717 1460 783 venationibus
1482 719 1576 803 aquis
1594 739 1817 803 aquarumque
1835 709 2056 779 decursibus

379 819 633 905 piscationibus,
663 830 761 906 prout
783 830 858 885 ante
880 820 982 906 regali
1006 829 1167 906 potestate
1190 823 1224 885 in
1247 843 1356 906 panno
1380 830 1488 904 erant,
1523 819 1762 886 molendinibus
1793 817 2056 884 molendinum-

381 946 443 1010 que
465 923 548 990 locis
569 927 631 988 viis
653 936 686 990 ct
707 927 805 990 inviis
828 927 963 1013 quesitis
986 935 1018 989 et
1045 924 1246 1013 inquirendis
1274 927 1408 990 interius
1438 925 1491 988 vel
1520 927 1661 989 exterius
1692 924 1916 1010 omnibusque
1950 929 2056 985 uten-

382 1026 495 1094 silibus
518 1027 562 1092 ad
584 1029 723 1094 eundem
745 1029 855 1096 locum
879 1028 1104 1095 Grabanastat
1125 1031 1195 1094 iure
1217 1029 1464 1115 pcrtinentibus,
1492 1039 1604 1095 nostro
1627 1031 1717 1114 regio
1740 1052 1828 1095 more
1853 1026 2095 1114 praedictise

379 1133 546 1196 canonicis
569 1154 644 1197 cum
667 1135 755 1198 omni
778 1136 963 1219 integritate
986 1134 1223 1216 concessimus,
1258 1154 1297 1197 ea
1320 1143 1428 1198 tamen
1451 1135 1577 1198 ratione
1600 1143 1650 1216 ut,
1685 1136 1712 1197 si
1743 1136 1928 1220 episcopus
1960 1132 2056 1194 eius-

381 1233 455 1298 dem
481 1238 667 1301 monasterii
693 1235 755 1320 hec
781 1239 1005 1322 suprascripta
1035 1235 1076 1300 de
1106 1258 1238 1301 annona
1268 1235 1529 1326 canonicorumk
1560 1237 1718 1302 violenter
1744 1239 1881 1322 eripiat,
1920 1244 2058 1299 cuncta

379 1337 515 1404 redeant
539 1341 573 1404 in
595 1349 792 1426 potestatem
815 1340 934 1425 domne
956 1340 1063 1425 Iudite
1087 1350 1119 1405 et
1141 1339 1198 1404 filii
1223 1343 1291 1405 eius
1314 1341 1461 1406 Heinrici
1486 1342 1588 1407 ducis.
1633 1342 1791 1407 Iussimus
1814 1363 1959 1428 quoqne
1983 1338 2057 1403 hoc

378 1465 512 1528 presens
534 1453 725 1529 preceptum
747 1444 823 1509 inde
846 1443 1020 1527 conscribi,
1044 1452 1076 1509 et
1097 1454 1134 1509 ut
1155 1444 1216 1528 hec
1238 1453 1349 1529 nostre
1372 1444 1560 1510 donationis
1582 1446 1760 1510 auctoritas
1782 1444 1916 1508 firmior
1942 1440 2057 1506 stabi·

377 1545 503 1632 liorque
526 1546 736 1633 sequentibus
759 1547 959 1633 temporibus
983 1549 1152 1629 consistat,
1176 1547 1265 1613 anuli
1287 1550 1390 1614 nostri
1407 1550 1623 1634 impressione
1638 1551 1723 1614 intus
1740 1546 1880 1632 sigillari
1897 1546 2056 1610 fecimus
2079 1556 2112 1602 10

378 1671 541 1736 manuque
564 1652 697 1735 propria
718 1651 930 1716 firmavimus.

480 1805 494 1884 l
517 1805 654 1891 Signum
676 1805 820 1873 dominii
843 1807 974 1873 Ottonis
998 1811 1194 1876 serenissimi
1220 1811 1310 1892 (ΜΡ.)
1334 1810 1487 1896 τθςίε.1ξ

480 1927 495 2010 ἒ
516 1928 681 1995 Liutolfns
704 1930 919 1996 cancellarius
943 1931 1092 1998 advicem
1107 1933 1271 1998 Brimonis
1290 1932 1544 2019 archicapellani
1562 1935 1749 2034 recognovi.
1771 1933 1786 2016 ξ
1806 1934 1868 2013 (SI.
1887 1933 1936 2014 1.)
1964 1933 2059 2013 (SR.)

481 2083 571 2149 Data
592 2102 638 2150 VI.
661 2084 705 2150 id.
735 2088 801 2150 iun.
830 2109 916 2152 anno
946 2087 1109 2174 dominice
1137 2091 1373 2155 incarnationis
1401 2105 1630 2172 nccccnvnn,
1662 2088 1841 2153 indictione
1866 2105 1917 2169 11,
1958 2109 2057 2152 anno

378 2208 456 2250 vero
480 2190 571 2271 regni
593 2189 732 2273 piissimi
754 2191 840 2274 regis
864 2189 995 2256 Ottonis
1018 2209 1141 2275 xxm13
1164 2202 1274 2257 actum
1295 2193 1398 2274 Rore3
1420 2194 1453 2256 in
1477 2192 1529 2258 dei
1551 2194 1683 2258 nomine
1705 2191 1844 2258 feliciter
1867 2214 1988 2257 amen.
2080 2207 2114 2253 te

1157 2433 1244 2510 203.

388 2580 469 2659 Otto
500 2585 642 2660 ecbenkt
671 2587 742 2660 den
772 2588 952 2663 Mbodteo
982 2589 1043 2663 des
1078 2589 1111 2664 b.
1140 2589 1352 2664 &emeram
1382 2615 1427 2663 zu
1458 2587 1688 2686 Repenbary
1717 2570 1974 2682 Bacmnqen
2009 2609 2061 2656 zu

388 2703 613 2804 Velamen.
1662 2745 1744 2804 noar
1766 2747 1830 2805 959
1856 2743 1948 2803 June
1973 2748 2009 2804 9.

484 2932 732 3008 Oricinantipzom
754 2937 797 2994 im
818 2936 846 2994 lc.
870 2937 1079 2996 Reictsorchio
1099 2956 1141 2997 aa
1161 2938 1313 2996 Manciae
1336 2933 1398 3015 (A).

480 3074 542 3131 Per
565 3075 649 3134 Thea
673 3078 715 3146 1⁶,
740 3077 783 3136 52
803 3078 876 3134 21⁰3
899 3093 955 3135 aas
977 3077 1007 3134 Β
1030 3099 1070 3130 =
1094 3077 1197 3149 Maio
1218 3073 1286 3134 ΒΑ.
1309 3071 1374 3146 21⁶,
1399 3078 1462 3135 106
1484 3081 1517 3132 n⁰
1532 3077 1605 3134 101.
1631 3107 1669 3116 -
1693 3073 1785 3132 Liber
1800 3073 1894 3145 prob.
1921 3073 2055 3132 Ratisb.
2076 3077 2112 3125 20

481 3181 545 3237 110
566 3183 601 3234 a⁰
616 3181 658 3237 43
680 3195 737 3237 aaa
760 3179 797 3236 A.
821 3211 863 3222 —
885 3178 962 3237 Rieu
979 3177 1041 3238 OD.
1058 3181 1175 3240 Rate'ab.
1199 3185 1229 3250 1,
1253 3182 1295 3239 98
1316 3185 1351 3236 o⁰
1365 3182 1428 3239 104
1450 3195 1507 3237 aas
1529 3178 1566 3236 A.
1592 3209 1630 3219 —
1654 3175 1735 3234 Mon.
1760 3175 1858 3233 Boieo
1880 3177 1958 3245 28⁶,
1985 3177 2056 3234 185

480 3286 515 3338 a⁰
529 3285 594 3342 128
615 3299 672 3341 aas
695 3280 732 3341 A.
756 3315 798 3326 -
820 3283 951 3342 Bahmer
972 3285 1045 3356 Req.
1068 3286 1141 3343 229.
1170 3315 1207 3325 -
1232 3281 1358 3355 Stampf
1378 3282 1451 3354 Rea.
1474 3282 1547 3340 265.

485 3418 547 3477 Vim
570 3419 636 3479 DF.
660 3420 855 3480 aamittdbar
874 3422 951 3481 nucis
972 3420 1041 3482 Do.
1064 3426 1130 3484 202
1148 3423 1341 3496 yescbriebea.

480 3622 538 3705 (c.)
559 3620 574 3708 ξ
595 3623 634 3688 In
655 3626 787 3690 nomine
811 3635 944 3690 sanctae
967 3637 999 3690 et
1021 3624 1208 3691 individuae
1231 3627 1394 3690 trinitatis.
1442 3622 1520 3689 Otto
1544 3623 1596 3688 dci
1619 3625 1724 3708 gratia
1745 3645 1816 3687 rex.
1916 3621 2051 3688 Notum

380 3727 423 3791 sit
446 3725 598 3792 omnibus
620 3726 773 3793 fidelibus
795 3732 917 3794 nostris
940 3729 1145 3815 presentibus
1169 3729 1295 3794 scilicet
1316 3739 1349 3793 et
1370 3729 1502 3812 futuris,
1531 3724 1545 3812 ξ
1574 3726 1711 3813 qualiter
1736 3747 1797 3790 nos
1822 3724 1866 3789 ob
1892 3741 2105 3791 amoremne

379 3829 431 3895 dei
463 3831 695 3915 omnipotentis
727 3854 766 3896 ac
795 3832 999 3898 remedium*
1027 3843 1160 3898 nostrae
1182 3835 1311 3897 animae
1333 3841 1365 3897 et
1387 3855 1445 3919 per
1467 3833 1682 3896 interventum
1704 3828 1903 3893 Michahelis
1927 3829 2052 3894 Ratas-

378 3936 534 4020 ponensis
568 3934 729 4002 ecclcsiae
763 3937 910 4022 episcopi
944 3935 1113 4002 monachis
1147 3938 1180 4001 in
1214 3935 1362 4022 predicta
1395 3935 1475 4001 urba
1509 3935 1569 4000 deo
1604 3943 1784 4018 sanctoque
1814 3932 1870 3997 dei
1901 3934 2050 4018 martyri

377 4038 623 4104 Emmerammo
646 4038 764 4105 devote
787 4040 1003 4106 servientibus
1028 4039 1187 4127 quasdam
1201 4061 1254 4104 res
1271 4061 1351 4125 quas
1370 4036 1462 4104 iamb
1484 4048 1581 4102 antea
1597 4037 1753 4123 quidam⁰
1775 4057 1890 4100 comes
1906 4038 2049 4101 nomine

378 4139 566 4205 Unarmunt
593 4140 657 4206 illis
687 4163 787 4227 supra
816 4165 981 4208 annonam
1004 4142 1065 4207 sibi
1090 4142 1280 4227 deputatam
1302 4162 1361 4226 pro
1384 4143 1495 4227 requie
1518 4163 1597 4204 suae
1629 4142 1757 4204 animae
1790 4137 1983 4203 tradiderat
2013 4141 2048 4202 in

378 4243 453 4308 loco
476 4243 554 4308 Rlut
576 4247 671 4309 iuxta
693 4245 802 4311 Enum
824 4247 959 4312 fluvium
987 4248 1020 4311 in
1049 4268 1135 4332 pago
1161 4244 1399 4331 Sundargouue
1426 4246 1459 4308 in
1488 4243 1696 4309 comitatibus
1725 4240 1864 4324 Ratolfi,
1896 4239 2049 4307 Chadal-
2067 4263 2100 4310 so

377 4344 473 4428 hohi,
498 4342 645 4411 Otncarii
668 4370 708 4412 ac
732 4347 896 4433 Sigihardi
919 4350 1084 4430 comitum,
1108 4370 1183 4412 cum
1206 4346 1358 4413 omnibus
1380 4346 1477 4412 rebus
1500 4348 1606 4413 eidem
1628 4347 1701 4413 loco
1724 4346 1968 4431 aspicientibus
1991 4344 2047 4411 vel

380 4447 611 4533 attinentibus,
647 4450 680 4514 id
709 4461 759 4515 cst
787 4453 881 4515 terris
912 4450 1007 4516 cultis
1038 4461 1070 4515 et
1100 4451 1232 4516 incultis
1255 4450 1425 4517 curtilibus
1448 4463 1481 4516 et
1503 4450 1637 4515 edificiis
1661 4453 1764 4536 pratis
1786 4451 1926 4534 pascuis
1951 4451 2047 4514 silvis

379 4554 639 4638 saginationibus
669 4541 899 4621 venationibus
930 4554 1168 4642 piscationibus
1198 4554 1347 4640 portibus
1378 4558 1471 4642 aquis
1500 4576 1700 4641 aquarumve
1723 4551 1919 4617 decursibus
1944 4553 2047 4617 molis

379 4666 411 4721 et
434 4657 613 4723 molendini
636 4658 717 4724 locis
740 4661 915 4744 mancipiis
938 4661 1105 4746 utriusque
1128 4681 1226 4724 sexus
1249 4657 1452 4745 parscalchis
1474 4658 1640 4723 cidalariis
1658 4654 1877 4739 vectigalibus
1896 4658 2046 4720 cunctis-

285 4747 287 4752 ’
379 4784 442 4847 que
464 4761 659 4827 utensilibus
682 4763 726 4828 ad
748 4762 887 4827 eundem
912 4761 1022 4828 locum
1044 4763 1122 4828 Riut
1143 4764 1212 4828 iure
1234 4765 1410 4846 assignatis
1432 4763 1494 4825 viis
1522 4771 1555 4824 et
1582 4761 1679 4825 inviis
1708 4759 1908 4823 intrinsecus
1940 4760 2045 4824 forin-
2063 4777 2097 4823 ³5

379 4887 473 4930 secus
497 4867 632 4952 quesitis
654 4875 688 4930 et
709 4865 926 4952 inquirendis,
960 4873 1073 4931 nostro
1101 4868 1191 4951 regio
1218 4866 1327 4931 banno
1350 4875 1525 4950 nostreque
1548 4863 1720 4949 potestatis
1743 4860 1945 4927 adiumentis
1969 4885 2046 4948 prq-

381 4966 478 5031 dictis
501 4968 670 5034 monachis
694 4992 769 5034 cum
793 4971 880 5034 omni
902 4970 1089 5054 integritate
1112 4991 1211 5055 super
1231 4967 1360 5033 illorum
1387 4990 1551 5034 annonam
1581 4967 1819 5048 concessimus,
1855 4987 1897 5029 ea
1928 4977 2044 5031 tamen

379 5072 506 5135 ratione
528 5080 579 5156 ut,
615 5074 642 5136 si
665 5076 840 5159 episcopus
864 5073 969 5138 eidem
992 5075 1190 5137 monasterio
1213 5069 1382 5157 presidens
1405 5083 1462 5137 aut
1489 5071 1600 5158 aliqua
1630 5081 1745 5157 potens
1775 5091 1921 5155 persona
1952 5069 2044 5134 hanc

378 5172 564 5240 traditionis
586 5176 773 5241 firmitatem
796 5175 956 5241 violenter
978 5175 1153 5260 infringere
1174 5174 1331 5258 volucrit,
1354 5183 1473 5240 cuncta
1497 5197 1559 5260 que
1582 5172 1703 5238 tradita
1724 5173 1873 5255 fuerant,
1901 5173 2045 5238 redeant

378 5276 413 5340 in
440 5279 491 5343 ius
520 5288 552 5343 et
580 5288 777 5365 potestatem
808 5279 939 5364 dominq
966 5278 1074 5363 Iuditq
1104 5289 1136 5344 et
1164 5278 1223 5343 filii
1253 5280 1322 5342 eius
1352 5277 1500 5342 Heinrici
1530 5276 1622 5343 ducis
1649 5299 1707 5342 seu
1732 5277 1880 5362 ipsorum
1907 5275 2044 5340 heredis
2062 5292 2099 5340 40

463 5465 522 5522 2⁰2.
549 5471 567 5532 i)
587 5466 611 5520 A
715 5468 745 5528 k)
763 5483 829 5519 corr.
851 5479 899 5520 aaa
925 5470 1068 5532 canonicfi,
1098 5467 1179 5518 noea
1202 5465 1259 5518 ΕΡ.
1284 5464 1334 5516 da·
1352 5465 1416 5531 jeai
1438 5463 1601 5532 dboests'r'aeiqs
1622 5463 1892 5529 Abiit-nanosceicdm
1910 5482 1944 5515 aa
1961 5465 2046 5532 Qasr

549 5553 654 5603 cayeu
758 5537 777 5598 l)
797 5553 815 5604 g
832 5553 898 5588 corr.
917 5554 965 5588 aaa
980 5535 1167 5602 nccbmoliqen
1189 5553 1212 5586 e.

464 5639 525 5695 2⁰³.
554 5639 663 5709 [Sickel]
769 5641 794 5700 a)
813 5639 998 5705 wepvanqleh
1015 5639 1139 5702 remedio,
1161 5638 1234 5689 m
1252 5655 1267 5688 o
1285 5637 1371 5689 rodis-t
1387 5638 1443 5689 mid
1458 5637 1542 5688 darei
1559 5655 1578 5688 u
1594 5639 1641 5688 mit
1658 5635 1933 5702 Abfflnmqsadcben
1951 5643 2045 5688 erasm

550 5713 577 5774 b)
598 5712 607 5758 i
629 5707 683 5771 aas
693 5707 855 5758 radinemd
958 5713 983 5771 c)
1000 5705 1150 5758 aemulat
1168 5709 1198 5756 io
1218 5706 1298 5771 aalys
1314 5711 1403 5772 rpdter
1419 5705 1564 5758 masmar
1583 5706 1724 5758 meta.
