4508 6428
925 353 1051 410 ΟΤΤΟ
1073 354 1097 410 Ι.
1121 350 1194 410 965.
1817 343 1885 408 425

235 535 400 618 gionensis
428 531 523 598 sedes
550 531 602 597 vel
630 531 792 596 aecclesia
820 532 880 598 sub
909 542 1068 619 perpetua
1095 534 1206 619 regiae
1230 530 1280 598 vel
1308 535 1537 619 imperatoriae
1563 535 1749 600 emunitatis
1772 534 1882 599 defeu-

236 640 327 702 sione
351 659 424 702 cum
447 634 614 700 aecclesiis
636 638 671 700 in
694 634 933 718 Lobotonburg
954 636 1007 700 vel
1022 636 1212 723 Uuinphina
1234 639 1431 702 constructis
1455 640 1615 703 consistat
1636 653 1779 719 nnitnsqua
1801 653 1881 703 index

236 757 360 821 publicus
378 740 430 804 vel
452 755 577 820 quislibet
600 771 632 804 ex
655 753 795 804 iudiciaria
817 759 948 818 potestate
970 739 1023 804 vel
1045 740 1164 826 aliquis
1187 773 1220 808 ex
1242 739 1364 806 nostrisb
1387 762 1547 832 sanctaeque
1569 758 1612 808 dei
1634 757 1778 808 aecclesiae
1799 756 1882 806 tideli-

238 863 288 911 bus
316 842 541 930 preesentibus
565 842 690 908 seilicet
712 852 744 906 et
765 841 884 907 futuris
913 859 941 907 in
969 858 1112 908 aecclesias
1139 859 1182 910 vel
1210 861 1366 924 paroechias
1394 861 1475 911 cellas
1503 865 1551 910 aut
1577 861 1638 912 loca
1659 861 1702 911 vel
1730 876 1808 926 agros
1835 875 1882 910 scu

204 964 354 1029 sreiiqnaa
375 962 556 1026 possessiones
578 960 730 1024 praedictae
753 944 840 1010 sedis
863 945 915 1009 vel
938 962 1083 1012 aeclesiae
1106 947 1370 1031 Uuangionensis
1393 950 1427 1012 in
1448 947 1572 1013 honore
1595 957 1782 1014 sanctorum
1805 968 1883 1033 apo-

239 1050 397 1116 stolorum
419 1066 491 1115 Patri
513 1070 540 1114 at
562 1063 639 1114 Pauli
662 1057 869 1114 constructae
891 1079 958 1129 quaa
979 1049 1138 1116 hactenus
1159 1068 1229 1117 iusta
1252 1071 1279 1116 at
1300 1067 1494 1117 rationabiliter
1520 1050 1707 1137 possedisse
1735 1053 1806 1115 visa
1835 1060 1884 1114 est

239 1172 266 1218 in
288 1168 452 1234 quibuslibet
473 1169 549 1234 pagis
572 1167 614 1218 vel
637 1168 776 1218 territoriis
798 1167 862 1216 sitas
885 1168 928 1218 vel
950 1169 1076 1234 quicquid
1098 1169 1197 1220 ibidem
1218 1165 1286 1220 tam
1309 1178 1329 1218 a
1351 1155 1447 1220 nobie
1470 1177 1568 1241 quem
1585 1155 1653 1220 el)⁰
1674 1156 1886 1220 antecessori·

238 1258 300 1322 bus
328 1259 447 1322 nostris
478 1279 535 1322 scu
565 1258 683 1341 ceteris
711 1255 862 1321 fidelibus
893 1280 1023 1344 quoquo
1052 1257 1150 1322 modo
1179 1279 1287 1338 propter
1315 1273 1435 1323 urinum
1463 1288 1579 1324 amorem
1607 1273 1733 1324 enitamur
1761 1267 1811 1322 est
1832 1256 1885 1322 vel

239 1383 323 1446 quae
346 1360 502 1445 deinceps
525 1362 558 1425 in
581 1362 631 1425 ius
653 1361 756 1445 ipsius
779 1359 958 1425 aecclesiae
986 1383 1127 1446 superna
1156 1363 1262 1445 pietas
1290 1361 1411 1426 addere
1433 1361 1486 1425 vel
1515 1361 1715 1447 amplificare
1737 1360 1886 1442 voluerit,

190 1484 221 1532 10
239 1481 273 1530 ad
301 1496 396 1532 caum
424 1481 570 1532 audiendas
592 1480 636 1531 rel
665 1480 738 1531 freda
767 1496 813 1530 seu
840 1481 947 1531 telonea
968 1481 1098 1547 exigenda
1119 1485 1167 1530 aut
1188 1481 1339 1532 mansiones
1360 1480 1403 1530 vel
1425 1485 1532 1544 paratas
1554 1479 1690 1530 iaciendas
1711 1485 1759 1530 aut
1779 1478 1884 1529 fideius-

240 1603 312 1638 sores
334 1587 466 1638 tolleudos
488 1593 535 1638 aut
557 1586 626 1636 ullas
649 1587 820 1638 redibitiones
848 1567 984 1635 iniititas‘¹
1012 1585 1184 1650 requirendas
1211 1590 1259 1634 ant
1286 1568 1329 1634 ed
1356 1585 1475 1633 homiues
1497 1585 1582 1648 ipsius
1603 1584 1748 1634 aecclesiae
1770 1584 1885 1633 tamin-

239 1706 341 1755 genuos
362 1705 441 1755 quam
470 1695 496 1740 et
525 1707 615 1740 servos
644 1690 839 1756 distringendos
868 1689 969 1756 ingredi
999 1688 1096 1739 audeat
1123 1673 1174 1740 vel
1197 1672 1277 1758 quid
1304 1675 1435 1757 exigere
1462 1671 1528 1736 ullo
1558 1694 1713 1759 umquem
1740 1681 1885 1757 tempore

240 1787 441 1863 praesumat,
475 1801 535 1842 neo
563 1777 607 1843 ab
635 1794 787 1844 hominibus
815 1780 918 1863 ipsius
948 1776 1128 1842 aecclesiae
1155 1776 1283 1842 hostilis
1313 1774 1479 1861 expeditio
1507 1791 1672 1856 requiratur,
1704 1791 1756 1839 nisi
1779 1788 1885 1855 qnando

240 1900 384 1947 necessitas
406 1897 514 1947 utilitati
537 1913 628 1964 regum
651 1899 738 1960 inerit,
761 1897 840 1947 simul
862 1912 923 1946 cum
946 1912 994 1946 suo
1018 1897 1142 1961 episcopo
1165 1899 1285 1961 pergant.
1325 1892 1459 1959 Quicquid
1482 1897 1570 1943 autem
1593 1893 1626 1942 de
1648 1894 1729 1943 rebus
1751 1891 1886 1956 praefatae

193 2007 222 2054 lb
241 2000 385 2051 aecclesiae
407 2000 487 2050 fiscus
509 2017 615 2065 sperare
638 2006 749 2065 poterat,
772 2005 857 2050 totum
880 2016 928 2050 nos
951 2015 998 2064 pro
1021 2005 1127 2050 nostrae
1150 1999 1277 2049 mercedis
1299 1999 1461 2049 incremento
1483 1997 1635 2062 praedictae
1658 1996 1802 2047 aecclesiae
1825 2011 1886 2044 con·

240 2104 371 2167 cedimus,
403 2110 434 2154 ut
459 2107 621 2169 perennibus
642 2105 807 2170 temporibus
829 2106 857 2153 in
879 2097 1055 2174 perpetuos
1078 2111 1156 2153 usus
1179 2088 1282 2173 ipsius
1305 2086 1486 2152 eecclesiae
1509 2100 1611 2166 deoque
1633 2085 1679 2149 ibi
1701 2099 1886 2149 tamulantium

239 2207 361 2272 proficiat
382 2224 412 2270 a,
433 2210 559 2272 quatinus
581 2226 598 2256 a
619 2224 667 2273 pro
690 2203 802 2258 nostra
824 2191 1027 2277 dilectqqner
1049 2192 1198 2275 coniugis
1219 2199 1353 2255 nostrae
1375 2197 1571 2275 nostraeque
1594 2186 1694 2272 prolis
1717 2185 1820 2251 salute
1835 2185 1887 2250 vel

240 2320 298 2383 pre
322 2312 467 2363 stabilitate
488 2300 579 2382 regni
599 2297 654 2361 vel
676 2314 780 2377 imperii
802 2313 885 2362 nostri
907 2294 980 2360 illoe
1003 2311 1100 2375 iugiter
1114 2327 1131 2358 s
1149 2291 1281 2359 exoraref
1308 2307 1429 2358 delectet
1472 2292 1517 2356 Et
1539 2301 1574 2355 ui
1594 2290 1677 2355 haee
1699 2291 1887 2355 emunitatis

241 2411 372 2467 nostrae
402 2401 607 2466 confirmatio
637 2410 709 2464 rata
736 2409 767 2464 et
789 2399 994 2485 probabilis⁸
1023 2401 1159 2481 existat,
1190 2397 1342 2463 volumus
1365 2406 1397 2461 et
1418 2397 1553 2461 firmiter
1574 2395 1722 2459 iubemus
1745 2404 1778 2459 et
1800 2403 1888 2459 ante·

190 2524 223 2570 20
241 2527 407 2569 cessorum
430 2513 617 2569 nostrorum
639 2502 771 2568 decreta
793 2505 861 2568 sive
885 2510 1006 2567 statuta
1030 2523 1127 2588 super
1149 2500 1294 2566 eiusdem
1320 2499 1500 2565 aecclesiae
1522 2498 1620 2563 rebus
1641 2507 1755 2563 nostra
1777 2507 1888 2563 aucto-

242 2608 337 2670 ritate
360 2605 537 2691 probamus
559 2604 753 2669 roboramus
776 2613 808 2668 et
831 2604 1069 2669 confirmamus.
1107 2604 1152 2668 Et
1173 2611 1208 2667 ut
1229 2603 1293 2668 hoc
1315 2603 1521 2668 auctoritatis
1543 2608 1675 2666 nostrae
1697 2608 1888 2686 preceptum

241 2709 370 2773 firmum
392 2719 424 2772 et
447 2706 564 2772 stabile
586 2716 788 2794 permaneat,
811 2717 937 2772 cartam
958 2706 1044 2771 hauc
1067 2706 1231 2772 conscribi
1254 2728 1281 2772 at
1298 2721 1371 2771 anuli
1389 2722 1471 2771 nostri
1494 2720 1667 2785 impressione
1690 2720 1789 2784 aigum
1811 2720 1889 2768 inssi-

242 2843 314 2888 mua‚
343 2833 441 2898 quam
464 2821 497 2876 et
517 2833 617 2875 manu
639 2812 773 2897 propria
795 2809 909 2875 subtus
931 2811 1142 2875 firmavimus.

343 2951 358 3035 i
379 2949 516 3035 Signum
538 2948 650 3014 domni
673 2947 804 3013 Ottonis
829 2949 894 3028 (ii.)
917 2950 1028 3032 magni
1051 2956 1084 3012 et
1105 2949 1307 3012 invictissimi
1330 2949 1536 3034 imperatoris
1559 2948 1699 3031 augusti.
1722 2943 1736 3026 ῧ

192 3072 225 3117 ti
344 3055 358 3138 ξ
379 3051 553 3118 Liudolfus
566 3051 781 3117 cancellarius
794 3051 943 3116 advicem
951 3050 1152 3116 Uuillihelmi
1164 3049 1440 3136 archicappellani
1451 3052 1640 3136 recognovi.
1654 3047 1669 3134 ξ
1683 3050 1739 3131 (SI.
1752 3050 1793 3130 5.)
1808 3050 1890 3131 (sti.)

346 3191 435 3256 Data
456 3210 490 3256 v,
513 3190 580 3256 kal.
608 3189 754 3256 decemb.
784 3211 869 3254 anno
899 3188 1082 3254 dominicae
1111 3191 1347 3254 incarnationis
1374 3204 1567 3272 peccem,
1601 3188 1889 3270 indictionem,

243 3324 329 3366 anno
351 3304 467 3386 regni⁰
490 3301 600 3367 domui
624 3301 754 3366 Ottonis
777 3284 875 3382 xxxi,
898 3301 1025 3386 imperii
1048 3324 1125 3366 vero
1150 3319 1220 3384 11113
1242 3310 1352 3366 actum
1373 3299 1605 3384 Uualahuson3
1628 3302 1662 3364 ln
1685 3300 1736 3366 dei
1760 3299 1890 3363 nomine

243 3405 379 3470 feliciter
403 3427 510 3470 amen.

1024 3633 1110 3707 311.

192 3815 226 3864 so
253 3787 333 3865 Otto
358 3788 500 3863 schemat
525 3787 604 3861 dem
631 3785 775 3886 (irascit
807 3787 992 3862 lhietmcr
1016 3790 1094 3861 seia
1118 3787 1304 3886 Wpeapttt
1327 3786 1368 3858 t'tt
1394 3784 1540 3858 Drb’bel.

1309 3910 1502 3972 Waltitaasta
1524 3911 1586 3970 965
1609 3907 1773 3967 November
1793 3910 1846 3967 29.

348 4099 599 4173 Ort'qt'naldiplom
621 4102 663 4157 t'm
684 4099 762 4157 ltere.
787 4099 889 4158 Haus-
911 4100 976 4158 atad
998 4099 1201 4159 binatsnrcht'o
1221 4117 1261 4157 stt
1287 4099 1390 4157 Zerbst
1414 4096 1477 4175 (A).

349 4253 520 4312 Betimenn
542 4253 664 4313 Anicii.
689 4255 768 4313 Hist.
792 4259 821 4324 1,
845 4252 1037 4313 ricensa
1062 4277 1102 4306 =
1126 4253 1290 4325 Ltackfeld
1318 4253 1398 4311 Htst.
1422 4252 1541 4311 Bescltr.
1572 4251 1624 4309 der
1649 4252 1797 4324 yttidtttett
1826 4251 1893 4310 Aac

347 4362 420 4416 340.
445 4391 488 4398 —
509 4358 698 4415 Heinemcmt
719 4356 855 4414 Albrtctt
877 4357 929 4414 der
950 4357 1019 4414 Bur
1039 4360 1103 4416 423
1123 4363 1157 4414 πθ
1179 4363 1197 4416 1
1222 4374 1278 4416 ests
1302 4356 1338 4416 Α,
1362 4390 1404 4398 -
1426 4356 1616 4414 Heintmatm
1633 4353 1695 4415 01).
1714 4354 1837 4414 Aahalt.
1861 4359 1891 4424 1,

347 4464 390 4519 33
411 4465 446 4517 πθ
468 4463 509 4518 43
531 4477 588 4518 aas
611 4458 648 4517 A.
672 4492 716 4500 »-
737 4459 865 4518 Betae
886 4460 960 4532 Req.
984 4462 1057 4518 308.
1081 4493 1124 4502 —
1146 4459 1274 4534 Stampf
1292 4461 1362 4532 ary.
1386 4462 1459 4519 389.

351 4615 484 4686 Versusst
506 4615 571 4674 aad
589 4615 776 4688 aestimebta
796 4633 852 4673 voa
874 4615 942 4673 LK.

350 4820 408 4900 (Ο.)
432 4819 446 4900 ἢ
468 4821 507 4884 Iu
528 4821 659 4885 nomine
683 4827 842 4884 sanctae·
863 4827 898 4882 et
918 4816 1106 4882 individuae
1129 4819 1292 4883 trinitatis.
1331 4817 1410 4884 Otto
1432 4817 1544 4884 divina
1566 4820 1697 4884 favente
1719 4818 1893 4884 clementia

247 4923 423 5006 imperator
451 4933 619 5008 augustus.
721 4923 859 4988 Noverit
881 4923 1025 4986 omnium
1047 4921 1191 4988 fidelium
1213 4933 1400 4990 nostrorum
1422 4933 1490 4989 tam
1511 4921 1526 5003 ᾔ
1547 4925 1767 5008 praesentium
1794 4945 1892 5009 quarn

246 5024 428 5091 futurorum
457 5027 633 5110 industria,
668 5026 808 5112 qualiter
829 5048 890 5090 nos
912 5028 1096 5092 interventu
1119 5026 1260 5112 dilecteb
1282 5030 1431 5113 coniugis
1454 5037 1586 5092 nostrae
1608 5024 1800 5090 Adalbeidis
1823 5027 1894 5091 filii-

194 5144 228 5190 40
247 5151 309 5215 que
331 5131 434 5196 nostri
458 5132 635 5214 carissimi,
669 5133 755 5215 regis
784 5130 909 5196 scilicet
937 5129 1085 5215 Ottonis,
1120 5131 1251 5197 cuidam
1279 5131 1368 5197 fideli
1398 5133 1509 5196 comiti
1538 5139 1676 5195 nostro⁰
1704 5128 1893 5196 Tbietmaro

332 5317 391 5372 tie.
419 5321 447 5380 b)
465 5321 520 5370 nris
537 5319 604 5370 ohne
620 5319 889 5386 Abfflmqatt'cltm
991 5321 1016 5388 c)
1032 5321 1095 5372 sido·
1111 5321 1159 5372 der
1175 5321 1246 5372 Zeila
1262 5319 1449 5386 nathqstroqen
1547 5320 1574 5384 d)
1590 5317 1614 5370 A
1713 5322 1737 5381 s)
1755 5323 1896 5386 waprenq·

417 5388 470 5438 licit
488 5389 561 5452 ditet,
577 5389 650 5439 dmm
667 5407 682 5439 c
701 5389 879 5454 drmmhobea
983 5391 1003 5454 i‘)
1020 5407 1037 5442 a
1053 5407 1120 5441 corr.
1138 5407 1186 5440 mu
1204 5408 1219 5440 ο
1318 5397 1345 5456 g)
1363 5387 1548 5455 unprt'iaqlt‘ch
1564 5389 1658 5455 probo,
1677 5405 1693 5438 o
1711 5388 1799 5438 rma-dc
1813 5387 1896 5438 durch

418 5460 491 5508 dnm
507 5457 713 5523 l'tlprtnqrpmdct
729 5457 839 5524 mrqiltiq
856 5457 954 5508 oreae
970 5458 1026 5509 aad
1043 5474 1061 5510 a
1077 5459 1286 5524 metaneam.

333 5561 392 5614 tii.
422 5559 530 5630 [Sickel]
634 5563 660 5626 a)
676 5564 719 5612 eia
741 5564 839 5613 neceas
861 5567 969 5612 metae
994 5563 1028 5611 iet
1049 5559 1133 5612 dasch
1152 5559 1371 5626 eminenter
1393 5561 1503 5628 mapiuiq
1523 5561 1622 5612 oekldrt
1725 5561 1752 5620 b)
1770 5577 1821 5610 oon
1838 5560 1897 5612 LK.

194 5627 229 5676 45
418 5631 481 5682 iiim
496 5631 545 5682 der
561 5629 632 5682 Zeita
647 5631 836 5697 ncehqetrapen
938 5631 962 5693 c)
979 5647 991 5682 r
1009 5647 1057 5680 aas
1073 5629 1182 5680 eadm
1199 5627 1365 5680 Buchetubea
1382 5631 1511 5693 arripiat.

297 5741 484 5786 manen
496 5741 515 5785 1.
1647 5735 1689 5798 54
