4560 6436
1026 431 1476 490 KAISERURKUNDEN.

532 623 580 679 die
602 621 750 678 Baetae
771 619 903 690 offertor
925 619 957 675 ia
980 617 1031 674 der
1052 615 1245 689 Reitenfolqe
1275 619 1307 673 in
1333 617 1453 674 welcher
1479 618 1523 674 sie
1551 633 1644 674 moer
1669 621 1800 690 aestumat
1828 615 1952 675 worden
1975 633 2099 686 worm,

532 725 728 782 sabsmibires
750 723 857 780 cellen.-
881 721 998 780 detail>
1022 723 1060 778 ist
1082 723 1158 780 nach
1180 721 1233 778 der
1254 722 1375 778 eroriten
1392 720 1597 792 subscription
1612 721 1715 778 Reum
1734 719 1788 791 frtr
1805 721 1871 778 drei
1885 721 2004 778 andere
2029 720 2102 778 aad

532 829 633 886 ebeuo
654 828 730 885 nocis
752 827 805 884 der
819 827 895 898 jetet
917 827 1047 882 sechstea
1061 825 1163 882 Mans
1187 823 1241 896 fr‘tr
1264 825 1312 881 die
1334 824 1384 882 des
1400 824 1577 882 Eberordas
1596 825 1731 897 yeluesen
1753 825 1879 894 worden,
1904 827 1940 882 in
1958 825 2100 883 welelren

531 932 668 988 leteterea
690 929 773 988 daea
795 930 865 987 uber
887 929 1070 986 Petribertus
1093 929 1155 986 sich
1178 929 1364 1001 einpetruyen
1386 929 1445 986 hot.

532 1153 615 1232 (ST.)
639 1150 728 1214 Dnm
750 1151 783 1212 in
807 1148 858 1213 dei
880 1150 1011 1212 nomine
1034 1147 1077 1210 ad
1100 1149 1297 1212 monasterio
1322 1149 1426 1212 sancti
1444 1145 1610 1213 Ambrosii
1626 1148 1682 1213 ubi
1699 1149 1837 1214 domnus
1854 1149 1934 1214 Otto
1952 1161 1988 1214 et
2006 1152 2094 1215 item
2113 1166 2131 1212 5

429 1255 506 1320 Otto
529 1257 742 1340 imperatores
765 1261 927 1338 preerant,
951 1254 985 1315 in
999 1251 1111 1315 laubia
1127 1250 1330 1337 app[elant]e
1346 1253 1451 1337 Reges
1464 1261 1477 1288 ⁵
1500 1250 1617 1315 eclesie
1641 1273 1699 1335 per
1717 1250 1795 1315 data
1810 1251 1951 1318 licencia
1968 1253 2094 1317 domni

427 1357 553 1422 Amulii
584 1356 822 1441 archiepiscopi
852 1367 966 1419 sancte
994 1353 1251 1419 Mediolanensis
1275 1354 1392 1420 eclesie
1416 1356 1448 1418 in
1472 1353 1591 1418 iudicio
1615 1354 1795 1418 residerent
1816 1354 1957 1420 domnus
1983 1357 2093 1421 Adel-

425 1461 537 1525 bertus
559 1461 703 1526 marchio
728 1468 760 1523 et
783 1481 893 1523 eomes
915 1457 1036 1544 palacii
1060 1481 1117 1522 seu
1133 1459 1234 1523 Esico
1252 1481 1351 1522 vasus
1368 1469 1400 1522 et
1417 1460 1519 1522 misus
1542 1457 1628 1521 idem
1650 1459 1855 1542 imperatoris
1870 1459 1915 1523 ad
1933 1459 2091 1544 singulas

427 1564 656 1630 deliberandas
684 1565 903 1644 intenciones,
934 1561 1160 1626 resedentibus
1191 1585 1265 1625 cum
1288 1563 1336 1626 eis
1359 1561 1532 1642 Iohannes,
1558 1558 1778 1642 Grimoaldus,
1803 1561 1964 1644 Andreas,
1991 1563 2090 1626 Liut-

427 1667 582 1753 prandus,
612 1666 805 1747 Deusdedit,
837 1665 1048 1744 Arimundus,
1081 1665 1207 1746 Petrus,
1239 1667 1316 1729 item
1345 1663 1579 1749 Liutprandus,
1615 1666 1692 1728 item
1722 1665 1846 1746 Petrus,
1878 1665 2088 1748 Eberardus,
2112 1680 2146 1726 10

428 1769 642 1854 Giselbertus,
666 1771 868 1836 Petribertus
892 1780 924 1833 et
946 1769 1140 1834 Ambrosius
1163 1767 1287 1833 iudices
1312 1767 1505 1832 domnorum
1528 1769 1771 1852 imperatorum,
1796 1768 1908 1833 Petrus
1933 1767 1973 1832 de
1998 1768 2087 1834 Gra-

428 1876 571 1960 diniano,
595 1876 815 1941 Bemefredus
839 1877 893 1962 qui
917 1885 949 1938 et
971 1875 1097 1955 Benno,
1121 1872 1299 1937 Aribsldus
1328 1871 1414 1935 filius
1439 1869 1604 1956 quondam
1629 1870 1734 1935 Leoni
1763 1882 1795 1935 et
1819 1870 1935 1956 reliqui
1959 1872 2086 1956 plures.

426 1979 542 2065 Ibique
565 2001 680 2045 eorum
696 1983 831 2044 veniens
855 1981 1025 2063 presencia
1040 1977 1154 2061 Lupus
1177 1975 1278 2039 iudex
1302 1975 1496 2038 domnorum
1519 1975 1751 2058 imperatorum
1775 1973 1957 2040 advocatus
1980 1997 2086 2040 cano-

426 2086 500 2148 nice
523 2081 731 2168 episcopatib
755 2093 868 2146 sancte
884 2082 1136 2164 Pergamensisc
1159 2077 1276 2142 eclesie
1299 2089 1331 2141 et
1354 2076 1490 2142 retollit:
1517 2077 1639 2141 ‘Plures
1659 2079 1747 2142 vices
1766 2101 1816 2142 me
1835 2078 2016 2143 reclamavi
2040 2080 2087 2146 ad

428 2184 606 2251 domnem‘¹
629 2186 786 2251 Ottonem
808 2187 1039 2270 imperatorem
1062 2195 1094 2247 et
1116 2183 1238 2248 advos
1263 2181 1391 2246 domnis
1407 2179 1603 2244 Adelbertus
1627 2203 1736 2244 eomes
1759 2181 1877 2266 palacii
1904 2205 1961 2246 seu
1975 2183 2084 2248 Enieo
2109 2195 2142 2240 15

427 2291 528 2354 misus
552 2289 662 2353 domni
685 2289 890 2374 imperatoris
914 2310 1011 2373 super
1026 2286 1190 2366 Benadus,
1215 2284 1303 2370 quod
1325 2284 1412 2348 malo
1438 2283 1574 2348 ordine⁰
1597 2284 1721 2350 detinet
1742 2285 1917 2372 aliquantis
1941 2289 2031 2351 casis
2051 2299 2085 2352 et

426 2414 461 2456 re
489 2389 635 2456 ritoriisr
661 2392 739 2454 iuris
768 2392 925 2455 canonice
955 2391 1137 2475 episcopati
1166 2398 1278 2452 sancte
1301 2388 1527 2472 Pergamensis
1551 2387 1669 2452 eclesie
1693 2388 1810 2473 quibus
1833 2413 1904 2454 esse
1926 2390 2086 2456 videntur

427 2497 461 2558 in
483 2493 557 2559 loco
581 2505 614 2559 et
636 2493 737 2558 fundo
759 2494 904 2574 Bonate,
935 2495 1040 2556 eciam
1063 2501 1096 2557 et
1119 2491 1160 2556 da
1184 2501 1277 2576 parte
1301 2489 1411 2555 domni
1435 2493 1642 2576 imperatoris
1667 2514 1723 2555 seu
1747 2493 1789 2556 da
1812 2505 1905 2578 parte
1937 2492 2083 2576 [illorum

428 2596 726 2682 amb]ulaverunt⁸,
755 2607 791 2661 ut
813 2596 857 2661 ad
880 2595 1036 2680 placitum
1060 2599 1187 2660 veniset
1211 2617 1337 2660 mecum
1361 2595 1479 2658 exinde
1507 2597 1539 2659 in
1562 2598 1695 2660 racione
1724 2596 1891 2674 standum,
1922 2610 1970 2662 set
1999 2621 2083 2662 nun-

428 2723 526 2786 quam
554 2724 628 2765 eum
657 2699 778 2764 habere
805 2702 968 2785 potuistis.
1015 2697 1116 2778 Quiro
1139 2711 1175 2764 ut
1198 2722 1256 2784 pro
1280 2721 1390 2764 amore
1414 2699 1465 2763 dei
1490 2709 1522 2762 et
1544 2701 1653 2764 anime
1677 2699 1787 2764 domni
1810 2701 2015 2785 imperatoris
2041 2724 2082 2766 ac
2102 2709 2139 2756 20

427 2816 538 2870 vestra
552 2804 711 2870 mercedis
727 2827 778 2868 me
794 2804 838 2869 ad
853 2813 945 2889 parte
961 2804 1001 2868 de
1018 2804 1089 2888 ipsa
1113 2803 1275 2866 canoniea
1299 2801 1339 2866 de
1362 2801 1442 2886 ipsis
1466 2805 1552 2866 casis
1575 2813 1607 2866 et
1629 2803 1726 2868 rebus
1750 2803 1842 2867 salva
1865 2803 2009 2889 querella
2035 2806 2083 2868 in-

429 2911 593 2991 vestiatis,
619 2931 788 2995 quousque
811 2910 881 2993 ipse
905 2907 1059 2971 Benadus
1083 2905 1126 2969 ad
1148 2904 1306 2990 placitum
1329 2907 1440 2968 veniat
1462 2928 1589 2971 mecum
1612 2906 1730 2971 exinde
1754 2909 1786 2970 in
1809 2906 1879 2990 lege
1902 2906 2082 2973 standum!

428 3011 510 3076 Cum
534 3013 604 3097 ipse
622 3009 819 3076 Adelbertus
843 3019 875 3073 et
897 3010 999 3073 Ezico
1024 3009 1133 3073 taliter
1155 3008 1315 3090 audirent,
1339 3007 1502 3072 recordati
1528 3007 1627 3073 sunth
1650 3009 1738 3094 quod
1760 3013 1829 3095 ipse
1844 3010 1959 3093 Lupus
1983 3033 2085 3096 super

428 3114 543 3179 eodem
571 3115 727 3180 Benadus
756 3112 935 3177 reclamare
963 3112 1115 3177 audisent
1144 3123 1176 3176 et
1204 3109 1257 3199 eli]
1288 3114 1389 3176 misos
1419 3112 1462 3176 da
1490 3123 1583 3196 parte
1614 3111 1723 3177 domni
1752 3115 1958 3198 imperatoris
1982 3125 2015 3178 et
2039 3114 2084 3179 da

427 3217 556 3283 illorum
579 3217 794 3302 ambulasent,
818 3228 854 3281 ut
877 3218 919 3280 ad
943 3217 1099 3302 placitum
1122 3212 1266 3280 veniscti
1290 3237 1363 3279 cum
1387 3214 1502 3279 eodem
1518 3215 1657 3301 Lupone
1674 3216 1713 3280 de
1732 3217 1812 3302 ipsis
1827 3217 1913 3282 casis
1929 3228 1962 3280 et
1981 3217 2084 3282 rebus
2102 3231 2139 3279 25

427 3325 461 3387 in
483 3321 588 3406 legem
611 3322 779 3404 standum,
815 3331 863 3386 set
885 3343 1051 3407 nunquam
1076 3344 1150 3386 eum
1172 3320 1292 3406 habere
1322 3322 1459 3405 potuise.
1504 3319 1597 3384 Tunc
1626 3342 1684 3405 per
1713 3320 1797 3383 fuste
1827 3319 1914 3404 quod
1944 3343 2084 3385 suorum

427 3425 583 3492 tenebant
600 3427 751 3492 manibus
770 3427 849 3511 ipsis
865 3425 1061 3489 Adelbertus
1078 3435 1111 3489 et
1127 3425 1229 3488 Ezioo
1246 3423 1361 3488 eodem
1379 3423 1516 3507 Lupone
1539 3422 1579 3486 de
1603 3425 1683 3508 ipsis
1707 3425 1794 3486 casis
1817 3433 1848 3486 et
1870 3422 1969 3486 rebus
1994 3424 2086 3489 unde

428 3553 463 3594 se
485 3529 687 3595 reclamabat
709 3553 729 3593 a
753 3539 846 3614 parte
868 3529 971 3613 ipsius
1001 3529 1173 3610 canonice,
1204 3527 1296 3591 salva
1327 3527 1458 3612 querela
1486 3528 1701 3590 investierunt
1722 3537 1754 3590 et
1777 3523 1977 3611 imperialem
2000 3526 2084 3592 ban-

426 3656 505 3697 num
534 3636 707 3714 miserunt,
736 3643 772 3696 ut
801 3633 827 3695 si
858 3633 931 3717 quis
959 3632 1074 3696 eadem
1103 3631 1265 3695 canonica
1289 3629 1329 3694 de
1358 3631 1438 3715 ipsis
1461 3631 1547 3693 casis
1570 3639 1603 3694 et
1624 3629 1721 3694 rebus
1744 3631 1812 3692 sine
1834 3621 1932 3712 legali
1957 3631 2085 3697 iudicio

429 3735 600 3800 disvestire
623 3736 852 3821 presumserit,
877 3733 1056 3799 duomilia
1079 3756 1253 3797 mancosos
1278 3735 1346 3797 auri
1372 3743 1553 3817 conponat,
1585 3731 1792 3796 medietatem
1815 3753 1943 3796 camere
1968 3733 2086 3800 domni
2106 3751 2140 3798 so

429 3840 623 3925 inperatoris
647 3850 680 3904 et
701 3839 907 3903 medietatem
932 3860 1008 3923 pars
1033 3835 1176 3901 eiusdem
1202 3838 1370 3901 canonice.
1416 3836 1459 3900 Et
1482 3834 1620 3922 qualiter
1641 3858 1680 3899 ac
1704 3857 1805 3900 causa
1827 3845 1901 3898 acta
1924 3845 1985 3916 est,
2011 3859 2087 3922 pre-

429 3954 552 4007 sentem
574 3945 729 4008 noticiam
752 3965 813 4026 ego
838 3941 946 4006 Adam
976 3942 1121 4006 notarius
1150 3942 1283 4025 scripsi,
1320 3963 1405 4005 anno
1434 3940 1561 4024 imperii
1592 3939 1703 4003 domni
1731 3938 1842 4003 Ottoni
1870 3939 2088 4023 imperatoris

429 4044 605 4111 udecimo¹¹
627 4058 660 4111 et
680 4047 757 4110 item
775 4045 888 4110 Ottoni
912 4044 978 4109 filio
1003 4045 1071 4110 eius
1088 4068 1127 4108 ae
1144 4047 1351 4130 imperatoris
1368 4067 1453 4110 anno
1471 4045 1596 4130 imperii
1614 4046 1683 4108 eius
1701 4045 1823 4129 quinto,
1847 4044 1948 4107 tercio
1966 4043 2088 4110 kalen-

430 4148 489 4213 das
514 4159 682 4234 augustas,
706 4147 885 4212 indictione
908 4148 1021 4233 quinta
1045 4147 1181 4212 decima.

531 4321 575 4402 (†)
597 4320 760 4385 lohannes
782 4319 882 4384 iudex
905 4319 1110 4385 dominorum
1133 4323 1368 4406 imperatorum
1391 4320 1531 4384 interfui.
1619 4317 1662 4398 (l)
1679 4316 1889 4383 Grimoaldus
1903 4317 2009 4382 iudex
2025 4320 2086 4385 do·
2106 4338 2141 4386 so

428 4426 589 4489 minorum
612 4426 844 4509 imperatorum
868 4422 1009 4487 interfui.
1101 4423 1145 4504 (l)
1166 4422 1364 4488 Arimundus
1387 4423 1487 4488 iudex
1511 4424 1706 4488 domnorum
1727 4424 1960 4507 imperatorum
1982 4425 2086 4488 inter-

425 4527 482 4591 fui.
584 4523 629 4607 (†)
654 4525 769 4589 Petrus
797 4524 898 4590 iudex
927 4524 1121 4592 domnorum
1150 4529 1384 4612 imperatorum
1412 4528 1552 4592 interfui.
1656 4526 1699 4607 (†)
1724 4525 1947 4610 Liutprandus
1978 4527 2085 4594 index

426 4629 632 4695 dominorum
655 4630 887 4714 imperatorum
910 4629 1051 4692 interfui.
1140 4629 1184 4710 (l)
1206 4629 1321 4694 Petrus
1340 4631 1441 4694 iudex
1461 4630 1667 4696 dominorum
1686 4633 1918 4716 imperatorum
1936 4631 2086 4698 interfui.

426 4733 470 4814 (†)
491 4731 691 4798 Petribertus
719 4732 819 4796 iudex
847 4733 1041 4798 domnorum
1069 4734 1303 4817 imperatorum
1328 4733 1469 4819 interfui.
1557 4734 1601 4814 (†)
1624 4732 1828 4799 Giselbertus
1851 4734 1905 4817 qui
1929 4743 1962 4797 et
1986 4733 2086 4802 Gezo

427 4837 528 4902 iudex
551 4836 756 4902 dominorum
778 4838 1012 4922 imperatorum
1034 4837 1176 4901 interfui.
2106 4855 2141 4902 40

515 5059 572 5112 tlt.
602 5059 709 5128 [Sickel]
814 5063 840 5126 a)
855 5077 905 5110 oon
923 5060 1065 5126 appelante
1082 5060 1159 5125 (nael
1177 5059 1303 5126 Analoys's
1319 5078 1369 5112 oon
1387 5069 1557 5128 nuncupante
1573 5061 1694 5127 pastea)
1712 5063 1746 5111 ist
1761 5059 1828 5110 noels
1845 5060 1893 5110 der
1910 5059 1984 5110 odas
2007 5061 2089 5114 Thess

601 5131 669 5179 einer
692 5131 699 5178 l
722 5128 848 5192 ermom
876 5145 951 5196 reges
978 5129 1109 5179 duretam
1135 5129 1220 5180 sicher
1245 5130 1300 5180 aad
1321 5130 1389 5180 aucls
1412 5130 1553 5181 erkle'rls'ch
1575 5129 1658 5180 durcls
1675 5130 1719 5180 dis
1736 5133 1765 5180 in
1783 5129 1905 5180 Maibsnd
1923 5131 2089 5183 narsem

600 5217 718 5265 Basilica
733 5218 811 5266 trium
824 5233 914 5282 regum
933 5221 963 5278 (s.
980 5215 1066 5280 Troya
1085 5215 1173 5266 Stors'a
1191 5217 1309 5268 d'ltalra
1327 5227 1362 5282 IV,
1382 5216 1487 5282 61³,30)
1594 5218 1620 5282 b)
1638 5215 1822 5282 urrpsituyls'elr
1840 5219 1901 5282 epti,
1920 5215 1996 5266 dana
2014 5219 2087 5270 nach

598 5283 656 5334 dem
673 5287 776 5334 metten
793 5283 957 5335 Buchstabsn
982 5287 990 5334 i
1016 5285 1209 5349 etnqeselsoben,
1237 5289 1384 5352 episcopati
1411 5286 1468 5337 lter
1485 5285 1591 5337 steksnd
1608 5293 1668 5336 stau
1695 5289 1863 5352 episcopatus
1968 5287 1994 5348 c)
2014 5304 2085 5338 corr.

597 5369 645 5402 mss
663 5353 847 5418 Bergamensis
948 5355 974 5415 d)
994 5355 1089 5404 donem
1109 5353 1131 5403 A
1231 5359 1255 5416 e)
1273 5355 1458 5420 urrpdtnpls'ct
1477 5356 1595 5412 hordine,
1616 5356 1688 5405 dana
1706 5355 1723 5404 h
1740 5352 1873 5420 mische
1979 5355 2001 5418 s)
2021 5364 2086 5407 stete
2106 5362 2141 5408 45

598 5423 677 5472 rebus
697 5429 723 5472 et
741 5425 889 5484 territoriis,
918 5423 1004 5473 tndem
1028 5423 1075 5472 der
1094 5422 1230 5474 sctreeer
1252 5424 1317 5473 belm
1335 5425 1481 5490 Uele-quw
1498 5441 1548 5476 ooss
1571 5425 1618 5474 der
1641 5429 1666 5473 9.
1686 5426 1732 5473 mit
1759 5431 1830 5474 etro
1857 5420 2087 5476 abachls'ermdea

600 5489 761 5554 &inflatile
778 5507 825 5540 aar
841 5495 882 5540 10.
901 5492 945 5541 die
962 5491 1133 5556 betreffesrdea
1151 5491 1314 5542 Buchrtaten
1332 5493 1441 5542 muliera
1544 5496 1572 5558 g)
1591 5492 1677 5544 Ls's‘elrs
1697 5509 1747 5544 uon
1769 5490 1869 5554 δᾶνι,
1895 5507 1923 5540 so
1946 5491 2012 5542 dass
2032 5494 2086 5557 fib·

600 5560 649 5609 dae
666 5559 724 5610 dem
743 5559 824 5611 Sinus
841 5561 908 5608 nael
926 5577 957 5610 aa
974 5560 1131 5626 tredemude
1149 5564 1221 5611 missi
1239 5561 1286 5612 der
1304 5561 1390 5612 naum
1407 5561 1478 5611 nieht
1497 5561 1625 5612 ameum
1721 5562 1749 5626 h)
1767 5577 1833 5611 corr.
1852 5577 1899 5609 aru
1916 5562 2085 5628 recordatus,

599 5628 685 5678 aaa·
702 5628 750 5679 der
767 5632 853 5680 merite
870 5628 962 5748 &Md
979 5647 1029 5680 oon
1046 5647 1064 5680 u
1079 5629 1168 5694 petilqt
1185 5630 1240 5680 aad
1256 5631 1318 5681 dher
1336 5649 1348 5680 s
1367 5632 1410 5680 ein
1422 5630 1669 5696 Abkslrzunpsstrs'els
1684 5637 1775 5696 yssetzt
1793 5627 1881 5680 mas
1973 5631 1994 5692 i)
2014 5649 2084 5683 corr.

601 5713 648 5746 am
666 5700 786 5748 venisent
889 5699 916 5762 lr)
960 5735 967 5747 .
2105 5703 2142 5751 50
