4576 6420
908 397 1033 454 O'PTO
1056 400 1080 455 Ι.
1104 395 1176 454 961.
1803 395 1864 460 311

321 577 487 650 oorqeleqco
508 579 602 636 haheo
623 595 714 638 mass.
756 579 808 639 Do
829 582 885 638 roa'r
912 581 1035 642 dissolbe
1061 584 1142 642 nicht
1170 582 1368 655 aufraftndeo
1396 585 1585 654 ommoohteo,
1613 585 1708 644 habeo
1735 585 1792 644 wo
1819 587 1867 645 dte

322 682 544 755 &obtempera
564 683 641 741 noct
660 683 799 743 Morttac
817 686 945 758 peboten.

320 867 377 948 (O.)
398 867 413 952 l
433 866 472 932 In
494 869 624 933 nomine
647 879 780 934 sanctae
803 879 836 936 et
861 869 1048 936 individuae
1077 873 1241 936 trinitatis.
1286 869 1390 956 Oltto]
1417 872 1529 938 divina
1550 874 1780 959 preordinante
1803 875 1866 940 cle·

217 970 339 1033 mentia
356 992 425 1034 rex.
527 968 663 1053 Nlotum
681 972 736 1056 s]it
760 972 909 1038 omnibus
931 972 1082 1039 fidelibus
1104 977 1224 1039 nostris
1247 973 1479 1060 pr[es]entibus
1503 976 1627 1042 scilicet
1649 988 1682 1042 et
1702 979 1829 1061 futuris,
1852 977 1867 1058 ξ

182 1072 355 1158 equaliter
382 1096 442 1139 nos
470 1097 529 1160 per
559 1076 748 1160 petitionem
776 1085 887 1159 nostre
921 1074 1059 1139 dilectae
1091 1073 1263 1162 [coniugila
1292 1077 1496 1143 Adalheidae
1525 1090 1622 1167 atque
1650 1083 1866 1150 interventum

216 1175 417 1242 Uuillihelmi
441 1189 574 1243 sanctae
589 1179 831 1264 Mogonciensis
854 1180 1034 1244 aecclesiae
1050 1181 1245 1247 venerabilis
1269 1182 1508 1269 archiepiscopi
1527 1184 1592 1249 tale
1606 1185 1754 1270 predium
1770 1185 1865 1272 quale

216 1279 396 1346 Lantberto
421 1290 519 1376 atque
540 1282 757 1368 Megingozzo
780 1307 839 1370 per
860 1285 1074 1350 Emichonem
1097 1287 1248 1351 comitem
1276 1286 1454 1352 secundum
1482 1289 1531 1353 ius
1562 1291 1741 1376 scitumque
1763 1291 1866 1355 Fran·

216 1405 329 1448 corum
352 1383 550 1450 iudiciumve
574 1386 783 1452 scabinorum
805 1386 952 1452 ablatum
975 1398 1007 1451 et
1029 1389 1062 1452 in
1085 1387 1201 1452 fiscum
1222 1390 1371 1473 regiam·
1400 1389 1510 1454 debita
1537 1390 1721 1456 bannorum
1744 1395 1865 1457 exami-

215 1488 347 1551 natione
370 1490 597 1554 transmissum
619 1499 678 1572 est,
700 1489 764 1556 hoc
787 1499 837 1554 est
860 1490 1014 1577 quicquid
1036 1492 1070 1554 in
1093 1491 1210 1556 Kirero
1233 1514 1345 1557 marca
1365 1491 1417 1556 vel
1439 1495 1474 1557 in
1496 1493 1638 1579 Bergero
1662 1516 1773 1559 marca
1796 1497 1865 1560 sive

165 1598 197 1646 10
215 1590 249 1652 in
264 1588 522 1656 Husenbachero
546 1615 658 1657 marca
681 1615 738 1657 seu
761 1595 795 1657 in
810 1592 1060 1659 Uuikenrodero
1084 1616 1196 1658 marca
1218 1617 1279 1658 nec
1301 1617 1368 1660 non
1390 1597 1423 1658 in
1441 1594 1730 1680 Puzuuilaringero
1753 1619 1866 1661 marca

215 1691 383 1777 possidere
412 1693 624 1779 videbantur,
658 1695 790 1762 cuidam
820 1697 916 1762 nobis
945 1696 1124 1762 admodum
1157 1697 1309 1762 familiari
1342 1699 1472 1762 nomine
1503 1696 1705 1762 Theoderico
1740 1699 1865 1784 prefate

215 1795 372 1878 ecclesiae
395 1801 561 1884 preposito
585 1809 738 1885 precepto
762 1801 797 1864 in
819 1803 986 1886 proprium
1010 1801 1218 1884 donavimus,
1249 1802 1283 1865 in
1304 1798 1503 1885 mancipiisl
1524 1800 1677 1866 videlicet
1698 1805 1865 1888 utriusque

216 1921 313 1965 sexus
335 1903 423 1965 etin
446 1904 530 1967 areis
553 1905 705 1990 agrisque
728 1901 823 1967 cultis
847 1912 879 1967 et
900 1902 1081 1968 incolendis
1104 1906 1137 1969 in
1162 1904 1264 1989 pratis
1291 1901 1380 1966 silvis
1409 1903 1542 1986 pascuis
1571 1904 1663 1988 aquis
1693 1924 1865 1990 aquarum-

215 2024 277 2087 que
300 2003 491 2071 decursibus
514 2007 750 2092 piscationibus
773 2005 967 2072 molendinis
990 2007 1133 2072 exitibus
1150 2015 1182 2072 et
1196 2005 1354 2070 reditibus
1371 2006 1439 2069 sive
1455 2007 1489 2069 in
1508 2006 1679 2091 aquisitis³
1699 2006 1798 2071 rebus
1812 2005 1865 2070 vel
1948 2037 1949 2042 ¹

164 2112 196 2160 15
214 2108 420 2192 acquirendis
443 2119 542 2194 atque
565 2110 715 2175 omnibus
739 2109 783 2174 ad
805 2109 952 2194 predicta
976 2111 1049 2176 loca
1071 2112 1140 2176 iure
1163 2108 1409 2196 pertinentibus.
1454 2107 1500 2174 Ut
1521 2118 1631 2174 autem
1652 2107 1716 2173 hoc
1737 2109 1867 2173 firmum

215 2208 395 2296 stabileque
410 2221 443 2276 et
457 2235 516 2298 per
531 2213 774 2277 succedentium
797 2213 959 2278 curricula
982 2223 1165 2299 temporum
1187 2215 1362 2278 infractum
1385 2220 1482 2298 atque
1505 2210 1771 2276 incommutabile
1794 2233 1866 2296 per-

214 2325 345 2379 maneat
373 2326 406 2380 et
431 2328 467 2382 ut
495 2319 566 2403 ipse
595 2318 740 2403 prefatus
769 2317 990 2383 Theodericus
1021 2318 1167 2383 eiusdem
1195 2316 1300 2404 predii
1332 2317 1510 2402 supradicti
1541 2325 1738 2402 potestatem
1768 2325 1866 2402 atque

213 2411 348 2482 liberum
380 2418 547 2484 arbitrium
576 2419 698 2485 habeat
726 2420 870 2486 donandi
894 2420 1057 2487 vendendi
1086 2423 1154 2486 sive
1178 2421 1400 2486 commutandi
1423 2420 1597 2485 ueletiam
1620 2418 1774 2506 quicquid
1802 2418 1865 2482 sibi

212 2520 289 2586 inde
316 2521 446 2590 libuerit
474 2523 631 2608 faciendi,
666 2524 729 2589 hoc
757 2546 892 2609 presens
920 2536 1112 2610 preceptum
1140 2526 1302 2590 conscribi
1332 2524 1486 2612 anulique
1516 2525 1619 2588 nostri
1650 2523 1864 2608 impressione

162 2630 196 2678 20
213 2625 366 2690 iussimus
389 2626 595 2692 corroborari
618 2650 678 2692 nec
701 2650 767 2693 non
790 2638 823 2692 et
843 2631 977 2713 propria
999 2651 1098 2692 manu
1121 2627 1235 2694 subtus
1257 2628 1467 2693 firmavimus.

313 2757 328 2843 ξ
350 2762 487 2847 Signum
510 2763 620 2830 domni
646 2761 776 2829 Ottonis
800 2764 1004 2828 invictissimi
1027 2767 1113 2850 regis
1135 2761 1150 2845 Ξ
1174 2766 1263 2847 (MP.)

313 2863 327 2946 ξ
348 2866 512 2933 Lintulfus
528 2867 744 2932 cancellarius
759 2866 909 2932 advicem
924 2869 1088 2933 Brunonis
1104 2868 1379 2954 archicappellani
1393 2871 1595 2953 recognovit.
1613 2867 1628 2949 l
1645 2869 1702 2950 (Sl.
1717 2867 1758 2947 1.)
1779 2865 1861 2946 (SR.)

317 3002 428 3088 [Data]
454 3023 517 3068 1111.
540 3004 607 3069 kal.
631 3006 696 3069 ian.
728 3027 814 3069 anno
845 3005 1027 3068 dominicae
1057 3002 1306 3087 in[carnationis
1335 3003 1563 3090 ncccclnx[1]‚
1598 3005 1773 3069 indictione
1796 3019 1861 3084 1111,

211 3129 298 3174 anno
321 3107 474 3172 videlicet
494 3109 585 3192 regni
610 3109 807 3172 serenissimi
828 3109 915 3192 regis
938 3106 1070 3172 Ottonis
1093 3125 1202 3172 xxm
1215 3118 1242 3191 ⁸3
1276 3117 1387 3174 actum
1409 3107 1626 3192 Ingilinheim.

160 3317 194 3366 aa
992 3297 1079 3370 227.

220 3447 300 3526 Otto
331 3451 490 3550 destdtiqt
518 3451 582 3525 der
611 3451 854 3550 bischoflicbca
882 3450 1017 3526 Kirchc
1045 3478 1090 3525 zu
1118 3452 1273 3525 Mindon
1302 3453 1361 3526 die
1381 3479 1454 3526 ooo
1479 3453 1601 3526 aciaco
1628 3452 1863 3550 Vorpttoqera

209 3570 406 3645 certicheoe
428 3571 643 3646 Immootrut
661 3572 742 3646 aad
763 3571 829 3646 dos
856 3571 1064 3647 Wablrccht.
1434 3611 1576 3684 firme„
1598 3613 1658 3670 961
1684 3610 1765 3669 Μ·
1788 3614 1816 3670 7.

311 3795 590 3870 Fraommtariscte
617 3794 773 3869 Abschrift
803 3796 890 3876 (noch
911 3799 986 3872 jetat
1014 3799 1190 3857 vorlarenem
1215 3799 1389 3872 aeriorum
1412 3797 1522 3875 Mina.)
1546 3816 1603 3859 aas
1625 3799 1679 3856 der
1700 3799 1789 3858 Mitte
1810 3798 1861 3858 des

310 3905 362 3961 17.
380 3901 432 3960 Jt.
456 3903 491 3960 ia
512 3901 706 3975 Kindtinyers
729 3902 942 3976 Sommloopea
962 3903 1022 3963 Bd.
1041 3906 1104 3963 189
1122 3921 1157 3977 p.
1174 3905 1216 3963 57
1236 3907 1303 3962 n⁰1
1328 3904 1371 3961 im
1392 3903 1419 3962 lc.
1437 3901 1640 3961 Stootsorctr'o
1661 3919 1702 3960 aa
1722 3902 1862 3960 Monster

314 3999 381 4083 (Βῖ)
406 4006 471 4064 mad
490 4007 563 4065 noct
585 4005 851 4080 rotvollstdodrycre
874 4004 962 4084 (noct
975 4008 1051 4080 jetat
1072 4007 1249 4066 vertoreacm
1266 4004 1383 4078 Θυρέαν.
1400 4002 1511 4083 Miad.)
1533 4004 1643 4063 ebrado
1660 4022 1693 4077 p.
1715 4008 1736 4064 3
1760 3999 1833 4082 (B1).

312 4143 461 4203 Pistoriae
484 4143 536 4204 SS.
560 4161 619 4205 rer.
646 4144 744 4203 Germ.
769 4144 811 4202 ed.
832 4151 855 4216 1,
878 4149 908 4216 3,
933 4149 994 4204 734
1023 4162 1080 4204 aas
1106 4146 1282 4204 numerat
1303 4161 1368 4204 vom
1395 4144 1427 4204 J.
1450 4145 1535 4204 1530
1557 4140 1610 4222 (A)
1633 4166 1673 4195 =
1696 4142 1860 4201 Wdutind

312 4246 354 4304 ea.
372 4247 501 4306 Meton
515 4251 580 4308 122
603 4245 646 4326 (a)
671 4271 711 4300 =
734 4246 864 4305 marom
880 4247 934 4308 ss.
950 4252 980 4317 1,
999 4251 1060 4308 745
1084 4271 1124 4300 =
1150 4245 1255 4306 carro
1276 4246 1409 4306 aaronis
1430 4245 1488 4316 aas.
1511 4249 1585 4315 207,
1610 4267 1650 4297 =
1673 4245 1776 4316 aaa
1790 4241 1858 4304 aa

311 4345 376 4422 17⁶,
400 4354 465 4412 102
485 4357 520 4410 πθ
542 4357 571 4422 1,
597 4375 636 4404 =
660 4352 809 4411 Pistoriae
833 4349 886 4410 SS.
910 4367 967 4409 rer.
993 4349 1093 4410 Germ.
1118 4349 1161 4408 ed.
1181 4357 1238 4420 111,
1262 4353 1292 4420 3,
1317 4352 1388 4409 819.
1412 4381 1455 4391 -
1482 4347 1608 4407 Schotea
1630 4347 1708 4404 Ana.
1732 4345 1856 4405 Puderb.

311 4453 542 4525 eu.1,1,306
570 4473 626 4514 aas
653 4453 703 4515 Ao
730 4477 771 4507 =
799 4454 843 4513 cd.
864 4460 904 4523 11,
927 4458 957 4524 1,
979 4456 1054 4525 209,
1086 4477 1126 4507 =
1154 4453 1294 4512 Leitoitr
1321 4450 1401 4512 Arm.
1431 4455 1462 4522 3,
1492 4453 1532 4510 75
1565 4449 1791 4523 rmvollstrtotdiy.
1815 4483 1859 4491 —

312 4557 497 4616 Wrtrdtweia
519 4557 604 4618 Sabe.
630 4560 658 4628 6,
681 4562 746 4619 293
767 4563 803 4615 κθ
824 4563 843 4617 1
872 4557 1034 4629 Froymeat
1058 4573 1093 4615 ea·
1114 4558 1296 4630 pcrorrtiquo
1317 4555 1385 4615 Ms.
1411 4553 1479 4634 (E).
1509 4587 1551 4598 --
1580 4555 1727 4616 Wlmoas
1750 4553 1854 4626 Wcstf.

309 4660 344 4717 K
347 4661 381 4720 U.
404 4664 435 4731 2,
460 4665 501 4720 79
523 4668 557 4719 n⁰
579 4665 621 4722 84
643 4679 699 4720 aas
722 4655 846 4720 AB1B2.
871 4693 914 4704 -
935 4660 1064 4718 Bolrmer
1084 4662 1158 4734 Rep.
1183 4663 1254 4721 246.
1277 4694 1320 4704 -
1342 4659 1470 4733 Stamps
1487 4661 1559 4733 Rea.
1582 4662 1657 4720 289.

309 4797 423 4857 Dtotirt
442 4799 518 4858 noct
538 4799 769 4870 Vaartoaden,
803 4816 859 4857 ooo
882 4798 975 4856 draca
993 4797 1096 4871 reuoca
1117 4798 1202 4857 betae
1224 4798 1354 4858 erhaltcn
1376 4799 1424 4856 ist.
1458 4831 1502 4840 -
1531 4797 1591 4856 Die
1613 4797 1756 4869 Mshcriye
1776 4795 1858 4854 Deu-

310 4906 383 4976 trmq
408 4921 464 4962 oon
485 4904 647 4962 Burcteim
674 4903 884 4980 (uersctrietcn
910 4904 983 4960 stott
1004 4901 1175 4980 Braotcim)
1202 4900 1265 4973 aas
1288 4901 1431 4975 Bruqrea
1455 4918 1483 4960 a.
1512 4900 1540 4959 d.
1562 4900 1656 4959 Deim
1683 4899 1760 4958 totrd
1788 4897 1858 4970 fest-

308 5005 448 5063 eahaltea
469 5007 542 5076 sera,
565 5006 683 5079 solaaqc
704 5007 766 5066 sich
786 5008 866 5065 nicht
889 5009 937 5066 eta
959 5005 1123 5081 Barpta'm
1144 5005 1189 5065 als
1212 5005 1267 5077 [etr
1288 5022 1401 5065 unam
1421 5004 1493 5064 Fau
1515 5004 1648 5078 possead
1675 5004 1859 5063 aoctwctsea

310 5105 391 5166 locst.
437 5107 496 5166 Die
523 5108 740 5182 selbstc'tadiycn
767 5109 1017 5182 Verbcsseruapea
1044 5109 1182 5169 artatas
1211 5109 1245 5167 in
1274 5108 1328 5166 der
1354 5107 1596 5180 Dotirmrpsaeile
1624 5107 1748 5166 worden
1777 5106 1858 5164 nicht

310 5212 542 5286 baucksicttiot.

410 5398 449 5463 In
471 5399 602 5462 nomine
625 5406 758 5462 sanctae
780 5406 815 5462 et
835 5395 1024 5462 individuae
1046 5397 1212 5462 trinitatis.
1247 5394 1325 5460 Otto
1343 5395 1455 5460 divina
1470 5397 1668 5482 propitiante
1684 5393 1856 5462 clementia

206 5523 275 5567 rex.
378 5500 533 5566 Omnium
561 5500 706 5566 fidelium
734 5511 920 5567 nostrorum
949 5510 1017 5566 tam
1041 5501 1262 5586 praesentium
1284 5521 1382 5586 quam
1404 5499 1587 5564 futurorum
1609 5504 1789 5584 cognoscat
1809 5502 1857 5564 in·

291 5671 351 5726 22⁰.
380 5671 489 5741 [Sickel]
593 5675 618 5738 a)
638 5672 662 5724 A
764 5673 794 5740 b)
812 5691 831 5726 n
846 5674 909 5726 uuor
925 5673 973 5726 dor
989 5673 1059 5724 atto
1074 5673 1270 5740 παλμῶν-φθῆ.
