4576 6420
428 414 492 479 334
593 416 606 424 ’
1027 381 1485 476 11111111111111111.’

429 603 580 690 publicae
603 605 751 689 pertinet.
796 600 936 686 Insuper
958 601 1055 664 etiam
1077 598 1287 664 concedimus
1311 609 1371 664 utq
1401 622 1513 664 omnes
1542 599 1690 665 homines
1719 601 1803 664 infra
1832 599 1970 664 eandem
1999 601 2081 662 civi·

429 716 528 771 tatem
560 703 633 789 [vel]
664 703 863 791 praelibatos
891 703 973 766 fines
1001 701 1201 784 habitantes,
1235 701 1421 789 ubicunque
1450 723 1562 766 eorum
1590 703 1687 767 fuerit
1714 702 1899 768 haereditas
1930 705 1998 767 sive
2022 701 2081 765 ad-

430 818 583 894 quaestus
607 812 675 871 sive
697 806 832 886 familia,
856 815 923 869 tam
945 804 1030 868 infra
1052 806 1243 868 comitatum
1258 803 1468 868 Parmensem
1491 826 1652 890 quamque
1674 808 1706 869 in
1722 808 1838 872 vicinis
1855 805 2078 886 comitatibus,

429 910 551 976 nullam
581 909 700 975 exinde
731 909 931 973 functionem
960 906 1058 971 alicui
1086 909 1188 972 nostri
1216 908 1307 991 regni
1330 929 1490 991 personae
1512 907 1700 993 persolvant
1723 911 1791 974 sive
1815 910 1952 974 alicuius
1976 910 2079 994 placi-

432 1027 499 1080 tum
522 1013 723 1096 custodiant,
759 1013 822 1075 nisi
844 1011 1029 1075 Parmensis
1052 1009 1211 1075 ecclesiae
1233 1012 1379 1096 episcopi
1404 1013 1458 1096 qui
1482 1033 1541 1096 pro
1565 1023 1711 1097 tempore
1734 1013 1846 1097 firerit,
1877 1012 1933 1076 sed
1956 1013 2117 1076 habeato

429 1121 532 1204 ipsius
555 1117 714 1183 ecclesiae
737 1117 911 1200 episcopus
934 1113 1099 1178 licentiam
1122 1123 1288 1200 tamquam
1312 1116 1415 1180 nostri
1438 1137 1549 1179 comes
1572 1114 1685 1201 palatii
1709 1115 1946 1201 distringendir
1968 1125 1999 1178 et
2023 1113 2078 1178 de-

429 1221 562 1284 finiendi
584 1220 637 1284 vel
659 1217 860 1284 deliberandi
884 1239 997 1282 omnes
1019 1239 1071 1280 res
1094 1226 1126 1280 et
1148 1217 1290 1283 familias
1307 1232 1374 1284 tam
1391 1221 1533 1284 omnium
1549 1219 1742 1286 clericorum
1757 1220 1903 1285 eiusdem
1918 1221 2078 1305 episcopii

431 1346 528 1410 quam
551 1333 584 1388 et
607 1325 751 1388 omnium
772 1322 939 1394 hominum
963 1319 1177 1384 habitantium
1201 1323 1287 1386 infra
1315 1323 1496 1409 predictam
1518 1325 1685 1388 civitatem
1707 1346 1767 1388 nec
1791 1346 1855 1388 non
1878 1331 1910 1388 et
1933 1325 2080 1387 omnium

429 1427 639 1492 residentium
665 1449 764 1512 supra
793 1427 961 1511 praefatae
990 1422 1147 1488 ecclesiae
1170 1433 1289 1489 terram
1313 1427 1381 1489 sive
1410 1425 1643 1491 libellariorum
1670 1428 1738 1491 sive
1760 1429 1982 1511 precariomm
2009 1423 2081 1506 [seu

431 1529 694 1613 castellanorum]
702 1581 710 1614 ,
740 1538 772 1594 et
800 1531 846 1594 ita
876 1530 916 1594 de
944 1538 1055 1593 nostro
1085 1527 1153 1590 iure
1176 1538 1209 1592 et
1231 1528 1376 1594 dominio
1400 1531 1433 1594 in
1456 1532 1525 1593 eius
1548 1532 1597 1594 ius
1621 1539 1653 1594 et
1676 1528 1855 1594 dominium
1881 1527 2081 1592 transfundi·
2104 1541 2136 1586 10

430 1657 502 1699 mus
530 1644 566 1698 ut
593 1633 700 1698 nullus
728 1633 873 1697 marchio
903 1653 1013 1696 comes
1042 1633 1225 1695 vicecomes
1255 1643 1311 1696 aut
1339 1631 1449 1720 aliqua
1478 1634 1568 1714 regni
1597 1634 1699 1696 nostri
1728 1654 1848 1716 magna
1878 1634 2081 1718 remissaque

389 1807 391 1811 ,
431 1759 571 1822 persona
594 1736 712 1802 exinde
736 1736 775 1800 de
798 1735 974 1821 praedictis
996 1733 1093 1799 rebus
1116 1745 1148 1797 et
1170 1734 1302 1799 familiis
1328 1745 1360 1798 et
1389 1736 1539 1801 omnibus
1571 1759 1654 1822 qnae
1685 1737 1832 1820 superius
1860 1734 2014 1819 leguntur
2045 1757 2081 1798 se

386 1877 388 1880 ·
431 1842 625 1905 intromittat
647 1848 704 1904 aut
726 1838 870 1926 aliquam
891 1839 1092 1903 functionem
1114 1837 1191 1901 inde
1214 1839 1358 1924 recipere
1380 1849 1492 1904 tentet.
1530 1839 1584 1904 Ad
1607 1837 1816 1922 augmentum
1840 1841 1937 1903 etiam
1963 1836 2081 1919 [status

431 1947 533 2009 nostri
555 1944 694 2029 imperii]
708 1953 727 2024 ⁸,
752 1952 911 2030 quatenus
935 1942 1050 2006 eadem
1064 1942 1249 2007 Parmensis
1272 1940 1411 2006 ecclesia
1433 1942 1553 2006 nullius
1578 1942 1793 2028 supplementi
1816 1941 1947 2025 indigat
1969 1940 2082 2004 videa-

431 2058 493 2130 tur,
521 2046 739 2133 permittendo
769 2046 979 2110 concedimus
1008 2046 1110 2129 ipsius
1138 2043 1204 2109 loci
1227 2046 1384 2131 episcopo
1407 2056 1442 2110 ut
1464 2045 1585 2110 habeat
1613 2055 1809 2130 potestatem
1837 2043 1976 2130 eligendi
2008 2046 2080 2107 sive
2104 2058 2135 2103 15

433 2150 606 2215 ordinandi
630 2148 691 2213 sibi
714 2150 861 2213 notarios
885 2149 939 2233 qui
962 2169 1080 2213 causas
1103 2149 1206 2232 ipsius
1236 2150 1446 2233 episcopatus
1474 2148 1699 2230 discutientes,
1733 2147 1929 2232 ubicumque
1960 2168 2081 2232 oppor-

432 2264 546 2318 tunum
574 2254 684 2336 fuerit,
718 2274 778 2337 per
806 2250 1007 2336 praedictum
1037 2251 1229 2336 episcopum
1255 2251 1400 2316 scribant
1421 2262 1530 2318 cartas
1554 2254 1775 2338 cuiuscunque
1797 2250 1959 2316 voluerint
1981 2261 2080 2314 testa·

434 2358 531 2422 menti
544 2365 567 2440 ¹¹,
597 2365 723 2420 remota
745 2353 963 2440 prohibitione
985 2352 1037 2417 vel
1061 2356 1283 2419 controversia
1306 2356 1479 2420 comitatus
1503 2357 1571 2419 sive
1594 2357 1732 2437 comitis,
1755 2365 1792 2420 ut
1815 2355 1898 2418 sicut
1920 2377 1963 2418 ex
1985 2363 2082 2438 parte

433 2463 606 2526 comitatus
629 2469 703 2525 sunt
725 2458 841 2524 harum
863 2481 970 2522 rerum
992 2469 1179 2541 exactores,
1207 2460 1254 2523 ita
1277 2469 1433 2543 exparte
1456 2459 1614 2550 episcopii
1637 2467 1749 2522 nostra
1774 2455 1944 2542 [imperiali
1967 2466 2081 2521 aucto-

431 2565 528 2628 ritate
551 2562 704 2628 ammodo
727 2564 859 2626 inantea
880 2560 1070 2641 habeantur,
1096 2563 1182 2626 omni
1206 2559 1464 2626 contradictione
1486 2561 1628 2646 repulsa,
1652 2570 1684 2625 et
1702 2571 1737 2625 ut
1755 2559 1918 2644 eis-liceat
1933 2559 2081 2645 quiete]v
2101 2579 2134 2626 20

433 2669 552 2731 vivere.
586 2667 630 2730 Et
653 2667 679 2730 si
703 2663 861 2729 acciderit
884 2664 924 2728 de
947 2662 1123 2748 praedictis
1146 2663 1243 2728 rebus
1266 2674 1298 2728 et
1320 2663 1452 2728 familiis
1476 2663 1558 2746 [sine
1580 2685 1691 2749 pugna
1712 2663 1860 2748 legaliter
1882 2663 1959 2746 non]
1980 2685 2081 2748 posse

434 2767 574 2850 definiri,
609 2790 666 2853 per
688 2767 773 2844 hanc
795 2768 898 2831 nostri
923 2768 1088 2852 praecepti
1113 2767 1267 2851 paginam
1289 2766 1501 2831 concedimus
1524 2767 1631 2832 eidem
1654 2769 1831 2853 episcopi*
1861 2767 2081 2848 vicedomino,

433 2880 469 2936 ut
492 2871 533 2934 sit
554 2879 666 2934 noster
687 2871 806 2932 missus
828 2877 861 2932 et
882 2867 1003 2932 habeat
1030 2879 1225 2954 potestatem
1253 2869 1454 2934 deliberandi
1485 2882 1516 2935 et
1546 2870 1720 2936 definiendi
1749 2880 1847 2957 atque
1877 2869 2081 2936 diiudicandi

433 2981 601 3058 tamquam
623 2973 726 3036 nostri
749 2993 859 3036 comes
882 2969 1005 3056 palatii.
1041 2969 1075 3034 Si
1099 2973 1171 3057 quis
1195 2973 1292 3056 igitur
1314 2973 1409 3038 huius
1432 2977 1536 3039 nostri
1559 2975 1724 3060 praecepti
1740 2973 1881 3038 violator
1901 2969 2081 3058 [extiterit],

435 3075 517 3138 sciat
546 3096 580 3137 se
608 3075 864 3158 compositurum
892 3072 980 3137 mille
1008 3072 1108 3138 libras
1138 3077 1223 3157 auri,
1257 3075 1465 3141 medietatem
1490 3100 1640 3142 camerae
1662 3087 1793 3142 nostrae
1816 3087 1848 3141 et
1869 3076 2082 3141 medietatem
2100 3093 2133 3140 25

434 3179 537 3262 ipsius
560 3176 719 3241 ecclesiae
742 3179 908 3262 episcopo.
944 3175 1043 3256 Quod
1057 3189 1093 3242 ut
1108 3181 1216 3242 verius
1241 3179 1392 3244 credetur
1415 3181 1665 3267 diligentiusque
1687 3179 1729 3244 ab
1755 3180 1905 3245 omnibus
1929 3179 2083 3244 observo-

434 3290 486 3344 tur
508 3279 804 3365 inviolabiliterque
827 3279 1045 3361 custodiatur,
1080 3302 1179 3346 manu
1201 3283 1334 3366 propria
1355 3281 1548 3349 roborantes
1572 3283 1684 3348 annuli
1707 3284 1808 3348 nostri
1832 3284 2082 3368 impressionem

435 3385 568 3448 inferius
591 3385 681 3468 alfigi
705 3385 939 3468 praecepimus.

538 3537 674 3622 Signum
697 3537 808 3602 domni
831 3536 987 3602 Ottonis¹
1010 3537 1073 3620 (M.)
1096 3539 1293 3604 serenissimi
1315 3543 1454 3624 augusti.

538 3661 749 3746 Liutgeriusy
772 3660 987 3726 cancellarius
1011 3661 1160 3725 advicem
1175 3661 1266 3725 Brun
1282 3661 1520 3747 archiepiscopi
1538 3674 1570 3727 et
1584 3663 1862 3729 archicancellarii
1875 3663 2080 3748 recognovit.
2100 3679 2133 3724 30

508 3851 509 3854 κ
539 3815 629 3880 Data
651 3834 701 3881 111.
725 3816 768 3882 id.
792 3820 899 3882 martii
922 3841 1007 3884 anno
1031 3818 1214 3883 dominicae
1237 3817 1470 3883 incarnationis
1497 3835 1698 3902 nccccnxn,
1730 3841 1815 3884 anno
1844 3842 1922 3884 vero
1950 3821 2080 3903 imperii

436 3916 546 3982 domni
578 3917 732 3984 Ottonisz
762 3923 958 3985 serenissimi
988 3923 1117 4006 augusti
1141 3941 1168 4004 1,
1206 3921 1382 3986 indictione
1407 3941 1445 4004 νς
1479 3932 1588 3987 actum
1617 3923 1769 4004 Lucae⁸;
1803 3926 1835 3987 in
1867 3923 1918 3987 dei
1949 3925 2082 3986 nomine

435 4023 572 4088 feliciter
594 4047 698 4089 amen.

1216 4213 1303 4290 210.

445 4368 524 4445 Otto
547 4371 707 4469 batotipt
728 4371 807 4443 dem
824 4371 968 4444 Klostcr
985 4369 1085 4442 Leno
1109 4382 1214 4442 nater
1235 4368 1486 4467 Bezuqnobme
1510 4369 1584 4468 anf
1599 4371 1677 4442 cine
1688 4370 1826 4467 ficher
1846 4396 1892 4442 au
1918 4369 2082 4445 (io-asten
2100 4406 2134 4451 :ss

436 4491 501 4563 der
522 4492 672 4566 M'o’ncbe
694 4491 919 4589 stuttpcbobte
946 4490 1215 4588 Gitterthcilunp
1237 4491 1304 4562 olle
1321 4487 1570 4588 Besitzuupco,
1600 4491 1657 4563 dic
1680 4491 1893 4563 Ins-ruunito't
1913 4491 1993 4563 und
2013 4492 2082 4564 dos

443 4612 647 4686 Waltlt‘ecltl.
1692 4631 1787 4689 Paoiu
1808 4633 1874 4690 962
1894 4631 1984 4704 April
2003 4635 2035 4691 2.

539 4821 683 4880 Zaccuria
704 4821 792 4879 Delio
814 4820 904 4879 hodia
927 4821 958 4878 di
980 4821 1062 4879 Leno
1085 4825 1123 4880 71
1148 4827 1183 4878 a⁰
1206 4823 1224 4880 5
1247 4821 1323 4879 nach
1345 4819 1411 4878 dem
1433 4819 1526 4878 Liber
1546 4819 1602 4877 VV
1622 4817 1674 4896 (A)
1694 4843 1732 4872 =
1750 4818 1812 4879 OD.
1837 4819 1969 4892 navans
1993 4825 2083 4882 1152

540 4930 574 4982 a⁰
597 4927 668 4983 666.
692 4956 734 4966 -
756 4923 885 4982 Bo'hrocr
907 4925 979 4996 aeq.
1002 4927 1076 4983 257.
1100 4957 1143 4964 —
1166 4922 1291 4997 Stamps
1311 4924 1383 4996 Rea.
1407 4926 1480 4982 305.

538 5063 576 5120 Ia
605 5061 826 5136 thummim
854 5061 1130 5133 Madsctriftlicher
1158 5060 1397 5137 Uebcrlieferuaq
1424 5060 1494 5122 sad
1522 5063 1578 5120 wir
1605 5061 1661 5131 [ἂν
1688 5059 1754 5121 DO.
1777 5063 1857 5131 240,
1885 5061 1988 5119 dassen
2009 5059 2081 5120 Vor-
2100 5079 2137 5126 4ο

539 5165 676 5224 tramae
697 5165 748 5243 (D.
772 5165 939 5240 Berertpurs
962 5166 1026 5224 aad
1048 5166 1205 5226 Adalbens
1227 5184 1292 5224 vom
1315 5167 1347 5226 J.
1372 5169 1450 5236 958,
1484 5165 1613 5223 Bohmcr
1634 5165 1705 5237 Rep.
1730 5164 1805 5222 Kar.
1829 5161 1925 5240 1137)
1947 5163 2012 5220 aad
2035 5164 2084 5222 dic

522 5350 581 5404 m.
608 5353 635 5416 q)
654 5350 718 5401 1211.
732 5360 771 5412 11.,
797 5359 823 5402 et
845 5352 871 5401 U
967 5352 991 5416 r)
1011 5353 1190 5418 distinguendi
1213 5352 1240 5402 U
1338 5355 1361 5414 s)
1380 5355 1459 5403 etisun
1474 5359 1659 5419 ...quatenus
1682 5352 1712 5416 U,
1739 5353 1856 5418 recipere
1925 5351 2009 5400 nostri
2032 5351 2082 5399 im·

607 5423 673 5485 perii
692 5418 755 5470 DE.
770 5431 809 5482 11,
831 5427 916 5472 status
938 5420 1000 5471 oder
1022 5423 1174 5472 stabilitatis
1197 5421 1265 5471 nach
1282 5420 1341 5471 dem
1359 5420 1591 5487 Spracltpebrauclt
1608 5421 1653 5471 dea
1671 5420 1703 5471 It.
1722 5421 1756 5470 B.
1860 5421 1880 5483 t)
1897 5418 2016 5482 111111,
2042 5421 2082 5468 in-

526 5483 530 5492 ’
608 5490 690 5554 digna
702 5489 872 5540 videatur...
884 5490 1057 5556 permittendo
1076 5489 1104 5550 U,
1123 5489 1237 5555 obplcs‘ch
1247 5489 1315 5540 noch
1327 5490 1391 5540 ΒΗ.
1406 5499 1436 5540 11.
1458 5490 1515 5541 hier
1531 5490 1615 5541 aab·
1626 5489 1697 5553 sebit
1782 5487 1813 5554 u)
1830 5487 1893 5538 DH.
1908 5495 1947 5546 11,
1966 5488 2084 5538 voluerit

607 5558 809 5619 tcstamentaU,
833 5558 902 5609 wohl
921 5559 1031 5624 pemebtt
1054 5562 1242 5625 cuiuscumque
1260 5560 1392 5610 voluerint
1408 5561 1552 5610 testimonii
1575 5559 1637 5610 oder
1660 5561 1758 5610 tenoris
1845 5557 1872 5621 v)
1892 5555 1955 5606 ΒΗ.
1971 5565 2015 5620 11,
2042 5573 2083 5606 wo
2103 5563 2137 5609 4⁵

602 5625 698 5690 judoch
727 5627 851 5690 obmqsallr
881 5631 919 5678 cis
945 5628 1027 5678 liceat
1055 5628 1117 5679 odor
1145 5627 1266 5678 dhalicbc
1295 5627 1379 5678 Worte
1406 5629 1437 5678 ia
1465 5631 1520 5679 cine
1546 5627 1634 5679 Ls'r'clre
1656 5627 1744 5690 sallon
1854 5625 1889 5689 w)
1910 5627 2036 5690 episcopo
2061 5625 2089 5675 U

608 5699 634 5758 x)
654 5695 766 5746 Othonis
784 5695 809 5746 U
907 5699 936 5761 y)
954 5696 1087 5747 Vvilerius
1104 5695 1130 5746 U
1229 5698 1252 5761 a)
1270 5696 1381 5747 Othonis
1399 5695 1424 5746 U
1524 5701 1549 5762 a)
1568 5699 1663 5748 Liviae
1680 5697 1709 5747 U.
