4508 6428
434 425 498 491 366
924 519 926 528 ¹
1031 436 1480 496 KAISERURKUNDEN.

434 628 467 683 et
488 620 522 682 in
536 617 676 683 Foliano
689 627 709 656 ¹³
731 617 837 684 eidem
860 619 1018 684 canonice
1041 617 1184 684 admisse
1205 627 1282 684 sunt
1302 653 1346 664 —-
1368 639 1394 685 et
1409 640 1506 684 cuncta
1527 651 1693 702 quecumque
1713 652 1730 683 ι
1753 651 1770 686 a
1784 635 1898 687 senous
1922 635 2109 702 urgimribus

436 738 504 788 inibi
533 738 582 788 deo
611 738 717 790 favente
746 737 837 789 oblata
864 732 997 802 fuerint¹¹‚
1031 729 1095 804 [per]
1124 739 1192 789 hanc
1220 743 1337 790 nostram
1365 737 1528 804 imperialem
1555 739 1748 790 institutionem
1771 744 1799 790 et
1822 737 2027 790 inviolabilem
2050 754 2109 788 cor-

434 842 631 893 roborationem
658 842 687 891 in
715 841 807 893 eadem
837 843 965 893 canonica
986 859 1002 890 s
1024 843 1125 908 absque
1154 842 1268 892 abcuius
1297 843 1455 892 retractione
1485 841 1604 892 stabilita
1634 848 1807 907 permaneant
1829 859 1862 907 e,
1896 843 1949 893 sed
1980 844 2057 892 iusto
2080 847 2108 892 et

435 945 557 1012 legaliter
585 944 731 995 secundum
758 946 810 996 hoc
836 949 956 996 nostrum
984 949 1138 1010 preceptum
1160 950 1188 996 et
1209 935 1408 1006 renolva]tionis
1436 945 1552 996 edictum
1574 949 1654 1012 atque
1675 945 1788 1012 predicti
1811 946 1990 998 venerabilis
2015 947 2105 1011 ponti-

436 1048 492 1099 ficis
506 1033 722 1098 Ermenaldi⁰
745 1056 1033 1120 successorumque
1056 1055 1188 1099 suorum
1211 1048 1404 1100 ordinationem
1418 1049 1452 1098 ab
1468 1049 1534 1114 ipsis
1548 1051 1683 1100 canonicis
1705 1053 1870 1116 potestative
1890 1052 1950 1101 einr
1965 1065 2105 1116 possessa,
2123 1055 2138 1102 5

435 1155 622 1220 perpetuisque
651 1155 813 1220 temporibus
838 1159 963 1204 maneant
984 1153 1155 1216 inconvulsa,
1185 1153 1328 1218 nullusque
1350 1169 1366 1200 s
1388 1143 1452 1213 d[ux
1474 1143 1529 1212 aut]
1551 1169 1639 1204 comes
1661 1159 1708 1204 ant
1728 1154 1884 1204 vicecomes
1909 1154 1957 1204 vel
1983 1154 2105 1203 vicarius

435 1273 482 1308 seu
498 1257 634 1308 scudaasio
650 1259 693 1309 vel
709 1259 804 1310 missus
819 1258 969 1309 discurrens
990 1263 1096 1328 neque
1119 1257 1239 1306 minister
1254 1257 1292 1306 rei
1307 1254 1430 1321 publicae
1453 1249 1510 1305 aut
1525 1239 1677 1326 quislibet
1697 1241 1796 1306 homo
1821 1263 1955 1326 magna
1980 1262 2104 1326 parva-

435 1368 497 1432 que
524 1367 666 1431 persona
687 1363 715 1412 in
737 1363 840 1412 clericis
862 1361 980 1414 eiusdem
1003 1352 1157 1421 canoniclae
1184 1351 1242 1420 alut
1263 1361 1291 1409 in
1312 1361 1371 1425 ipsa
1393 1360 1522 1410 anonim
1543 1360 1586 1410 vel
1609 1361 1688 1412 rebus
1709 1361 1794 1426 ipsius
1818 1363 1977 1411 canomcae
2002 1377 2054 1411 seu
2075 1363 2104 1410 in

434 1465 641 1530 proprietatibus
663 1465 705 1516 vel
729 1465 851 1516 domibus
879 1470 926 1516 aut
954 1465 1062 1515 familiis
1089 1465 1228 1530 utriusque
1250 1480 1329 1515 sexus
1352 1480 1399 1514 seu
1422 1463 1604 1516 commenditis
1625 1464 1668 1514 vel
1691 1464 1812 1516 sodaneis
1835 1465 1966 1530 ipsorum
1991 1467 2102 1516 canoni-

434 1584 525 1618 corum
546 1563 687 1635 aliquaml
709 1569 867 1620 violenciam
889 1573 937 1619 aut
956 1569 1169 1620 contrarietatem
1191 1573 1238 1618 aut
1259 1583 1347 1618 rerum
1370 1567 1570 1619 diminutionem
1585 1567 1629 1619 vel
1643 1583 1729 1620 rernm
1750 1569 1924 1620 invasionem
1948 1574 2002 1618 aut
2026 1568 2150 1619 lami-10

433 1673 528 1724 liarum
551 1674 761 1726 subtraccionem
782 1674 880 1724 inferre
902 1678 1037 1738 presumat
1057 1671 1200 1738 nullusque
1216 1687 1260 1723 eos
1276 1687 1420 1738 eorumque
1441 1672 1561 1722 homines
1583 1670 1681 1723 liberos
1703 1677 1750 1722 aut
1770 1689 1864 1724 servos
1886 1689 1938 1738 per
1960 1668 2102 1739 publica*¹

435 1777 534 1841 placita
556 1775 667 1828 ventilet
689 1781 715 1826 et
737 1776 827 1827 nullus
849 1777 883 1827 ab
906 1778 945 1828 eis
967 1782 1015 1826 aut
1036 1760 1078 1825 ab
1102 1791 1193 1826 eorum
1215 1775 1367 1826 bominibus
1389 1775 1479 1826 liberis
1502 1780 1549 1825 aut
1571 1776 1654 1826 servis
1674 1776 1809 1827 teloneum
1836 1783 1953 1848 nequo
1985 1763 2101 1848 ripati-

435 1886 509 1930 cum
531 1884 578 1930 aut
600 1879 710 1930 donaria
731 1885 778 1930 aut
798 1865 883 1931 ullas
905 1881 1026 1946 publicas
1048 1879 1220 1930 redibitiones
1243 1881 1365 1946 exquirat
1386 1885 1433 1930 aut
1454 1880 1647 1930 mansionatica
1661 1881 1689 1930 in
1704 1879 1827 1930 omnibus
1850 1895 1950 1931 eorum
1976 1883 2100 1931 terminis

435 1983 549 2048 accipiat
570 1972 685 2048 [sintque
707 1983 741 2033 ab
764 1976 844 2045 omni]
865 1984 974 2049 publica
1003 1985 1146 2036 exaccione
1172 1986 1295 2036 inmunes
1323 1989 1377 2034 tam
1404 1984 1456 2048 ipsi
1483 1998 1563 2048 quam
1586 1998 1676 2034 omnes
1699 1998 1790 2034 eorum
1813 1983 1941 2036 homines
1966 1984 2049 2036 liberi
2073 1991 2100 2035 et

435 2085 505 2136 servi
519 2083 644 2135 libellarii
658 2091 737 2152 atque
753 2085 869 2152 felcarii3
891 2087 938 2139 sed
952 2088 1032 2139 liceat
1046 2089 1099 2138 iam
1115 2072 1211 2138 dictis
1232 2071 1401 2136 canonicis
1424 2093 1600 2158 eorumque
1623 2088 1821 2139 successoribus
1842 2075 2098 2159 imperpetuum
2117 2093 2145 2140 lb

438 2171 525 2254 [cum
547 2171 698 2238 omnibus
722 2195 836 2240 eorum
856 2175 1043 2242 hominibus
1066 2186 1134 2241 tam
1156 2176 1267 2242 liberie
1290 2196 1389 2262 quam
1412 2177 1515 2242 servis
1537 2175 1740 2262 ultriusquer
1761 2198 1863 2241 sexus
1880 2194 1958 2242 omni
1975 2199 2098 2258 tempore

388 2311 393 2320 ·
434 2294 484 2342 sub
507 2293 628 2342 tuitionis
650 2297 755 2344 nostrae
777 2295 922 2361 munimine
944 2297 1033 2361 quieto
1055 2302 1082 2346 et
1103 2295 1227 2361 pacifice,
1255 2300 1356 2346 remota
1378 2297 1464 2346 tocius
1486 2297 1626 2360 potestatis
1647 2294 1845 2360 inquietudine,
1875 2311 2042 2360 permanere
2065 2313 2097 2348 ac

434 2412 482 2462 pro
511 2397 588 2447 uobis
614 2389 793 2468 nostroque
821 2379 951 2468 relgn0‚
985 2400 1098 2465 coniuge
1126 2413 1232 2464 qnoque
1259 2403 1286 2450 et
1307 2399 1381 2464 prole
1409 2404 1501 2450 nostra
1530 2399 1629 2449 domini
1657 2400 1846 2464 omnipotentia
1876 2401 2096 2452 misericordiam

434 2491 561 2566 iugilter'
583 2499 732 2564 deprecare.
755 2498 858 2566 Siquis
880 2507 970 2552 autem
992 2504 1147 2553 temerarius
1170 2507 1262 2552 contra
1283 2502 1334 2553 hoc
1356 2508 1446 2568 nostre
1468 2501 1678 2554 confirmacionis
1701 2505 1883 2554 concessionis
1906 2518 1940 2554 ac
1966 2506 2096 2556 tuicionis

433 2608 587 2670 preceptum
609 2603 768 2669 quandoque
789 2605 927 2670 insurgere
949 2595 1127 2670 tem[ptaverit
1146 2611 1173 2656 et
1187 2621 1257 2671 quae
1278 2607 1401 2670 superius
1423 2605 1522 2670 scripta
1543 2610 1606 2655 sunt
1627 2620 1674 2670 per
1695 2605 1784 2654 omnia
1806 2620 1862 2654 non
1887 2599 2095 2670 observavelrit,
2112 2608 2142 2654 20

434 2711 502 2760 aciat
523 2725 551 2760 se
574 2709 781 2772 compositurum
809 2711 868 2760 auri
897 2711 988 2774 optimi
1012 2709 1094 2760 libras
1116 2714 1236 2771 centum,
1266 2708 1434 2759 medietatem
1461 2714 1589 2758 camere
1618 2701 1750 2757 nostrae
1772 2713 1799 2758 et
1821 2708 2000 2760 medietatem
2024 2712 2094 2774 parti

434 2813 552 2864 eiusdem
581 2813 716 2878 canonice.
753 2813 789 2863 Et
810 2817 841 2863 ut
863 2813 928 2863 haec
957 2819 1048 2863 nostra
1070 2814 1215 2863 auctoritas
1237 2803 1280 2872 [ab
1303 2803 1435 2872 omnibus]
1458 2812 1547 2862 verius
1569 2809 1705 2872 credatur,
1734 2810 1899 2877 diligencius
1922 2814 2093 2874 observetur,

433 2931 514 2966 manu
537 2917 644 2982 propria
665 2917 757 2966 subter
778 2933 795 2964 a
817 2915 1031 2966 confirmavimus
1053 2920 1081 2966 et
1102 2915 1135 2965 de
1157 2914 1238 2964 anulo
1260 2919 1351 2964 nostro
1374 2915 1466 2964 subter
1488 2914 1609 2980 insigniri
1630 2913 1763 2963 iussimus.

536 3145 551 3226 ᾖ
572 3141 759 3227 Liutgerius
776 3140 992 3206 cancellarius
1008 3138 1158 3204 adv-icem
1170 3136 1332 3206 Vuidonis
1348 3141 1494 3226 episcopi
1510 3149 1544 3204 et
1559 3138 1839 3205 archicancellarii
1856 3140 2053 3228 subscripsi.
2076 3145 2133 3228 {ss

1962 3247 2021 3326 (ει.
2037 3249 2088 3326 n.)

537 3383 626 3448 Data
647 3401 680 3448 V.
703 3381 771 3448 kal.
794 3379 849 3447 iul.
872 3404 959 3447 anno
984 3380 1169 3448 dominicae
1190 3381 1432 3446 incarnacionis
1454 3395 1669 3461 occeanum,
1691 3376 1871 3445 indictione
1894 3400 1950 3466 vl,
1977 3381 2085 3467 [amo]

434 3487 561 3571 imperii
583 3487 694 3571 magni
711 3484 842 3551 Ottonis
865 3486 1071 3570 imperatoris
1095 3485 1224 3569 augrrsti
1247 3501 1291 3567 113
1314 3486 1480 3550 sommia
1503 3493 1612 3548 monte
1628 3483 1750 3548 Feretri
1766 3481 1811 3548 ad
1827 3492 1960 3570 petram
1985 3489 2087 3551 sancti

434 3589 566 3654 Leonis.

1215 3723 1301 3799 257.
2101 3753 2130 3799 so

442 3880 523 3957 Otto
552 3882 712 3980 bestdtipt
738 3881 818 3955 dam
844 3881 1058 3956 Veaetiaaor
1084 3879 1209 3953 Vitatis
1235 3877 1450 3954 Capelianus
1477 3877 1548 3952 dea
1574 3876 1785 3978 Kbaipsltof
1805 3877 1984 3952 Masestra
2009 3879 2088 3952 aad

434 4001 569 4075 andere
595 4001 843 4100 Basitzaapea.
1624 4018 1655 4079 s.
1675 4018 1735 4077 Iao
1757 4020 1822 4078 963
1844 4017 1968 4093 Aequa
1989 4024 2042 4080 26.

535 4175 695 4249 Psalmi
717 4191 732 4233 e
754 4159 920 4234 commeat
943 4171 1116 4234 donnana
1137 4178 1172 4230 av
1189 4176 1220 4244 3,
1243 4173 1309 4232 ors
1335 4174 1385 4232 as
1407 4178 1458 4233 17.
1483 4172 1536 4233 ru.
1555 4189 1589 4245 p.
1613 4175 1676 4233 329
1700 4173 1742 4230 sm
1763 4169 1876 4232 Arno
1898 4174 1950 4234 ses
1968 4173 2084 4245 aare

537 4276 658 4337 Golialto
680 4295 721 4336 aa
744 4275 773 4338 ’8.
798 4276 959 4337 Saloodore
980 4278 1026 4366 bei
1050 4275 1225 4349 Goncpliaao
1250 4272 1312 4352 (0).

536 4413 691 4472 Maratori
712 4413 783 4473 Ant.
807 4413 879 4472 Ital.
903 4416 933 4484 3,
958 4417 1018 4474 771
1044 4414 1215 4486 Fropment.
1239 4444 1282 4454 -
1303 4411 1433 4471 Bobmer
1453 4413 1526 4486 nep.
1549 4416 1622 4474 270.
1646 4447 1689 4456 —
1711 4411 1841 4486 Stampf
1859 4415 1932 4487 Rep.
1957 4417 2030 4474 32⁷.
2099 4425 2130 4474 35

534 4551 611 4610 Fast
633 4550 779 4610 monticlo
799 4549 1008 4624 Nocbbildmsp
1029 4549 1081 4610 des
1102 4549 1142 4612 D.
1157 4549 1326 4623 Berenpars
1340 4566 1405 4608 omn
1420 4548 1453 4609 J.
1470 4553 1531 4610 921
1551 4548 1691 4628 (Bobmer
1704 4549 1775 4623 Rep.
1791 4550 1870 4608 Kar.
1888 4553 1994 4628 1370),
2018 4549 2083 4608 dem

536 4653 722 4713 Eschaokott
742 4654 818 4712 naci
839 4671 896 4712 oon
917 4653 983 4712 LF.
1008 4653 1079 4714 oder
1100 4653 1140 4712 It.
1166 4650 1196 4712 0.
1224 4653 1419 4725 enchaenea.
1443 4685 1485 4696 -
1507 4654 1571 4712 Der
1595 4655 1668 4713 Text
1690 4655 1736 4714 bei
1757 4654 1998 4728 sterneremus
2022 4660 2083 4714 ent·

536 4757 630 4816 aeder
657 4756 719 4827 aas
745 4757 808 4815 aaa
835 4756 945 4815 audac
972 4756 1036 4814 aaa
1062 4774 1134 4815 eam
1166 4755 1251 4816 raca
1279 4757 1391 4816 tessere
1414 4755 1513 4832 Qacllc
1539 4757 1654 4816 caract
1682 4757 1752 4816 oder
1772 4757 1812 4816 ist
1835 4759 1891 4816 mit
1913 4757 2011 4829 Haisa
2033 4759 2085 4818 der

537 4861 600 4922 VU.
624 4861 825 4934 amqaessert
847 4861 973 4919 woden.

537 5011 576 5076 In
598 5013 730 5076 nominc
758 5021 871 5076 sancte
894 5011 948 5095 [et]
973 5009 1140 5076 individue
1168 5011 1331 5075 trinitatis.
1370 5008 1449 5074 Otto
1462 5019 1476 5048 ¹⁸
1498 5010 1608 5075 divina
1636 5010 1764 5075 favente
1786 5008 1963 5076 clementia
1984 5013 2084 5098 impe·
2100 5029 2133 5076 40

432 5122 523 5177 rator
549 5123 717 5198 augustus.
819 5129 930 5180 Noverit
957 5133 1075 5182 omnium
1100 5130 1218 5181 fidelium
1240 5135 1332 5181 sancte
1354 5120 1415 5191 [dei]
1439 5131 1550 5182 ecclesie
1572 5136 1774 5196 nostrorumque
1794 5133 1961 5195 presentium
1984 5133 2086 5183 scilicet

433 5247 465 5281 ac
493 5230 642 5283 futurorum
671 5232 818 5295 industria,
847 5218 992 5284 Vitalial
1021 5217 1210 5285 Gaudianus
1230 5220 1409 5285 Venetlous
1439 5237 1529 5284 noster
1558 5232 1644 5284 tidelis
1673 5233 1827 5298 suppliciter
1857 5241 1949 5286 nosue
1978 5236 2086 5300 pietatis

517 5400 577 5456 250.
604 5405 640 5466 m)
652 5404 722 5470 fibi
738 5406 898 5458 maniter
916 5424 933 5472 p
1037 5407 1065 5471 n)
1080 5424 1099 5458 n
1115 5407 1178 5458 ater
1194 5407 1242 5459 der
1257 5407 1327 5460 Zeila
1343 5409 1531 5475 antipate-epm
1634 5407 1661 5473 o)
1680 5407 1804 5458 Ermenal
1822 5407 1981 5470 meritona,
1999 5408 2088 5460 Μαι

604 5473 640 5523 It.
653 5473 684 5524 Α.
704 5473 796 5525 bada
811 5475 862 5526 clos
871 5475 997 5542 foipeads
1011 5473 1081 5526 Wort
1099 5475 1228 5542 deponam
1245 5477 1322 5542 boue,
1339 5477 1412 5529 snm
1429 5477 1491 5528 oder
1508 5494 1600 5530 succes
1617 5477 1698 5540 sosort
1714 5474 1786 5541 tilqte
1855 5477 1883 5542 p)
1900 5476 1952 5528 aa·
1968 5481 2057 5530 nocito
2072 5495 2089 5529 a

603 5557 736 5662 gisdeni:
747 5543 1114 5678 lamaddnplllgldherldm
1136 5561 1202 5596 m
1211 5547 1313 5679 sindolt
1329 5549 1431 5668 13de
1440 5549 1502 5667 wi
1517 5545 1683 5668 ww
1692 5543 2091 5680 wboldoeffipkduffm
2107 5545 2139 5593 4⁵

518 5690 578 5748 25⁷.
606 5694 762 5766 [ostentum]
867 5698 894 5765 ιι)
912 5697 994 5750 ooho
1014 5696 1039 5748 0
1137 5700 1166 5760 b)
1182 5715 1229 5750 vor
1246 5700 1342 5751 Vitalis
1359 5716 1409 5752 aaa
1426 5704 1542 5766 spano
1558 5699 1642 5750 Haud
1658 5700 1730 5767 quod
1746 5697 1945 5766 mathyas-open.
