4560 6436
1005 403 1460 462 KAISEBURKUNDEN.

1174 651 1175 654 ,
1188 585 1275 660 410.

418 738 498 816 Ono
517 751 547 815 Ι.
580 741 660 812 send
691 738 772 815 Ono
791 750 843 814 ΙΙ.
872 741 1063 838 bestdtiqen
1090 739 1169 812 dem
1195 739 1340 813 Kloster
1365 738 1403 816 S.
1433 741 1648 838 Apollinare
1675 742 1715 814 iu
1743 741 1863 816 Classe
1890 741 1958 815 da
1986 741 2060 814 Be·

408 861 592 960 sitzanqen
618 861 697 932 and
721 860 898 934 oerbieten
926 860 1036 933 deren
1061 861 1343 959 Enffremdanq.
1618 883 1764 942 Ravenna
1785 886 1850 944 972
1870 883 1940 942 Mai
1960 884 2014 942 25,

514 1085 763 1161 Origineldeplom
786 1090 818 1145 in
841 1087 892 1146 der
913 1088 1077 1148 Biblioteca
1102 1089 1254 1148 Clcssmsse
1275 1107 1317 1146 aa
1337 1089 1482 1148 Ravermc
1504 1087 1565 1166 (A).

510 1228 665 1286 Muratori
687 1226 757 1286 Ant.
782 1228 853 1287 Ital.
878 1231 907 1300 6,
929 1230 994 1288 215
1018 1247 1074 1289 aas
1097 1227 1135 1289 A.
1160 1262 1201 1274 -
1224 1228 1384 1287 Mittorelli
1399 1226 1480 1287 Ano.
1499 1225 1631 1287 Gomold.
1648 1222 1691 1296 11,
1709 1229 1751 1286 88
1765 1233 1800 1284 a⁰
1814 1230 1858 1286 37
1879 1243 1936 1286 aas
1951 1225 1990 1284 A.
2014 1239 2097 1286 -s

509 1331 638 1389 Bohmer
659 1331 730 1404 Rea.
755 1334 818 1391 385
842 1332 906 1390 mid
928 1335 999 1392 419.
1024 1365 1066 1374 -
1090 1332 1218 1406 &omps
1235 1334 1306 1407 aa.
1332 1334 1404 1392 506.

509 1467 612 1530 Dieses
635 1485 690 1527 oon
713 1469 753 1528 It.
777 1469 815 1528 B.
839 1467 983 1540 defossis
1003 1470 1068 1528 aad
1086 1471 1288 1544 amolriebene
1309 1471 1349 1530 D.
1373 1471 1447 1528 steht
1470 1470 1504 1526 iu
1525 1469 1607 1527 mehr
1629 1468 1674 1526 ols
1697 1469 1778 1525 einer
1799 1467 1970 1539 Beriehuny
1993 1483 2060 1523 oer-

509 1571 615 1630 einedt
637 1572 684 1631 do.
716 1573 783 1632 Wir
804 1574 933 1632 hesiteen
953 1590 1015 1633 aar
1036 1574 1129 1632 dieses
1153 1576 1217 1632 eine
1235 1572 1483 1647 Origincldiplom
1505 1573 1538 1629 in
1560 1569 1691 1629 welcmm
1711 1568 1778 1629 otto
1796 1579 1820 1628 1.
1845 1569 1908 1627 mul
1928 1567 1995 1628 Otto
2014 1577 2058 1628 11.

509 1675 542 1732 in
568 1675 658 1733 oetier
683 1675 905 1748 Gemeiaschoft
929 1675 963 1754 (s.
988 1678 1087 1736 unna.
1112 1679 1162 1737 des
1185 1682 1238 1738 ost.
1263 1677 1349 1747 Iast,
1373 1671 1586 1750 11131141)
1606 1673 1774 1733 ariandon.
1813 1672 1893 1731 Aber
1916 1672 1970 1730 dus
1993 1673 2059 1728 ihm

508 1779 598 1837 derio
610 1779 800 1853 pieiehcrtiye
815 1779 1094 1854 Oriqinolplocdum
1110 1780 1178 1841 DO.
1191 1784 1255 1841 416
1270 1781 1360 1850 kann
1377 1777 1487 1838 obwolil
1501 1795 1531 1837 es
1545 1778 1626 1836 nield
1641 1795 1698 1836 aas
1714 1777 1767 1836 der
1781 1775 1909 1835 Koarlci
1923 1779 2057 1844 starumt,
2081 1791 2115 1838 10

510 1883 555 1942 ets
578 1884 708 1942 weiteres
734 1883 879 1956 Zenoniss
901 1883 997 1957 dofdr
1019 1885 1174 1943 bdroohtet
1196 1883 1313 1942 werden
1335 1883 1404 1941 dass
1426 1899 1482 1940 oon
1504 1881 1613 1940 diesem
1639 1880 1817 1954 Zedpanlote
1844 1897 1884 1938 cn
1912 1879 2060 1937 euroeilen

507 1985 735 2059 Bearkaocdnnp
763 1987 856 2046 durch
884 1987 966 2046 beide
988 1988 1099 2046 Komer
1124 1987 1256 2062 adeleich
1284 1986 1386 2045 beliebt
1412 1983 1528 2053 socrde,
1557 1983 1680 2042 oasam
1703 1984 1760 2041 wir
1780 1984 1856 2040 anch
1877 1982 1925 2040 die
1946 1979 2058 2052 belref-

505 2089 615 2161 fenden
644 2089 753 2149 Stellen
781 2090 831 2148 des
859 2108 917 2150 aas
945 2108 1006 2148 nur
1033 2109 1089 2150 ora
1118 2091 1259 2150 Drasdea
1286 2089 1450 2149 bekonuten
1478 2086 1546 2147 Do.
1571 2089 1633 2146 414
1667 2087 1746 2145 nield
1776 2086 1983 2146 beonstooden.
2012 2119 2060 2127 —

507 2194 589 2253 Noch
611 2193 693 2252 mehr
715 2192 759 2252 uls
783 2193 955 2252 Aasnahme
977 2196 1119 2253 erscheint
1147 2195 1216 2254 dass
1235 2195 1278 2268 ,in
1299 2191 1368 2252 DO.
1394 2195 1456 2252 410
1486 2193 1533 2248 ein
1555 2191 1670 2249 Passus
1692 2189 1823 2248 medlick
1845 2207 1901 2248 aas
1924 2189 1976 2246 der
1998 2189 2060 2246 deu

506 2296 639 2355 Kaisesa
667 2296 867 2355 dherreicbten
896 2297 1070 2370 Bittsohrid
1098 2297 1260 2372 ooqefdbrt
1289 2298 1372 2356 wird
1418 2296 1533 2355 Ferner
1560 2293 1629 2354 sind
1662 2296 1696 2352 ia
1729 2293 1784 2351 deo
1818 2293 1921 2352 beiden
1947 2292 2113 2353 Meno-15

503 2416 658 2471 prominere
683 2397 730 2457 die
760 2399 944 2475 Querbcllcen
973 2402 1052 2458 nield
1080 2404 1134 2459 roie
1162 2406 1242 2460 sonet
1269 2401 1452 2474 percdliniq,
1486 2399 1615 2458 eoadem
1649 2396 1860 2468 wellenfb'rmiq
1891 2395 2057 2470 yeeeiehnet

509 2502 636 2572 worden,
660 2505 750 2562 wobei
765 2503 871 2575 jedoeb
893 2506 942 2561 ein
962 2505 1255 2564 llrdmunterscbied
1277 2506 1356 2564 niem
1378 2504 1626 2562 wohraonehmcn
1648 2503 1696 2561 ist.
1735 2501 1862 2560 Endlich
1884 2501 1933 2558 lue
1952 2499 2058 2558 Besie·

506 2605 614 2679 gelono
642 2610 732 2664 under
757 2605 822 2666 Otto
842 2613 864 2666 1.
895 2608 974 2665 nield
1003 2607 1242 2680 stottyefaoden5
1275 2612 1333 2667 erst
1362 2611 1450 2666 anter
1474 2605 1540 2665 Otto
1559 2615 1615 2666 111.
1642 2605 1677 2683 (s.
1700 2605 1799 2664 Neues
1828 2604 1936 2662 Archiv
1958 2607 1987 2672 3,
2010 2607 2056 2662 24

507 2708 572 2768 aad
594 2707 647 2787 41)
671 2711 710 2769 ist
733 2711 836 2770 dassen
858 2711 946 2769 Belle
970 2716 989 2770 4
1012 2713 1077 2770 aad
1097 2730 1180 2772 ruer
1202 2715 1235 2770 in
1256 2714 1336 2772 nicht
1359 2715 1500 2772 eorreder
1523 2710 1617 2772 Weiss
1638 2710 1804 2783 onqehdapt
1826 2708 1952 2767 worden.
1994 2707 2058 2765 Die

506 2813 733 2888 Beylaabiounp
755 2814 848 2874 durch
871 2815 967 2889 Sieoel
989 2815 1038 2874 des
1062 2815 1239 2874 Ausstellers
1262 2817 1313 2874 hot
1335 2816 1397 2875 also
1419 2815 1514 2874 sicher
1539 2814 1619 2872 nicht
1647 2811 1870 2885 stottoefcmden
1892 2811 1956 2868 aad
1977 2812 2057 2870 auch
2076 2829 2112 2876 20

508 2917 557 2975 die
581 2918 771 2991 Velleiehnnp
800 2918 850 2977 des
878 2917 1046 2977 chdmals
1073 2921 1112 2977 ist
1134 2921 1168 2976 in
1190 2919 1254 2978 dnn
1276 2919 1363 2978 Folle
1385 2919 1455 2978 doss
1478 2918 1526 2977 dic
1549 2916 1663 2978 Striehe
1686 2920 1745 2975 erst
1766 2919 1869 2988 spdter
1887 2915 2057 2987 qeaeielmet

506 3020 625 3079 worden
646 3023 711 3080 sein
732 3021 845 3092 sollten,
868 3022 1078 3081 notabileben.
1111 3023 1203 3082 Wenn
1226 3023 1272 3080 ich
1294 3027 1370 3082 trote
1391 3021 1503 3081 soleber
1517 3020 1763 3080 Besouderheitea
1778 3019 1842 3077 und
1855 3016 1976 3088 Deferto
2000 3018 2057 3077 dns

506 3123 598 3182 sicca
620 3124 665 3183 als
684 3122 932 3197 Oripiuuldiplom
955 3126 1113 3195 hemioliae,
1136 3143 1168 3184 so
1187 3127 1332 3199 peschield
1355 3143 1384 3185 es
1407 3143 1464 3185 aas
1487 3125 1544 3184 den
1566 3125 1584 3184 l.
1608 3143 1630 3184 c.
1648 3128 1713 3184 133
1735 3121 1932 3197 onoefr'lbrten
1951 3121 2057 3180 Gran

507 3229 564 3286 dea
585 3227 656 3287 dass
679 3227 726 3286 die
740 3227 944 3302 Aufertrbunp
966 3229 1059 3288 durch
1082 3230 1122 3288 It.
1141 3229 1178 3288 B.
1204 3227 1336 3300 feststebt
1359 3227 1426 3306 (aar
1441 3229 1637 3315 Bestdtiounp
1653 3227 1733 3286 dicut
1748 3227 1824 3286 each
1843 3225 1891 3284 die
1913 3225 2058 3296 oidfaehe

509 3329 812 3404 ererez'nstimmnuq
841 3335 896 3391 mit
925 3331 993 3393 DO.
1018 3337 1081 3394 413
1104 3335 1167 3393 ond
1190 3332 1265 3413 429)
1295 3334 1360 3393 uod
1388 3334 1457 3394 dass
1486 3333 1541 3392 dos
1563 3331 1603 3392 D.
1627 3334 1661 3390 in
1682 3331 1747 3390 dein
1769 3329 1879 3389 Archiv
1906 3330 1956 3390 des
1981 3329 2057 3388 Em·
2075 3344 2110 3391 25

499 3435 647 3510 psdrcqers
670 3433 858 3508 ausberooirt
881 3437 999 3495 worden
1021 3439 1068 3496 ist.

508 3641 601 3726 (Cblq
623 3639 662 3703 In
683 3641 814 3705 nomine
838 3650 950 3704 sancte
973 3641 1205 3725 individnqque
1228 3641 1392 3703 trinitatis,
1431 3635 1509 3704 Otto
1528 3639 1670 3724 itemque
1688 3636 1766 3702 Otto
1787 3636 1899 3702 divina
1921 3637 2056 3702 favente

406 3745 580 3809 clementia
609 3747 821 3830 imperatores
852 3748 992 3831 augusti.
1093 3745 1126 3810 Si
1157 3745 1239 3810 locis
1269 3744 1388 3810 divinis
1417 3740 1559 3808 cultibus
1582 3742 1777 3826 mancipatis
1801 3739 1959 3805 solacium
1983 3763 2055 3826 pre-

403 3851 502 3914 sentis
525 3849 696 3934 suturqque
719 3848 983 3935 {prosperitatis
1006 3849 1172 3933 largimur,
1196 3849 1336 3913 aeternis
1360 3870 1399 3911 ac
1421 3845 1659 3931 temporalibus
1682 3845 1849 3930 premiisa
1869 3843 1929 3908 deo
1948 3867 2056 3929 remu·

401 3951 508 4015 neraei
532 3953 711 4016 certissime
734 3951 907 4018 credimus.
954 3952 1117 4033 Quocirca
1141 3953 1284 4015 omnium
1309 3961 1467 4015 sanctae⁸
1496 3949 1548 4014 dei
1577 3949 1735 4014 ecclesiae
1758 3947 1903 4014 fidelium
1925 3959 2053 4013 nostro·
2073 3972 2108 4020 30

402 4075 537 4140 rumque
553 4056 750 4140 presentium
768 4055 894 4120 seilicet
909 4078 948 4120 ae
962 4056 1146 4120 futurorum
1159 4055 1365 4138 religiositati
1381 4054 1590 4119 manifestum
1606 4052 1676 4117 fieri
1693 4052 1852 4134 volumus,
1869 4053 2055 4117 Honestum

402 4157 621 4224 venerabilem
646 4169 780 4224 sanctae
802 4159 981 4224 Rauenatis
1005 4159 1164 4224 ecclesiae
1187 4157 1443 4243 archipresulem
1465 4167 1597 4222 nostrae
1620 4155 1823 4221 celsitudinis
1846 4156 1954 4221 taliter
1973 4178 2051 4220 exo-

402 4283 495 4326 rasse
510 4261 736 4327 exellentiam:
762 4262 935 4343 ‘Quoniam
952 4265 1057 4328 sancti
1073 4262 1275 4348 Apollinaris
1292 4260 1414 4326 Christi
1430 4263 1582 4346 martyris
1604 4260 1798 4325 coenobium
1822 4260 1910 4345 quod
1933 4259 2054 4325 dicitur

404 4361 527 4429 Classis
550 4375 736 4430 nostrorum
760 4365 969 4432 decessorum
992 4365 1193 4452 temporibus
1216 4375 1284 4429 tam
1307 4387 1365 4450 per
1383 4365 1620 4430 cambieionem
1636 4387 1734 4451 quarn
1752 4386 1811 4449 per
1826 4363 2053 4449 emphiteosim

402 4468 448 4530 ita
471 4467 503 4532 in
527 4465 740 4554 dissipatione
763 4469 891 4554 positus
913 4469 984 4552 fuit,
1009 4478 1045 4533 ut
1067 4469 1212 4534 eiusdem
1235 4471 1424 4534 monasterii
1448 4468 1621 4534 coenobite
1644 4470 1771 4532 cunctis
1794 4469 1986 4533 necessariis
2005 4469 2053 4532 in·
2071 4487 2104 4536 35

284 4581 285 4584 ’
403 4569 569 4653 digebant‚
591 4573 708 4635 vestris
730 4594 809 4636 vero
833 4573 1082 4658 tempestatibus
1107 4572 1158 4637 dei
1182 4573 1311 4638 favente
1334 4573 1456 4659 pietate
1479 4575 1660 4659 vestrisque
1681 4575 1784 4637 sacris
1804 4570 1957 4636 subsidiis
1977 4570 2052 4636 sub·

402 4673 607 4738 venientibus
630 4676 677 4738 ita
699 4684 917 4740 restauratum
940 4698 1027 4741 nunc
1050 4679 1208 4760 cernitur,
1243 4699 1307 4762 quo
1330 4676 1427 4741 bonis
1451 4679 1609 4742 universis
1631 4674 1817 4758 habundat,
1854 4675 1993 4760 petimus
2016 4683 2053 4738 ut

402 4799 460 4862 pro
485 4777 537 4842 dei
561 4800 672 4843 amore
699 4789 943 4864 vestrarumque
973 4781 1154 4845 animarum
1184 4779 1288 4846 salute
1317 4789 1427 4845 vestra
1455 4779 1615 4865 imperiali
1646 4781 1839 4845 auctoritate
1871 4777 2052 4843 concedere

403 4889 546 4945 statuere
569 4881 848 4948 recorroborare
872 4883 1064 4968 dignemini,
1097 4885 1249 4968 quatinus
1272 4905 1377 4969 neque
1401 4906 1461 4948 nos
1485 4905 1590 4968 neque
1613 4883 1759 4948 eiusdem
1783 4883 1971 4947 monasterii
1995 4881 2050 4946 ab·

400 4982 511 5050 batem
534 5008 638 5072 neque
661 4985 803 5071 aliquem
821 4996 969 5052 nostrum
986 5009 1210 5052 successorem
1225 4986 1434 5052 fraudulenta
1450 4987 1628 5072 cupiditate
1645 4985 1816 5072 deceptum
1832 4985 1930 5051 liceat
1947 4987 2050 5071 ipsius
2070 5005 2104 5051 (ο

402 5085 560 5153 ecclesiae
589 5097 710 5152 terram
738 5089 882 5154 cambire
911 5089 963 5154 vel
992 5112 1050 5175 per
1078 5090 1295 5175 emphiteosim
1326 5089 1424 5155 alicui
1451 5090 1632 5156 concedere
1655 5090 1707 5156 vel
1730 5111 1788 5175 per
1812 5089 2052 5154 ordinationem

401 5191 560 5273 premium
589 5190 723 5276 aliquod
751 5193 938 5277 suscipere!
978 5191 1078 5257 Cuius
1103 5193 1209 5278 dignis
1233 5194 1444 5279 petitionibus
1467 5193 1662 5259 adssensum
1687 5192 1846 5277 [libenter]
1877 5191 2051 5279 prebentes

401 5292 622 5358 eonsensuml
644 5293 755 5359 domni
778 5295 935 5362 Iohannis
959 5299 1076 5361 summi
1100 5296 1264 5382 pontificis
1287 5299 1455 5382 nostrique
1477 5296 1633 5382 spiritalis
1657 5299 1770 5383 patris,
1794 5306 1891 5381 prout
1913 5295 1996 5360 iuste
2019 5304 2053 5360 et

401 5395 548 5480 legaliter
575 5419 765 5483 possumus,
801 5399 1009 5465 concedimus
1038 5399 1194 5484 largimur
1223 5402 1395 5467 statuimus
1425 5413 1522 5488 atque
1552 5423 1611 5486 per
1638 5400 1734 5465 huius
1766 5401 1867 5465 nostri
1902 5400 2050 5485 precepti

400 5499 555 5584 paginam
578 5498 822 5589 confirm[amus
846 5511 878 5565 et
900 5499 1165 5586 corlroboramus
1194 5506 1260 5569 iam
1288 5505 1373 5590 dicte
1397 5505 1557 5571 eeclesiae
1582 5508 1687 5570 sancti
1711 5503 1912 5590 Apollinaris
1936 5525 2051 5568 omnes
2069 5519 2102 5566 (ὁ

487 5688 545 5744 tlt.
574 5688 903 5760 [aeschine-onemhaim
1008 5695 1033 5758 a)
1051 5711 1065 5743 c
1082 5693 1145 5744 dher
1162 5693 1210 5744 de·
1227 5693 1297 5748 Zeila
1313 5694 1501 5760 noehyetraqeu
1604 5696 1631 5757 b)
1651 5693 1674 5744 A
1691 5699 1752 5744 etati
1770 5707 1908 5744 consensu.
