4554 6414
848 398 973 458 ΟΤΤΟ
995 399 1019 458 Ι.
1044 396 1233 456 936-937,
1824 389 1869 456 95

220 593 366 668 potestas
389 581 552 647 licentiam
574 580 695 645 habeat
716 579 878 646 teloneum
900 579 952 644 vel
975 580 1064 645 aliud
1086 579 1255 666 quodlibet
1277 578 1446 644 debitum·
1468 580 1536 643 sive
1559 581 1719 664 quesitum
1738 602 1780 644 ex
1795 582 1868 664 ipsa

220 699 352 754 moneta
373 687 535 771 exigendi,
558 697 667 770 nostre
691 687 872 750 serenitatis
894 687 984 769 regia
1007 687 1197 750 auctoritate
1221 685 1352 748 omnino
1372 681 1609 764 interdicimus3
1633 682 1691 747 sed
1714 683 1868 768 quicquid

219 790 294 856 inde
318 790 514 874 exigendum
535 800 613 871 erat,
637 788 681 853 ad
702 791 862 872 integrum
885 775 1040 873 episcopo
1065 788 1208 873 predicte
1230 786 1319 851 urbis
1342 796 1375 850 et
1395 785 1531 870 ecclesie
1550 786 1655 850 eidem
1673 788 1868 871 potestative

219 895 253 959 in
275 905 440 979 posterum
462 891 603 956 habendi
626 893 659 955 in
681 891 892 955 elemosinam
914 893 1027 972 nostri,
1051 890 1147 955 simul
1169 901 1201 954 et
1222 888 1294 974 divo
1318 892 1472 974 memorie
1487 892 1588 975 patris
1603 892 1706 955 nostri
1722 890 1868 954 Heimici

185 1011 201 1058 5
221 997 415 1059 serenissimi
438 995 523 1077 regis
547 994 662 1059 damus
686 1004 719 1058 et
736 992 955 1058 concedimus.
988 994 1033 1057 Et
1054 1004 1090 1058 ut
1111 993 1172 1076 hec
1194 995 1363 1057 concessio
1379 994 1527 1058 veracius
1543 1015 1563 1056 a
1578 992 1728 1057 fidelibus
1749 995 1867 1057 nostris

220 1096 372 1162 credatur
393 1107 425 1160 et
447 1096 623 1161 firmiorem
646 1098 694 1161 sui
718 1098 839 1161 tenoris
863 1094 1072 1159 stabilitatem
1098 1097 1132 1159 in
1154 1096 1279 1161 futuras
1307 1097 1503 1183 populorum
1534 1100 1756 1162 successiones
1787 1098 1873 1163 obti«

219 1211 309 1282 neat,
344 1212 531 1284 preceptum
557 1199 621 1264 hoc
644 1200 718 1264 inde
741 1199 903 1263 conscribi
927 1201 1079 1264 iussimus
1103 1209 1135 1262 et
1157 1200 1245 1264 anuli
1268 1203 1369 1268 nostri
1393 1203 1606 1287 impressione
1628 1201 1710 1267 illud
1733 1202 1867 1286 sigillari

220 1305 422 1388 precepimus
445 1325 608 1387 manuque
629 1313 741 1366 nostra
764 1305 897 1387 propria
919 1301 999 1367 illud
1021 1301 1295 1368 confirmavimus.
1784 1297 1791 1306 ⁸

323 1440 458 1523 Signum
481 1425 592 1505 domni
616 1439 746 1504 Ottonis
771 1440 966 1504 serenissimi
990 1441 1085 1522 regis.

173 1558 204 1604 10
325 1543 516 1627 Adaldagus
539 1547 685 1608 notarius
709 1543 857 1607 advicem
879 1542 1036 1606 Rodberti
1059 1542 1311 1628 archicapellani
1335 1548 1519 1629 recognovi.

321 1679 417 1745 Anno
433 1683 523 1764 regni
539 1683 608 1746 eius
624 1698 657 1763 v,
681 1702 766 1745 anno
790 1683 1023 1745 incarnationis
1046 1696 1279 1766 Dccccxxxm,
1303 1682 1479 1748 indictione
1501 1701 1542 1765 x3
1565 1694 1674 1749 actum
1690 1686 1867 1769 Brugheim

220 1795 311 1850 curte
333 1784 464 1868 regiae
488 1788 521 1850 in
543 1788 673 1850 nomine
697 1785 748 1850 dei
773 1786 910 1850 feliciter
931 1809 1036 1851 amen.

1028 2014 1065 2088 7.

229 2164 309 2240 Otto
333 2167 493 2265 bestdtigt
514 2165 593 2238 dem
615 2165 779 2239 Bietbron
801 2166 1035 2242 Helberstudt
1056 2167 1114 2239 dte
1136 2167 1350 2239 Irata-unito't
1369 2166 1450 2238 nod
1469 2165 1535 2238 dos
1559 2165 1765 2240 Woltlrecht.

169 2320 200 2367 15
1397 2304 1524 2364 Allstedt
1547 2309 1612 2364 937
1633 2305 1772 2364 Fehraar
1794 2308 1822 2363 4.

325 2498 578 2556 vrassanum
601 2496 640 2554 K.
665 2493 763 2565 Adols
782 2497 865 2554 1295
889 2494 1014 2554 Joauor
1035 2498 1064 2553 9.
1091 2494 1258 2566 cuspestcllt
1282 2495 1323 2550 im
1345 2493 1372 2550 k.
1397 2493 1598 2553 Stoutsorcltlo
1619 2511 1660 2550 aa
1681 2493 1868 2565 Moqdebury

323 2597 385 2676 (B).
409 2633 453 2643 -
474 2599 698 2658 Holborstcldtcr
723 2596 900 2670 Goplolbacl
921 2596 971 2654 dos
994 2600 1045 2655 14.
1070 2596 1121 2654 Jt.
1146 2596 1170 2667 s.
1195 2599 1236 2655 15
1265 2597 1297 2652 ln
1326 2595 1379 2652 cler
1400 2594 1567 2653 Bibliothelc
1594 2594 1644 2652 des
1666 2594 1867 2668 Dora-Gym-

320 2705 456 2761 nasiume
478 2721 518 2760 aa
540 2702 732 2760 Helberstadl
755 2718 812 2760 aas
834 2700 864 2758 B
885 2698 945 2776 (O).

322 2840 435 2911 Hoeser
459 2840 598 2898 chtselr.
621 2843 652 2909 2,
676 2842 740 2898 336
761 2845 796 2895 n⁰
818 2840 859 2898 50
882 2855 938 2896 aas
961 2837 998 2898 Β.
1022 2871 1064 2881 -
1088 2837 1194 2896 Solate
1209 2835 1316 2896 Gltroa.
1340 2835 1528 2895 Helberstad.
1550 2835 1867 2914 (neeessariam)

322 2948 361 3004 81
386 2961 443 3002 aas
467 2942 498 3002 0.
524 2976 561 2985 —
587 2941 715 3014 Stampf
731 2944 803 3016 ch.
829 2946 880 3002 63.

323 3081 520 3139 Uomittelbur
540 3081 615 3138 auch
637 3079 702 3137 dem
723 3079 762 3137 D.
788 3059 915 3151 [eadwig
937 3085 987 3136 IV.
1012 3078 1141 3137 Bohmer
1161 3080 1231 3139 RK.
1256 3081 1339 3139 1185
1361 3081 1555 3153 geschriebea.

422 3285 462 3349 In
488 3285 618 3349 nomine
648 3293 759 3347 sancte
788 3293 820 3346 et
848 3281 1013 3347 individue
1044 3283 1206 3346 trinitatis.
1252 3280 1330 3346 Otto
1361 3282 1472 3347 divina
1501 3295 1662 3348 annuente
1689 3284 1867 3349 clemencia

220 3414 289 3454 rex.
371 3405 551 3453 Ecclesiarum
574 3403 616 3452 dei
639 3418 730 3452 curam
751 3417 850 3468 gerere,
873 3401 1052 3465 peticionibus
1074 3416 1180 3466 quoque
1203 3416 1339 3451 servorum
1361 3401 1405 3451 dei
1427 3417 1544 3452 annume
1565 3403 1672 3468 regibus
1696 3409 1722 3452 et
1743 3402 1866 3453 honorili-

218 3524 278 3558 cum
300 3522 332 3556 ac
355 3507 460 3556 salubre
483 3507 539 3557 fore
562 3507 665 3556 cunctis
687 3505 811 3556 fidelibus
833 3504 934 3569 liquido
958 3504 1047 3554 claret
1081 3505 1250 3568 Quapropter
1272 3509 1364 3554 notum
1386 3521 1444 3554 esse
1466 3504 1598 3567 volumus,
1621 3506 1736 3571 qualiter
1758 3520 1866 3556 venera-

167 3613 200 3660 25
219 3612 280 3661 bilis
303 3613 443 3675 episcopus
465 3594 673 3660 Bemhardus
696 3615 787 3659 sancte
811 3593 862 3657 del
885 3608 995 3658 ecclesie
1011 3607 1244 3658 Halberstadeneis
1266 3607 1313 3657 ubi
1336 3607 1491 3672 principalis
1513 3610 1642 3673 episcopii
1665 3611 1707 3659 sui
1729 3609 1805 3660 sedes
1827 3615 1867 3658 est

217 3717 245 3763 in
268 3729 337 3779 pago
360 3714 539 3778 Hartegouwe
561 3717 726 3774 constructa,
753 3717 869 3762 nostram
892 3711 985 3760 adiens
1007 3710 1178 3761 clemenciam
1206 3711 1311 3775 piorum
1340 3712 1539 3776 progenitorum
1562 3718 1712 3762 nestrorum
1735 3713 1788 3777 ipsi
1810 3711 1866 3761 sedi

218 3816 506 3890 concessa-privilegia
529 3815 631 3876 detulit,
655 3815 747 3866 eadem
769 3830 816 3879 per
837 3816 1016 3865 interventum
1039 3799 1155 3864 dilecte
1179 3800 1326 3883 coniugis
1349 3808 1459 3862 nostre
1481 3801 1591 3883 regine
1609 3799 1785 3884 Eadglde⁸
1806 3822 1867 3864 nec

217 3927 284 3969 non
306 3915 338 3968 et
358 3904 415 3968 filil
438 3905 539 3968 noelli
563 3902 686 3967 Lulolfi
710 3923 737 3968 et
758 3918 868 3968 concedi
890 3933 922 3968 ac
944 3919 1110 3968 corroborari
1133 3918 1287 3982 deposcens.
1325 3917 1404 3978 Quod
1426 3918 1491 3982 quia
1516 3919 1616 3967 iustum
1644 3933 1676 3968 ac
1703 3918 1867 3969 racionabile

219 4029 330 4085 constat,
353 4037 400 4086 per
422 4022 472 4072 hoc
495 4027 584 4072 nostre
606 4023 773 4071 auctoritatis
795 4009 949 4086 preceptum
972 4021 1124 4072 eorumdem
1147 4020 1271 4071 consultu
1294 4019 1468 4082 deceruimus,
1490 4027 1522 4070 ut
1543 4022 1632 4072 omnia
1654 4037 1706 4086 que
1724 4027 1866 4072 memorate

167 4126 201 4173 30
219 4126 330 4176 ecclesie
352 4124 572 4174 Helberstadensi
595 4140 612 4173 a
633 4124 847 4188 progenitoribus
869 4124 967 4172 nostris
990 4125 1064 4188 regia
1085 4122 1271 4172 munificencia
1293 4125 1350 4174 sive
1371 4123 1484 4174 aliorum
1506 4123 1624 4174 fidelium
1646 4124 1792 4176 collacione
1820 4140 1867 4176 seu

217 4244 265 4294 per
287 4231 432 4294 precariam
454 4229 524 4277 iuste
546 4227 644 4277 tradita
667 4231 742 4288 suut,
769 4225 845 4274 firma
867 4230 894 4274 et
915 4225 1066 4275 inconiulsa
1087 4231 1260 4290 permaneant
1282 4242 1368 4292 neque
1390 4226 1462 4278 allus
1484 4227 1564 4278 iudex
1587 4227 1712 4291 publicus
1735 4243 1782 4278 seu
1804 4243 1866 4293 que·

218 4335 284 4385 libet
305 4333 447 4384 iudiciaria
468 4348 582 4398 persona
604 4332 722 4382 eiusdem
744 4331 815 4380 sedis
836 4330 898 4379 litos
921 4336 969 4379 aut
990 4330 1099 4380 colonos
1122 4346 1170 4380 seu
1191 4329 1326 4395 quoslibet
1343 4330 1415 4378 viros
1430 4328 1464 4378 ad
1479 4331 1565 4394 ipsam
1580 4329 1669 4379 aedem
1685 4329 1766 4378 variis
1781 4329 1866 4378 modis

219 4438 359 4502 inquisitos
387 4436 430 4486 vel
458 4435 546 4485 adhuc
573 4433 744 4499 inquirendos
773 4433 893 4499 quolibet
919 4435 998 4486 modo
1027 4435 1185 4500 distringere
1213 4434 1323 4495 audeat,
1357 4434 1404 4484 sed
1431 4440 1538 4484 maneat
1558 4435 1643 4498 ipsius
1665 4433 1717 4484 loci
1741 4435 1866 4497 episcopo

219 4541 332 4590 facultas
354 4540 463 4605 propria
484 4553 535 4603 que
558 4537 591 4587 de
617 4537 668 4586 hiis
696 4538 765 4586 iuste
792 4536 909 4586 voluerit
937 4537 1060 4588 faciendi.
1097 4538 1211 4603 Insuper
1238 4539 1322 4587 eciam
1349 4553 1398 4600 pro
1426 4521 1537 4586 domni
1565 4533 1598 4585 et
1625 4536 1753 4601 genitoris
1782 4537 1866 4586 nostri

169 4641 202 4688 35
219 4627 313 4691 beate
336 4626 490 4690 memorie
513 4623 648 4688 Henrlci
671 4625 756 4705 regis
784 4641 871 4690 anime
894 4641 1046 4691 salvacioue
1067 4647 1210 4706 nostraque
1232 4655 1359 4705 prospera
1382 4640 1563 4690 incolumitate
1585 4641 1638 4690 iam
1662 4639 1731 4690 dicte
1754 4639 1867 4691 ecclesie

219 4745 402 4807 concedimus,
436 4748 467 4792 ut
495 4743 612 4792 habeant
641 4740 759 4791 eiusdem
789 4743 860 4792 sedis
892 4744 982 4794 elerici
1011 4745 1138 4794 canonice
1167 4749 1247 4808 atque
1278 4743 1456 4793 ecclesiastice
1478 4758 1525 4792 seu
1546 4744 1615 4791 inter
1637 4758 1665 4792 se
1688 4759 1735 4793 seu
1758 4742 1866 4794 aliunde

219 4848 298 4913 digne
322 4848 356 4897 ad
378 4848 428 4897 hoc
452 4853 478 4895 et
500 4846 687 4894 convenienter
709 4845 824 4911 eligendi
847 4848 1000 4912 episcopum
1029 4848 1139 4898 liberam
1168 4863 1200 4897 ac
1227 4848 1361 4912 propriam
1391 4846 1559 4908 facultatem,
1593 4851 1750 4912 maneatque
1780 4847 1865 4897 eidem

219 4951 277 5002 loco
306 4957 360 5000 tam
389 4951 437 5000 hec
464 4951 600 5000 concessio
629 4963 708 5013 quam
738 4950 823 4998 omnis
846 4951 990 4999 inmunitas
1013 4965 1138 5016 umquam
1160 4965 1177 5000 a
1198 4951 1414 5016 progenitoribus
1436 4951 1534 5000 nostris
1556 4949 1621 5001 illuc
1643 4965 1770 5001 concessa
1791 4951 1866 5001 firma

219 5059 246 5103 et
267 5055 456 5120 perpetualiter
478 5051 652 5103 observanda
689 5051 726 5100 Et
745 5057 776 5100 ut
797 5052 847 5102 hoc
869 5059 959 5103 nostre
981 5054 1148 5104 auctoritatis
1170 5053 1304 5104 decretum
1332 5053 1453 5119 quolibet
1474 5053 1552 5103 modo
1575 5053 1684 5120 infringi
1706 5054 1751 5105 vel
1774 5055 1865 5120 depra-

169 5161 277 5211 lovari
299 5162 355 5210 eive
378 5161 521 5224 permutari
543 5163 671 5222 nequeat,
694 5173 774 5207 mauu
796 5159 904 5223 propria
925 5158 993 5208 illud
1014 5158 1176 5208 firmavimus
1198 5142 1384 5227 annuloque
1406 5163 1497 5206 nostro
1520 5159 1671 5223 consignari
1693 5159 1827 5209 iussimus.

303 5281 456 5365 'Signum
480 5279 589 5344 domni
614 5277 744 5343 Ottonis
767 5281 832 5360 (Μ.)
857 5283 1052 5346 serenissimi
1074 5283 1170 5366 regis.

321 5381 535 5466 adeldagusb
557 5382 769 5448 cancellarius
785 5383 933 5448 advicem
948 5383 1149 5450 Hildibertib
1164 5383 1443 5450 archicancellarii
1458 5385 1632 5468 recognovi
1648 5395 1681 5449 et
1701 5387 1771 5466 (SR.
1789 5386 1866 5466 NN.)

322 5572 346 5625 0.
374 5570 469 5642 [Folle]
574 5579 599 5638 a)
620 5577 738 5628 deditum
754 5577 782 5627 B
885 5575 912 5636 b)
932 5578 1005 5643 regio
1024 5575 1058 5627 Β.

320 5677 346 5732 7.
374 5677 468 5746 [Foltz]
571 5683 597 5744 a)
617 5681 712 5733 Sachle
730 5680 757 5732 Β
859 5681 887 5742 b)
906 5681 1059 5747 Addelague
1074 5719 1097 5730 ..
1111 5681 1253 5748 Hildigerii
1270 5680 1305 5732 B.
