4554 6414
889 414 1013 470 ΟΤΤΟ
1036 414 1060 467 I.
1085 409 1157 468 941.
1786 399 1846 463 125

301 602 428 673 Priicept
451 600 578 672 Imdrrrip
601 600 650 658 des
672 599 833 658 Frommen
854 598 891 656 L.
916 603 958 657 83
980 597 1136 666 caschloss,
1163 613 1196 655 so
1217 597 1266 654 liet
1291 613 1320 653 es
1343 596 1424 652 (lorea
1446 595 1637 652 eerrnstlrliclr
1659 595 1713 652 der
1735 591 1848 664 Corrib-

301 707 413 762 ruu-tioa
436 703 528 762 Knrls
557 703 620 760 uad
647 702 811 772 mittelbar,
847 705 900 760 wie
922 704 986 760 bier
1007 702 1100 760 durch
1123 701 1178 758 dea
1200 699 1372 759 Petitdrucls
1399 698 1571 769 aspersator
1602 699 1655 767 ist,
1690 697 1743 755 der
1768 697 1848 757 Ottos

301 808 345 866 uls
369 808 490 880 Vorlape
515 807 651 879 pertica&
684 825 745 863 aur
767 806 819 863 der
841 808 913 864 ebert
936 807 1113 864 hercleherele
1135 805 1207 863 Sole
1230 807 1266 862 ist
1290 805 1464 860 inuaserat
1488 802 1526 859 D.
1550 820 1591 859 ee
1613 801 1679 858 (lem
1703 801 1848 861 ll'ortlaut

299 912 348 970 des
375 911 415 969 D.
439 908 566 980 Araolss
595 910 863 982 birrsupelrommen.
909 909 959 966 Da
982 909 1077 966 elieser
1104 926 1169 966 aare
1190 910 1223 964 ia
1246 908 1303 964 den
1325 905 1584 979 aiichstfolpcrsclers
1606 904 1847 977 Bests'itipuapca,

300 1033 355 1073 eoa
377 1014 469 1072 irenen
491 1014 539 1070 die
561 1031 625 1071 eom
648 1012 679 1071 J.
705 1017 764 1072 991
793 1014 866 1071 mee
893 1014 933 1070 ιἰιι
961 1011 1097 1085 Oripinal
1124 1012 1258 1084 sorliept,
1294 1011 1498 1081 reiedertelrrt,
1533 1011 1571 1068 ist
1599 1013 1762 1081 spiitcsteas
1791 1025 1847 1065 eon

301 1117 367 1176 Otto
386 1124 441 1175 ΙΙΙ.
466 1117 514 1175 die
533 1117 709 1188 Verleilmnp
731 1134 786 1173 ron
807 1117 870 1174 Zoll
892 1117 956 1173 tend
971 1117 1086 1173 nisiaea
1108 1116 1202 1172 dorsis
1223 1117 1323 1172 scinco
1343 1114 1517 1172 Grossroier
1537 1113 1703 1170 carricent
1719 1112 1843 1169 'reordera

297 1223 354 1280 Bei
380 1221 476 1280 dieser
499 1220 640 1293 Soclrlape
662 1220 725 1277 uad
748 1221 779 1277 ire
797 1219 975 1277 Arrhetraelrt
998 1218 1068 1277 (loss
1091 1219 1236 1291 ‹lerortipe
1256 1218 1469 1289 Veileilmapea
1488 1217 1595 1289 perede
1618 1217 1649 1272 ia
1665 1216 1846 1287 Lotlrriapen

299 1322 449 1396 arebrfaeli
472 1325 670 1382 aestimabar
691 1323 768 1392 sind,
793 1323 907 1380 rccrden
930 1325 985 1380 seir
1007 1323 1170 1380 oarrclnncn
1192 1321 1305 1392 clilrleri
1327 1322 1396 1379 clrrss
1412 1323 1482 1394 jone
1505 1322 1577 1378 iiber
1594 1320 1647 1378 dos
1663 1320 1702 1378 1).
1719 1318 1846 1388 Araolss

297 1427 531 1501 bianuspelrcnde
546 1427 752 1498 Bestiam-esp
775 1428 879 1485 bereits
903 1430 936 1496 irs
958 1427 1023 1484 dem
1042 1425 1289 1498 Originelchplom
1308 1425 1388 1483 Ottos
1413 1425 1474 1482 eracl
1497 1424 1637 1482 nielleiclrl
1660 1424 1736 1481 caeli
1758 1424 1845 1481 seleon

301 1535 332 1591 ia
354 1533 421 1590 clera
443 1533 570 1603 Pre'ccpt
593 1531 643 1589 eles
665 1528 925 1600 ecestsrrialisehea
947 1532 1062 1603 Kenips
1081 1529 1243 1602 pestoarlca
1265 1530 1358 1586 liabeo
1381 1529 1464 1586 ιιι-νᾶ.

298 1737 355 1816 (C.)
382 1739 396 1820 ξιξ
424 1735 463 1799 Ιιι
490 1737 621 1799 nomine
650 1745 761 1818 sancte
791 1743 823 1798 et
849 1732 1015 1816 individue
1047 1734 1209 1797 trinitatis.
1256 1731 1334 1796 Otto
1367 1730 1477 1796 dimna
1511 1733 1640 1796 favente
1673 1730 1845 1795 clementia

100 1885 108 1894 -
196 1863 264 1905 rex.
353 1857 419 1906 Cum
442 1857 616 1920 petitionibus
638 1871 774 1906 servorum
797 1854 839 1904 dei
863 1855 939 1903 iustis
962 1860 988 1903 et
1010 1855 1214 1903 rationabilibus
1238 1851 1321 1900 divini
1344 1851 1432 1900 cultus
1455 1866 1544 1900 amore
1567 1850 1701 1911 favemus,
1731 1864 1846 1913 superna

195 1960 281 2023 gratia
303 1975 351 2007 nos
374 1960 471 2008 muniri
494 1957 638 2008 diffidimus
660 1964 876 2028 nequaquam.
905 1941 919 2022 ᾗ
948 1957 1061 2007 Proinde
1084 1959 1188 2006 noverit
1210 1954 1341 2004 industria
1364 1970 1410 2003 seu
1434 1954 1565 2018 sagacitas
1588 1952 1705 2001 omnium
1728 1950 1846 2001 fidelium

195 2066 345 2110 nostrorum
368 2067 422 2111 trun
445 2063 607 2126 presentium
629 2076 708 2126 quam
731 2067 757 2110 et
778 2060 942 2122 futurorum,
976 2062 1040 2125 quia
1068 2061 1109 2109 vir
1136 2059 1297 2110 venerabilis
1319 2042 1515 2108 Volebertue
1544 2057 1743 2107 Cameracensis
1771 2057 1845 2106 urbis

147 2175 177 2223 15
196 2165 337 2228 episcopus
366 2163 463 2214 obtulit
492 2165 629 2228 optutibus
658 2164 755 2212 nostris
784 2165 963 2214 immunitates
992 2167 1069 2231 beate
1099 2167 1223 2230 memorie
1252 2166 1427 2215 antecessoris
1455 2165 1538 2212 nostri
1560 2146 1675 2211 Karoli
1698 2163 1726 2211 in
1748 2163 1845 2228 quibus

196 2267 382 2316 continebatur
405 2261 564 2329 insertum⁸,
593 2266 707 2332 qualiter
728 2265 864 2330 predictus
886 2273 1038 2318 antecessor
1060 2273 1150 2318 noster
1171 2252 1315 2318 Karolus
1339 2252 1410 2319 reab
1436 2270 1598 2317 nominatam
1621 2266 1710 2316 sedem
1732 2283 1783 2332 que
1806 2273 1846 2317 est

196 2370 222 2418 in
245 2369 344 2419 honore
368 2375 458 2434 sancte
481 2369 522 2419 dei
546 2370 682 2434 genitricis
704 2369 789 2434 Maris
811 2385 966 2434 semperque
989 2370 1100 2434 virginis
1129 2371 1162 2418 ob
1192 2365 1332 2422 aniore1n⁰
1362 2371 1404 2420 dei
1433 2377 1459 2420 et
1486 2370 1705 2434 tranquillitatem
1734 2369 1845 2419 fratrum

194 2474 292 2524 ibidem
315 2477 516 2524 consistentium
539 2491 642 2539 semper
670 2457 746 2524 subd
775 2473 929 2538 plenissima
959 2476 1072 2525 mitione
1103 2482 1129 2525 ct
1158 2467 1354 2524 immunitatise
1383 2473 1536 2523 defensione
1565 2454 1752 2522 habuissent.t
1793 2473 1845 2522 Pro

194 2576 316 2628 finnitate
345 2584 433 2628 tamen
462 2581 500 2628 rei
529 2578 674 2642 postulavit
700 2595 748 2627 nos
771 2579 890 2643 prefatus
913 2582 1053 2645 episcopus
1076 2564 1299 2630 Velebel'tueg
1326 2585 1356 2628 ut
1378 2578 1494 2628 eiusdem
1518 2579 1587 2643 regis
1611 2579 1794 2627 auctoritatem
1818 2579 1845 2626 in

144 2693 177 2738 20
195 2698 283 2732 amore
311 2688 337 2732 et
360 2685 513 2733 ¹reverentia
541 2689 631 2734 sancte
662 2681 705 2733 (lei
731 2684 867 2748 genitricis
889 2686 974 2751 hiarie
1001 2692 1091 2736 nostra
1119 2687 1277 2736 auctoritate
1307 2685 1536 2747 confirmaremus,
1570 2684 1642 2749 quod
1670 2686 1708 2733 ita
1736 2701 1783 2748 per
1806 2686 1844 2733 in-

194 2793 342 2838 terventum
365 2772 473 2836 dilecti
496 2788 613 2852 episcopi
637 2789 720 2837 nostri
743 2773 887 2837 Rihhal'ii
910 2788 1024 2838 libenter
1051 2789 1235 2854 adquievimus
1258 2795 1284 2838 et
1306 2791 1344 2838 ita
1367 2790 1394 2837 in
1417 2789 1539 2837 omnibus
1562 2788 1741 2836 concessimus
1764 2791 1844 2851 atique

194 2907 240 2955 per
262 2892 312 2942 hoc
335 2896 487 2956 preceptum
511 2897 601 2956 nostre
624 2873 788 2940 auetoritisll
810 2892 1001 2941 roboravimus.
1046 2892 1226 2956 Preeipientes
1249 2907 1311 2956 crgo
1335 2892 1456 2940 iubemus
1479 2896 1509 2938 nt
1531 2889 1620 2939 nullus
1649 2888 1728 2937 iudex
1757 2888 1844 2953 publi-

194 3012 241 3046 cus
263 2995 306 3045 vel
328 2995 453 3060 quislibet
476 3011 508 3045 ex
531 2995 672 3045 iudiciaria
693 2999 824 3059 potestate
848 2995 875 3042 in
898 2993 1024 3043 ecclesias
1046 2999 1094 3043 ant
1115 2994 1176 3043 loca
1197 2994 1239 3043 vel
1262 3009 1340 3058 agros
1363 3010 1409 3043 sen
1432 2993 1548 3057 reliquas
1576 2993 1757 3056 possessiones
1785 3006 1844 3055 pre-

194 3101 263 3167 dicte
292 3101 404 3166 ecclesie
433 3116 500 3166 qum
529 3100 654 3151 moderno
684 3107 800 3165 tempore
829 3100 857 3147 in
879 3098 1042 3164 quibuslibet
1065 3101 1141 3164 pagis
1163 3099 1206 3149 vel
1229 3099 1368 3148 territoriis
1391 3098 1461 3147 infra
1482 3097 1609 3147 ditionem
1632 3097 1736 3161 imperii
1759 3097 1843 3145 nostri

143 3209 176 3256 25
194 3204 262 3254 inste
286 3209 311 3253 et
333 3202 455 3267 legaliter
478 3209 623 3252 memorem
644 3209 717 3253 tenet
740 3204 782 3253 vel
804 3204 922 3269 possidet
946 3204 1059 3254 eeclesia
1081 3205 1123 3254 vel
1148 3221 1179 3254 ea
1201 3221 1253 3270 quq
1276 3204 1400 3268 deinceps
1424 3185 1580 3252 catholicisi
1603 3203 1667 3251 viris
1685 3201 1772 3252 eidem
1791 3201 1844 3250 col-

193 3308 245 3358 late
268 3309 367 3358 inerint
389 3307 514 3372 ecclesie,
538 3307 572 3356 ad
595 3323 690 3358 causas
712 3308 858 3358 audiendas
881 3314 928 3358 aret
949 3308 1024 3359 freda
1047 3310 1090 3359 vel
1112 3310 1262 3358 mansiones
1284 3309 1326 3358 vel
1350 3290 1483 3373 paratask
1511 3306 1647 3356 iaciendas
1670 3313 1717 3355 ant
1740 3304 1844 3355 fideius-

1348 3395 1361 3435 h
1391 3427 1470 3476 super
1498 3417 1594 3460 terram
1623 3411 1708 3474 ipsius
1731 3424 1844 3459 comma-

193 3426 266 3462 sores
287 3410 419 3488 tollendos
442 3416 489 3460 atet
511 3411 631 3461 homines
653 3412 738 3475 ipsius
761 3412 872 3478 ecclesie
896 3418 949 3462 tam
972 3414 1102 3478 ingenuos
1125 3427 1205 3478 quarn
1228 3429 1336 3462 servvos

193 3521 285 3564 nentes
307 3529 475 3578 nequaquam
498 3514 693 3580 distringendos
716 3515 758 3565 vel
783 3515 851 3565 ullas
874 3500 1102 3566 retributiones
1126 3523 1172 3566 ant
1194 3517 1310 3566 inlicitas
1333 3517 1485 3567 occasiones
1508 3514 1679 3580 requirendas
1702 3515 1845 3563 nostriset

192 3620 289 3668 tuturis
312 3619 475 3682 temporibus
498 3619 600 3684 ingredi
623 3601 741 3669 audeat¹
770 3619 813 3668 vel
836 3635 868 3670 ea
890 3638 941 3687 que
972 3637 1053 3686 supra
1081 3627 1226 3672 memorata
1252 3628 1314 3672 sunt
1343 3623 1450 3686 penitus
1480 3620 1584 3685 exigere
1614 3623 1763 3683 presumat,
1797 3616 1845 3667 sed

142 3729 174 3777 30
191 3723 270 3773 liceat
292 3727 436 3772 memorato
459 3722 559 3786 presuli
581 3724 688 3788 suisque
711 3726 910 3775 successoribus
933 3742 975 3775 res
997 3725 1116 3792 predicte
1139 3727 1250 3792 ecclesie
1273 3741 1333 3775 cnm
1356 3724 1460 3775 cellulis
1482 3729 1508 3774 et
1530 3724 1610 3773 rebus
1628 3722 1670 3772 vel
1692 3723 1844 3772 hominibus

192 3828 243 3876 sibi
271 3827 393 3892 legaliter
421 3828 547 3877 subiectis
576 3828 626 3878 sub
655 3829 829 3878 immunitatis
860 3835 949 3894 nostre
978 3829 1130 3880 ‹leferrsione
1160 3831 1250 3896 quieto
1279 3829 1371 3879 ordine
1399 3827 1534 3893 possidere
1563 3833 1589 3876 et
1612 3832 1702 3877 nostro
1731 3825 1844 3876 fideliter

192 3945 284 3994 parere
308 3931 418 3995 irnperio
440 3935 520 3995 atque
542 3947 590 3994 pro
614 3931 760 3982 stabilitate
782 3939 873 3981 nostra
896 3932 940 3982 vel
962 3935 1044 3982 totius
1067 3933 1170 3997 imperii
1194 3947 1210 3982 a
1233 3932 1282 3983 deo
1306 3934 1383 3983 nobis
1406 3932 1497 3982 collati
1520 3933 1561 3981 vel
1585 3930 1761 3982 conservandi
1790 3925 1844 3978 uni

192 4050 252 4083 curn
275 4034 345 4083 clero
369 4039 394 4084 et
417 4033 516 4098 populo
540 4035 592 4084 sibi
615 4035 735 4085 subiecto
758 4036 841 4085 libere
864 4035 906 4085 dei
929 4037 1137 4086 misericordiam
1165 4052 1289 4099 exorare,
1323 4043 1349 4086 et
1378 4036 1505 4101 quioquid
1534 4035 1628 4085 exinde
1651 4034 1731 4084 fiscus
1754 4039 1843 4083 noster

193 4141 297 4204 exigere
326 4145 446 4203 poterat,
476 4141 503 4188 in
531 4140 707 4190 luminaribus
735 4143 819 4205 ipsius
848 4141 959 4206 ecclesie
990 4141 1174 4192 concinnanda
1204 4141 1393 4206 perpetualiter
1416 4141 1594 4190 concessimus
1626 4138 1659 4188 ad
1682 4137 1841 4188 habendum.

142 4249 173 4296 35
192 4228 329 4313 Insuper
352 4238 464 4292 nostra
486 4227 658 4312 largitione
682 4229 892 4295 concedimus
915 4232 1041 4315 prefato
1066 4235 1223 4317 episeopo
1246 4241 1278 4295 et
1301 4230 1545 4296 successoribus
1568 4231 1637 4294 cius
1655 4252 1750 4292 omne
1765 4229 1842 4292 telo·

191 4353 288 4396 neum
312 4353 386 4395 cum
408 4341 539 4396 moneta
562 4333 703 4396 civitatis
720 4357 777 4417 sue
793 4332 1070 4398 Cameracensisis
1084 4333 1107 4418 ¹¹,
1131 4357 1169 4399 eo
1193 4334 1345 4399 videlicet
1368 4330 1479 4399 tenore
1502 4344 1537 4399 ut
1560 4356 1678 4397 novem
1700 4342 1843 4418 partesm

192 4439 420 4522 episcoporum
444 4436 557 4502 usibus
579 4436 788 4522 deputentur,
820 4437 948 4502 decima
971 4462 1048 4503 vcro
1072 4462 1148 4525 pars
1172 4440 1214 4504 ad
1236 4463 1314 4504 usus
1337 4441 1474 4503 fratrum
1498 4438 1643 4503 ciusdem
1666 4457 1842 4520 congrega·

192 4541 290 4605 tionis
312 4539 543 4625 perpetualiter
565 4542 598 4604 in
622 4540 799 4605 elemosina
821 4553 934 4606 nostra
956 4543 1116 4628 preficiat.
1155 4560 1279 4608 Preterea
1302 4559 1487 4608 constituimus
1503 4574 1536 4608 ne
1551 4559 1611 4622 quis
1626 4556 1680 4605 dux
1696 4556 1739 4605 vel
1755 4572 1842 4606 comes

192 4665 272 4724 atque
294 4660 411 4708 vicarius
434 4676 481 4710 seu
504 4659 630 4726 quislibet
656 4677 688 4711 ex
719 4660 859 4711 iudiciaria
887 4667 1017 4726 potestate
1045 4668 1162 4712 nostram
1190 4663 1233 4713 vel
1261 4668 1458 4714 antecessorum
1486 4667 1636 4711 nostrorum
1665 4675 1756 4725 regum
1779 4654 1844 4707 een

140 4780 173 4828 40
190 4772 291 4822 violare
321 4778 469 4837 presumat,
510 4773 581 4838 quod
610 4774 633 4822 si
663 4772 756 4823 fecerit
785 4775 872 4824 caussis
902 4775 1036 4841 regalibus
1067 4777 1101 4824 sit
1132 4776 1263 4825 obnoxius
1294 4781 1320 4825 et
1351 4776 1460 4838 insuper
1488 4773 1581 4823 solidis
1608 4731 1678 4822 ri'c⁰
1701 4772 1842 4837 culpabilis

191 4874 337 4938 iudicetur,
360 4874 485 4926 videlicet
508 4880 538 4925 ut
560 4874 612 4940 dne
634 4881 723 4940 partes
745 4877 774 4925 in
797 4877 933 4926 archivum
957 4878 1041 4942 ipsius
1064 4878 1174 4944 ecclesie.
1197 4878 1371 4928 admittantur
1386 4881 1412 4926 et
1427 4879 1531 4928 tertiam
1546 4876 1626 4927 fiscus
1642 4875 1739 4943 regalis
1754 4881 1844 4926 noster

190 4979 315 5043 recipiat,
349 4984 380 5028 ut
408 4978 499 5029 nullus
527 4980 580 5029 tale
603 4979 668 5045 quid
691 4979 789 5030 audere
812 4981 936 5046 deinceps
958 4987 1101 5046 presumat.
1146 4983 1224 5044 Quod
1247 4983 1287 5032 ita
1309 4987 1335 5032 et
1358 4998 1406 5031 nos
1429 4999 1476 5047 per
1498 4982 1567 5032 hanc
1589 4989 1706 5031 nostram
1729 4983 1842 5032 auctori-

292 5149 332 5204 39.
361 5149 458 5220 [Folle]
551 5155 577 5214 a)
597 5153 689 5204 Karoli
701 5180 736 5192 -
748 5155 818 5205 inser
836 5155 889 5218 aas
900 5155 996 5216 eamr,
1015 5155 1052 5206 do
1069 5156 1116 5206 aar
1135 5153 1270 5207 Scir-siber
1287 5157 1336 5207 dur
1354 5155 1537 5223 propr-iiaplich
1555 5155 1731 5222 aegelwius
1749 5156 1842 5208 Karoli

359 5220 510 5286 eimfiiqea
528 5219 597 5272 batte
699 5223 726 5284 b)
747 5239 812 5273 corr.
837 5241 884 5274 arcs
907 5228 1082 5275 antecessoris
1108 5227 1189 5275 nostri
1213 5226 1305 5277 Karoli
1329 5229 1399 5292 regis
1503 5229 1527 5286 c)
1548 5228 1582 5277 ob
1601 5243 1663 5280 amo,
1684 5226 1737 5289 ecs
1753 5225 1844 5279 Berua·

137 5288 170 5335 45
361 5291 388 5348 d)
408 5307 473 5340 corr.
492 5307 540 5340 aru
562 5307 612 5356 sup
698 5297 740 5354 e)
759 5293 866 5342 taliter
882 5292 930 5344 da·
947 5293 1018 5344 Zeila
1034 5292 1222 5359 noehpdrapea
1324 5297 1344 5358 ι’)
1364 5295 1387 5345 Α
1405 5295 1459 5344 cad
1477 5295 1691 5346 conmeantes
1709 5295 1844 5347 aseddus

361 5357 582 5424 Oriyimldiplom
600 5362 636 5410 im
654 5367 756 5426 nepetae
773 5361 914 5413 Aeschines
930 5378 966 5412 aa
982 5363 1026 5412 die
1044 5363 1127 5413 Werts
1144 5363 1192 5413 der·
1210 5363 1262 5414 VU.
1282 5373 1462 5416 antecessores
1478 5366 1689 5416 ...habuissent
1780 5369 1807 5432 g)
1828 5383 1843 5414 e

359 5426 582 5492 saepissimam
668 5430 695 5492 h)
714 5429 738 5480 A
825 5434 844 5492 i)
864 5433 892 5481 ia
909 5431 957 5482 der
974 5431 1028 5483 VU.
1049 5434 1221 5484 acatholicis
1313 5436 1341 5496 k)
1361 5451 1396 5499 pa
1414 5450 1479 5488 corr.
1499 5450 1546 5483 our
1563 5451 1594 5499 pr
1686 5437 1705 5496 l)
1720 5417 1778 5496 bus
1789 5434 1842 5485 Re-

358 5513 411 5558 ner,
435 5513 512 5546 arceor
530 5513 583 5546 non
669 5502 704 5560 m)
724 5514 790 5548 corr.
808 5516 856 5550 aar
874 5504 955 5567 partis
1047 5505 1074 5563 n)
1094 5507 1277 5554 alletoritatem
1296 5520 1327 5554 za
1344 5507 1468 5568 erysimon
1485 5501 1552 5552 noch
1570 5503 1601 5554 L.
1622 5505 1674 5567 83,·
1698 5504 1753 5552 ἀίει
1772 5502 1840 5551 Wort

359 5581 414 5614 seer
430 5563 510 5615 echon
527 5567 556 5616 in
572 5566 620 5616 der·
637 5566 691 5618 VU.
710 5569 882 5633 empesellea,
903 5569 987 5634 sehlte
1004 5569 1060 5621 elio
1078 5570 1146 5621 wohl
1164 5571 1230 5622 cuch
1249 5575 1277 5623 in
1298 5575 1345 5624 der
1368 5571 1497 5635 Urschrrfl
1520 5587 1570 5622 oon
1592 5571 1653 5622 Do.
1671 5575 1716 5632 39,
1744 5569 1842 5620 reiciat

359 5633 472 5699 dapem
490 5635 518 5684 in
535 5634 583 5684 der
602 5635 815 5703 Nostraetnuap
834 5646 916 5690 meret
930 5646 1021 5705 quere
1039 5639 1093 5690 aad
1110 5641 1183 5691 donn
1200 5642 1296 5693 wieder·
1310 5641 1400 5708 qdilqi
1420 5657 1452 5690 arr
1471 5641 1539 5700 rein,
1567 5639 1637 5689 deun
1661 5642 1690 5689 ia
1712 5638 1755 5689 ihr·
1777 5638 1842 5688 steht

359 5704 459 5756 violare
477 5709 611 5769 presumat
628 5721 645 5771 q
661 5704 715 5768 eras
726 5706 815 5758 Rasin
897 5713 923 5772 o)
943 5722 959 5760 c
976 5710 1029 5773 aas
1040 5707 1105 5759 noeis
1122 5712 1209 5762 wede-
1226 5711 1378 5763 reicienda
1396 5709 1484 5761 Ram
1500 5707 1554 5756 aad
1571 5711 1594 5757 is
1612 5707 1841 5774 obequitasset
