4546 6420
434 399 498 466 630
1030 403 1486 462 ΚΑΙΒΕΒΙΙΒΚΙῙΝΙ)ΕΝ.Ι

438 592 491 677 qui
516 588 635 654 dicitur
657 585 787 652 Scanuo
812 595 845 650 et
868 583 996 652 Gazala
1019 608 1092 651 cum
1116 585 1328 652 sediminibus
1358 607 1417 650 sex
1445 605 1520 648 cum
1551 586 1651 649 servis
1674 592 1707 649 et
1731 581 1882 648 ancillis
1909 601 1997 644 cnm
2024 577 2131 640 vineis

440 691 566 779 [p]ratis
600 692 732 777 pascuis
766 690 857 754 silvis
892 689 1090 774 ingressibus
1125 699 1158 755 et
1190 690 1378 772 egressibus
1413 698 1445 753 et
1476 687 1648 753 frascareis
1686 708 1765 752 cum
1803 681 2067 770 superioribus
2102 692 2134 746 et

436 792 643 861 inferioribus
673 816 747 858 cum
779 795 866 858 omni
895 792 1018 860 honore
1049 815 1123 858 cum
1153 792 1240 858 fotro
1270 801 1302 856 et
1331 790 1533 875 albergarias
1563 793 1750 857 cumomni
1776 789 1967 856 districto.
2019 785 2069 850 Et
2091 785 2132 850 do

437 897 584 962 similiter
611 899 644 961 in
668 896 804 962 Telamo
835 919 893 960 sex
923 919 1054 962 mansos
1083 919 1156 962 cum
1186 919 1245 961 sex
1269 894 1428 961 sedimine
1457 894 1514 960 ubi
1545 895 1662 962 dicitur
1685 894 1790 960 Galia
1818 915 1911 958 cum
1936 889 2024 955 aliis
2051 889 2135 954 locis

435 999 515 1065 inibi
544 1022 646 1085 prope
675 997 840 1064 edilicatif
868 1021 942 1064 cum
973 1001 1075 1064 servis
1104 1010 1136 1065 et
1165 995 1292 1064 ancillis
1321 1021 1396 1064 cum
1426 998 1592 1082 gressibus
1621 1008 1652 1063 et
1673 996 1900 1084 ingressibus
1926 1017 2016 1060 cnm
2044 997 2163 1058 omnis

436 1104 559 1169 honore
597 1125 671 1168 cum
708 1104 809 1189 pratis
846 1104 950 1168 vineis
989 1102 1137 1168 stalareis
1174 1105 1305 1189 pascuis
1344 1102 1434 1167 silvis
1471 1100 1637 1168 montibus
1674 1097 1871 1187 planiciis
1912 1119 2003 1162 cum
2046 1099 2134 1161 omni

436 1206 593 1272 districto.
638 1206 682 1270 Et
713 1205 850 1270 offero'
842 1229 876 1270 1n
906 1203 1025 1270 odem
1052 1205 1239 1291 supradicto
1269 1207 1466 1271 monasterio
1498 1207 1532 1269 in
1560 1207 1756 1290 episcopatu
1782 1201 2006 1268 Comensi
1995 1223 2035 1265 nn
2060 1200 2134 1265 loco

436 1311 490 1396 qui
514 1310 632 1375 dicitur
654 1308 841 1374 Menchrice
865 1318 990 1394 septem
1013 1322 1156 1392 mansos',
1182 1311 1266 1374 sicut
1290 1318 1365 1374 sunt
1388 1309 1604 1391 determinati,
1629 1318 1661 1374 et
1682 1307 1938 1374 molendinum
1966 1327 2081 1370 unum
2104 1315 2136 1369 ct

435 1412 533 1479 alium
557 1412 698 1478 medium
723 1434 797 1477 cnm
824 1414 925 1477 servis
948 1425 981 1478 et
1003 1413 1147 1496 ancillis,
1179 1413 1338 1478 audianos
1368 1422 1401 1478 et
1428 1411 1613 1477 audianas‘
1637 1411 1817 1492 videlicet,
1862 1431 1951 1474 cum
1988 1407 2134 1474 diversis

438 1518 563 1602 campis
586 1517 689 1580 vineis
713 1519 815 1601 pratis
839 1519 971 1601 pascuis
996 1515 1086 1581 silvis
1110 1515 1259 1581 stalareis
1287 1518 1365 1602 ripis
1388 1517 1513 1601 rupinis
1536 1514 1700 1579 montibus
1728 1508 1977 1598 planicibus‘
2007 1511 2180 1576 molen-10

438 1619 522 1684 dinis
546 1621 639 1705 aquis
664 1640 886 1706 aquarumque
909 1619 1101 1686 decursibus
1128 1619 1213 1703 [cnm
1237 1621 1353 1704 slervis
1377 1631 1410 1685 et
1432 1618 1559 1684 ancillis
1582 1640 1622 1683 ac
1640 1618 1780 1683 familiis
1805 1618 2010 1701 utriusque
2035 1638 2136 1679 sexus

438 1725 548 1787 omnia
569 1724 603 1786 in
626 1724 785 1808 integrum
809 1726 985 1788 cumomni
1009 1724 1133 1789 honore
1155 1735 1187 1789 et
1210 1726 1298 1790 omni
1323 1724 1470 1788 districto
1494 1731 1527 1788 et
1548 1721 1753 1806 albergarias
1779 1729 1818 1785 et
1846 1720 1950 1784 fetro
1975 1729 2014 1784 et
2035 1721 2134 1784 intra·

437 1837 542 1891 turam
566 1825 696 1890 abbatis
720 1836 751 1890 et
773 1827 1016 1892 investiciones.
1061 1827 1106 1893 Et
1128 1827 1274 1893 concedo
1298 1827 1446 1892 similiter
1466 1828 1501 1890 in
1523 1826 1684 1912 prefatum
1713 1826 1991 1890 monasterium
2018 1847 2134 1910 supra-

436 1931 639 1995 nominatum
668 1930 702 1993 in
733 1929 924 2016 episcopatu
953 1930 1097 1996 Nouarie
1125 1932 1159 1995 in
1187 1929 1260 1996 loco
1291 1931 1345 2016 qui
1374 1929 1492 1994 dicitur
1514 1929 1601 1994 Fara
1629 1951 1687 1993 sex
1717 1949 1894 2010 mansos,
1930 1929 2031 1993 sicut
2061 1938 2137 1994 sunt

437 2034 652 2114 determinati,
676 2054 751 2097 cum
774 2056 833 2098 sex
857 2033 1016 2099 sedimine
1038 2057 1113 2100 cum
1137 2036 1239 2099 servis
1262 2042 1295 2098 et
1317 2032 1444 2097 ancillis
1467 2055 1542 2098 cum
1565 2033 1667 2118 pratis
1690 2034 1836 2096 vincisss
1863 2034 2015 2118 campis
2041 2032 2135 2097 silvis
2154 2043 2179 2090 ¹⁵

437 2141 567 2224 pascuis
601 2138 709 2224 gerbis
740 2137 888 2204 stalareis
916 2140 995 2225 ripis
1025 2141 1150 2224 rupinis
1180 2137 1344 2203 montibus
1373 2133 1581 2222 plenieibuef
1609 2135 1702 2220 aquis
1738 2156 1927 2220 aquarum
1970 2135 2135 2202 ductibus

435 2243 601 2325 gressibus
624 2252 657 2308 et
678 2242 878 2327 ingressibus
902 2245 1081 2308 cumomni
1103 2242 1226 2308 honore
1243 2251 1275 2306 et
1289 2241 1438 2306 districto
1462 2250 1495 2306 et
1509 2239 1710 2324 albergarias
1728 2241 1857 2304 omnia
1884 2241 1926 2304 in
1947 2243 2135 2325 integrum.

436 2345 644 2411 Renovamus
660 2367 687 2411 et
702 2361 887 2411 confirmamus
902 2362 1011 2427 insuper
1025 2362 1156 2426 prelibato
1168 2362 1280 2411 cenobio
1292 2365 1391 2410 cortem
1403 2359 1519 2409 Paenem
1532 2365 1558 2408 et
1568 2357 1640 2407 illam
1653 2372 1704 2422 qne
1715 2358 1747 2406 in
1760 2358 1922 2408 Roboreto
1937 2357 2052 2410 dicitur
2064 2367 2137 2410 corte

437 2466 510 2529 regie
531 2472 604 2515 curn
627 2451 714 2514 omni
735 2449 857 2516 honore
880 2459 912 2514 et
934 2450 1136 2516 districtione
1152 2470 1225 2514 cum
1241 2458 1335 2533 porto
1351 2470 1416 2513 uno
1432 2449 1466 2511 in
1481 2447 1634 2512 Tannaro
1652 2448 1731 2511 etin
1751 2447 1901 2511 Burnia
1919 2448 2136 2514 molendinis

437 2553 689 2636 piscacionibus,
714 2555 797 2618 sicut
820 2554 965 2620 detinent
988 2555 1115 2620 termini
1139 2554 1172 2616 in
1195 2552 1289 2639 aquis
1311 2550 1386 2634 illis,
1409 2549 1508 2615 idest
1524 2548 1725 2615 daRistalso
1745 2571 1869 2635 nsque
1888 2551 1941 2616 ad
1961 2549 2090 2617 Salsas
2106 2563 2139 2618 et
2154 2569 2183 2616 rs

437 2679 538 2741 usque
562 2656 617 2721 ubi
641 2658 759 2723 dicitur
781 2656 979 2722 Ponticellos
1002 2665 1034 2722 et
1056 2659 1090 2721 in
1113 2655 1212 2721 aliam
1235 2665 1360 2741 partem
1375 2653 1439 2719 ubi
1469 2653 1588 2718 dicitur
1609 2651 1864 2718 Draconaria¹¹
1893 2664 1933 2720 et
1959 2655 2139 2742 capellam

436 2781 535 2823 unam
557 2758 637 2824 inibi
659 2759 830 2825 fundatam
851 2763 884 2826 in
906 2760 1030 2826 honore
1054 2769 1167 2826 sancte
1186 2761 1239 2825 dei
1255 2760 1421 2844 genitricis
1436 2757 1540 2822 Maris
1562 2757 1616 2834 nbi
1635 2755 1760 2820 dicitur
1776 2757 2037 2844 Terragreuii
2062 2783 2140 2825 curn

438 2861 586 2927 omnibus
609 2862 801 2930 adiacentiis
826 2867 893 2930 suis
916 2875 948 2930 et
970 2867 1172 2951 pertinentiis
1196 2887 1268 2930 cum
1293 2865 1380 2929 omni
1401 2863 1536 2928 honore.
1574 2857 1853 2927 (lorroboramus
1882 2865 2002 2930 etiam
2029 2864 2139 2932 eidem

437 2966 615 3032 venerabili
639 2967 712 3034 loco
736 2978 860 3035 cortem
883 2985 999 3036 Ouiliam
1023 3001 1083 3034 cum
1107 2967 1258 3033 omnibus
1281 2985 1336 3033 suis
1358 2983 1532 3048 pertinentiis,
1556 2964 1590 3030 ld
1613 2975 1662 3030 est
1679 2987 1758 3029 cum
1783 2983 1980 3034 molendinis
2006 2987 2138 3050 piscatio-

437 3086 516 3134 nibus
540 3073 641 3155 pratis
663 3073 767 3137 vineis
790 3072 991 3158 ingressibus
1015 3082 1047 3138 et
1070 3070 1272 3156 egressibus,
1304 3073 1388 3136 sicut
1411 3081 1461 3136 est
1484 3069 1716 3134 determinatus
1742 3067 1852 3135 locus
1881 3071 1960 3158 ille,
1989 3096 2021 3140 et
2047 3093 2140 3140 omme
2156 3093 2185 3140 se

436 3205 488 3252 que
511 3190 537 3238 in
559 3171 610 3238 inf
631 3190 820 3241 Monteferrato
837 3197 863 3241 er
881 3194 908 3240 in
931 3178 1122 3261 episcopatu
1138 3191 1310 3254 Uercellensi,
1333 3185 1365 3239 et
1388 3177 1522 3240 terciam
1546 3183 1671 3260 partem
1694 3171 1737 3236 de
1759 3173 1886 3239 villal
1915 3201 1991 3264 que
2014 3177 2141 3244 dicitur

437 3277 583 3341 Pennino
614 3279 648 3342 in
675 3280 747 3364 ipso
777 3281 969 3366 episcopatu
998 3302 1072 3344 cum
1101 3278 1241 3346 ecelesia
1269 3278 1349 3342 inibi
1381 3277 1518 3343 fundata
1546 3279 1580 3341 in
1610 3275 1734 3341 honore
1768 3282 1895 3345 sancti
1924 3282 2027 3348 Petri
2061 3306 2139 3349 cum

440 3379 634 3445 molendinis
664 3381 902 3466 piscationibus
925 3393 956 3447 et
980 3404 1054 3447 cum
1076 3380 1208 3467 pratro¹
1237 3391 1365 3446 etcum
1389 3383 1514 3466 campis
1544 3389 1576 3444 et
1599 3379 1826 3445 sediminibus
1855 3393 1896 3448 et
1923 3385 2139 3452 frascareis:

436 3491 512 3548 sunt
541 3485 624 3548 inter
653 3487 762 3550 omnia
793 3487 907 3570 viginti
935 3488 1041 3570 iugias
1069 3495 1165 3551 extra
1193 3486 1327 3550 terciam
1358 3493 1485 3570 partem
1508 3482 1547 3549 de
1569 3483 1665 3567 villa,
1694 3505 1776 3550 cum
1802 3489 1911 3553 omni
1939 3489 2083 3558 honore
2106 3500 2139 3556 et

437 3585 677 3650 investitionem
699 3609 774 3652 cum
791 3587 1003 3654 sediminibus
1027 3611 1102 3654 cum
1124 3590 1225 3674 pratis
1248 3589 1352 3653 vineis
1376 3587 1465 3652 silvis
1488 3586 1687 3672 ingressibus
1710 3597 1745 3650 et
1770 3590 1996 3672 egressibus
2023 3597 2139 3659 omnia
2156 3609 2186 3656 so

436 3690 469 3752 ln
498 3691 669 3774 integrum.
714 3706 870 3770 specialiter
898 3713 986 3758 tannen
1015 3710 1166 3758 censuimus
1194 3715 1224 3757 ut
1252 3713 1350 3758 cortem
1372 3723 1424 3773 que
1447 3691 1648 3756 Zerenzlano
1677 3705 1779 3756 dicitur
1804 3713 1897 3759 eum
1926 3697 2009 3761 suis
2035 3698 2137 3782 perti·

437 3794 555 3858 nentiis
628 3804 642 3833 ¹¹
664 3806 696 3860 et
710 3797 744 3860 in
759 3795 874 3861 eodem
891 3797 1175 3882 archiepiscopatu
1191 3796 1427 3861 Mediolanensi
1451 3794 1680 3860 confirmamus
1703 3794 1737 3856 in
1764 3795 1944 3862 omnibus
1972 3798 2068 3864 locis
2093 3799 2137 3863 ad

437 3895 574 3962 eundem
598 3901 829 3965 monasterium
859 3901 1104 3986 pertinentibus.
1149 3915 1296 3966 Statuimus
1324 3917 1432 3981 insuper
1458 3921 1484 3965 et
1511 3914 1596 3964 modis
1618 3913 1741 3963 omnibus
1773 3917 1968 3982 precipimus
1995 3925 2025 3970 et
2057 3921 2136 3970 iuxta

436 4020 585 4066 nostrorum
608 4025 803 4068 antecessorum
826 4021 1009 4070 auctoritatem
1033 4021 1167 4084 edicimus,
1195 4027 1225 4071 ut
1247 4021 1337 4072 nullus
1359 4021 1574 4086 archiepiscopus
1597 4022 1738 4084 episcopus
1763 4022 1901 4074 marchio
1930 4041 2037 4078 comes
2062 4029 2134 4078 vice·

436 4121 558 4170 dominus
585 4107 766 4189 gastaldius
797 4107 941 4172 decanus
970 4140 1017 4174 seu
1046 4124 1136 4190 aliqua
1163 4139 1259 4191 nragna
1281 4124 1322 4175 vel
1346 4139 1429 4189 parva
1451 4117 1538 4174 totis⁰
1566 4125 1648 4174 nostri
1671 4124 1747 4190 regni
1771 4140 1906 4189 persona
1933 4132 1967 4179 in
1995 4133 2132 4196 predictis
2150 4125 2180 4174 3⁵

435 4225 646 4287 possessionibus
669 4225 753 4276 eidem
776 4227 878 4291 prefato
901 4227 960 4277 loco
984 4229 1177 4292 pertinentibus
1200 4229 1327 4292 placitum
1349 4235 1439 4279 tenere
1462 4228 1503 4278 vel
1528 4228 1675 4278 districtum
1698 4227 1789 4278 facere
1823 4230 1891 4281 sive
1924 4217 2055 4284 for-urus
2085 4241 2132 4284 ant

435 4327 550 4392 aliquam
566 4329 701 4393 publicam
716 4330 878 4380 functionem
901 4331 935 4380 ad
958 4331 1168 4396 supradictorum
1192 4332 1310 4383 locorum
1333 4331 1527 4382 habitatoribus
1542 4349 1558 4379 s
1574 4330 1690 4395 aliquam
1707 4329 1873 4382 molestiam
1895 4329 1945 4382 Η
1964 4337 2015 4388 vel
2033 4338 2130 4388 tollere

435 4436 569 4494 presumat
584 4415 709 4501 aliquit.
748 4431 775 4481 Si
798 4434 857 4497 quis
881 4449 943 4484 vero
967 4435 1083 4500 aliquam
1105 4434 1239 4501 querelam
1262 4429 1365 4500 superq
1387 4435 1502 4499 aliquem
1525 4449 1615 4485 eorum
1637 4433 1725 4494 habet,
1750 4449 1807 4484 non
1834 4451 1891 4500 per
1917 4455 1953 4490 se
1981 4441 2130 4492 vindicare

436 4541 482 4584 esst
505 4533 589 4600 legem
612 4537 744 4600 requirere
767 4538 818 4586 nisi
840 4553 887 4602 per
908 4554 958 4588 nos
981 4545 1028 4589 aut
1050 4541 1173 4592 abbatem
1195 4547 1330 4605 presumat
1352 4540 1394 4590 vel
1417 4555 1464 4604 per
1486 4543 1604 4588 nostrum
1627 4543 1673 4586 ant
1695 4535 1805 4586 abbatis
1831 4541 1973 4593 missum.
2022 4527 2131 4594 ilanc'

436 4640 516 4703 igitur
539 4640 696 4690 auctoritate
719 4640 838 4704 predicta
859 4642 919 4691 loca
941 4648 967 4692 et
989 4648 1075 4692 cortes
1098 4659 1158 4692 cum
1186 4644 1308 4693 omnibus
1335 4644 1415 4693 rebus
1443 4641 1587 4691 mobilibus
1615 4644 1641 4690 et
1667 4636 1879 4690 inmobilibusr
1909 4646 1945 4694 in
1980 4647 2124 4713 integrum
2143 4642 2174 4689 ⁴0

436 4743 629 4805 pertinentibus
651 4759 667 4790 s
690 4757 749 4792 cum
773 4743 834 4792 liliis
857 4749 883 4794 et
905 4743 1011 4794 filiabus
1034 4751 1061 4795 et
1083 4746 1232 4809 heredibus,
1258 4751 1288 4796 ut
1309 4747 1349 4796 ibi
1370 4751 1488 4811 tempore
1511 4751 1641 4810 oportuno
1665 4745 1716 4808 ipsi
1739 4749 1767 4794 et
1789 4749 1904 4809 posteri
1933 4765 2039 4801 eornm
2064 4769 2124 4816 per·

435 4844 576 4908 petualit-er
603 4845 765 4910 deserviant,
795 4853 821 4898 et
849 4843 969 4897 vvadat⁸
997 4849 1031 4898 ad
1058 4849 1215 4914 piscandum
1242 4852 1270 4898 in
1298 4850 1391 4899 Ticino
1415 4855 1441 4899 et
1463 4850 1491 4898 iu
1513 4851 1570 4898 rivo
1593 4848 1701 4910 Poloni,
1727 4847 1861 4900 Morasca
1886 4867 1945 4902 seu
1972 4839 2123 4904 vvadum‘

435 4950 480 5014 qui
498 4948 595 4999 dicitur
610 4949 776 5012 Laudemari,
800 4955 898 5001 costam
915 4951 1079 5002 Teucredum
1103 4959 1129 5002 et
1144 4951 1339 5003 Sextemascum
1364 4969 1423 5002 cum
1445 4951 1492 5002 illo
1516 4953 1602 5002 medio
1625 4951 1695 5016 quod
1718 4949 1823 5015 aSepe
1850 4953 1965 5006 dicitur
1991 4965 2020 5008 et
2044 4959 2121 5024 qnod

435 5052 530 5102 Onella
552 5053 662 5116 dicitur,
686 5055 764 5104 etiarn
787 5054 874 5104 vvada
895 5071 946 5120 que
969 5061 1031 5106 sunt
1052 5057 1080 5106 in
1103 5055 1191 5119 Pado,
1219 5057 1345 5106 habentia
1367 5058 1480 5121 priorem
1503 5057 1644 5106 terminum
1666 5070 1682 5105 a
1703 5054 1763 5104 loco
1787 5057 1838 5121 qui
1865 5057 1980 5110 dicitnr
2005 5062 2119 5127 Popula

521 5259 580 5313 lsi.
607 5261 663 5324 l)A
731 5264 835 5328 g2)corr
848 5280 896 5314 aas
913 5267 989 5314 urreis
1059 5265 1086 5329 h)
1104 5264 1207 5314 actiter
1218 5263 1265 5314 der
1273 5263 1351 5330 Zeila,
1365 5264 1491 5315 scaldem
1504 5263 1553 5314 dar
1566 5262 1749 5328 urspriiuplich
1764 5261 1825 5312 tter
1839 5265 2029 5320 credemus
2040 5271 2164 5324 Pon

604 5329 706 5381 ticellos
730 5331 953 5396 durchpertrichm
976 5332 1080 5383 worden
1103 5349 1159 5383 war
1269 5335 1289 5394 i)
1309 5335 1337 5383 ui
1357 5350 1423 5384 corr.
1448 5349 1495 5382 aar
1517 5351 1534 5384 x
1647 5333 1700 5397 k)i
1723 5331 1787 5382 uter
1810 5332 1862 5384 dar
1886 5335 1971 5387 Zeila
1997 5338 2116 5404 nordpe-

602 5405 692 5463 tropen
790 5401 809 5463 l)
828 5399 1086 5466 Schlimmhemaaay
1104 5419 1151 5451 aas
1169 5409 1244 5467 patro
1349 5401 1575 5462 minitaretur
1592 5400 1661 5452 Zstle
1678 5399 1873 5485 accipetroyen
1995 5410 2027 5472 n)
2048 5425 2073 5459 e
2093 5426 2114 5459 s.

603 5483 629 5533 p.
654 5467 707 5531 cof
718 5467 807 5520 saeue
825 5486 868 5519 om
885 5469 961 5521 Ενιᾶι
983 5471 1030 5522 der
1053 5473 1094 5521 18.
1114 5469 1288 5534 Schrifizes'ls,
1317 5469 1389 5521 dorm
1410 5471 1477 5521 noch
1500 5477 1565 5522 droa
1589 5473 1625 5520 26
1643 5469 1807 5521 Bachrtcbca
1835 5473 1873 5520 im
1899 5473 2040 5542 Eirrycnq
2064 5477 2114 5527 de

602 5535 723 5586 adelstan
740 5537 810 5588 Zeila
825 5538 914 5603 prtilqt
1001 5539 1143 5604 φησει
1168 5542 1249 5590 totins
1335 5542 1363 5606 p)
1383 5542 1532 5592 molestiam
1555 5541 1678 5606 deinceps
1702 5539 1800 5590 inferre
1825 5539 1883 5593 VU.
1987 5549 2018 5611 q)
2039 5563 2110 5596 eon.

603 5620 650 5653 aar
667 5621 747 5670 supra
838 5609 859 5671 r)
876 5609 1039 5674 predicta-
1007 5609 1223 5660 i-nmobilibns
1241 5608 1295 5672 orqf
1305 5607 1393 5660 Rarus
1485 5611 1508 5674 s)
1525 5607 1547 5660 A
1565 5614 1626 5659 esest
1643 5608 1713 5658 vada
1803 5611 1945 5672 prvatus
1965 5613 2040 5665 ohne
2058 5614 2110 5666 Aa
2128 5617 2160 5666 ⁶0

604 5671 836 5738 limapracichea.
