4538 6436
421 397 484 463 452
1017 403 1468 462 KAISERURKUNDEN.

422 589 609 655 ammodum
638 611 658 653 a
687 589 820 653 summis
851 585 1060 673 pontificibus
1089 608 1148 672 per
1177 584 1358 671 apostolice
1388 584 1608 671 preceptionis
1639 585 1778 670 paginas
1810 604 2017 648 concessum
2051 589 2084 645 et

420 692 571 777 largitum
602 701 650 757 cst
679 690 783 757 eidem
815 699 929 756 sancto
959 689 1051 773 loco,
1085 699 1118 754 et
1140 691 1251 755 omnia
1279 688 1354 754 loca
1378 711 1555 776 omnesque
1577 711 1629 754 res
1654 711 1715 774 que
1738 688 1771 752 in
1795 688 1885 752 omni
1909 686 2082 751 territorio

420 798 454 859 in
469 794 582 860 eodem
597 794 671 859 loco
688 815 848 858 concessa
864 801 939 858 sunt
958 803 989 857 et
1011 801 1131 879 quante
1155 794 1295 857 attinent
1317 794 1406 856 circa
1429 802 1462 857 et
1483 793 1568 857 infra
1591 791 1769 858 Sublacum
1792 793 1854 855 iuri
1880 790 2056 876 pretaxati
2069 799 2083 826 ¹¹

421 901 525 964 sancti
548 898 718 964 Benedicti
741 898 929 962 monasterii
953 905 1129 982 sancteque
1153 894 1333 960 Scolastice
1356 897 1425 960 sive
1447 918 1506 982 per
1530 895 1722 960 divisionem
1751 896 1819 960 sive
1843 895 2081 958 commutatio·

420 1011 520 1069 ιιειιι0
549 1003 617 1066 sive
649 1022 853 1088 quocumque
881 999 1106 1083 acquisitionis
1135 997 1233 1063 modo
1246 1009 1268 1081 ¹³,
1302 998 1367 1063 hoc
1400 1010 1451 1065 est
1485 1003 1554 1066 sive
1587 1024 1645 1087 per
1674 1003 1871 1086 scripturam
1904 1000 1977 1062 sive
2009 999 2115 1062 sinas

421 1111 601 1194 scriptura,
635 1129 710 1170 cum
732 1103 898 1168 montibus
922 1099 1061 1168 collibus
1086 1101 1176 1167 silvis
1199 1105 1324 1188 campis
1348 1104 1449 1188 pratis
1471 1106 1551 1170 rivis
1574 1106 1706 1190 pascuis
1729 1103 1867 1169 edificiis
1897 1101 2083 1188 locisqueq

423 1209 572 1276 omnibus
595 1209 691 1273 cultis
714 1218 747 1272 et
769 1207 916 1288 incultis,
948 1205 983 1270 id
1013 1215 1084 1272 estr
1110 1206 1218 1272 casale
1242 1206 1330 1292 quod
1352 1217 1490 1272 vocatur
1511 1230 1665 1294 campum
1687 1208 1728 1274 de
1750 1207 1831 1273 Iano
1856 1215 1889 1272 et
1913 1203 2083 1270 Cantora·

420 1337 514 1396 num,
543 1313 758 1379 Seminarium
782 1321 879 1397 atque
903 1310 1030 1396 Agusta
1052 1333 1126 1376 cum
1148 1313 1294 1376 terminis
1318 1321 1349 1376 et
1371 1310 1526 1378 limitibus
1549 1335 1662 1378 eorum
1684 1315 1717 1378 in
1739 1313 1922 1397 integrum,
1955 1307 2083 1374 Cerna-

419 1421 502 1483 riam
525 1439 654 1503 qnoque
677 1438 719 1480 ex
742 1424 822 1480 toto.
867 1413 990 1479 Omnes
1013 1415 1110 1479 etiam
1134 1436 1186 1479 res
1209 1435 1290 1500 quas
1314 1415 1347 1477 in
1369 1415 1507 1480 Reatino
1531 1415 1691 1480 territorio
1715 1425 1822 1478 tenere
1847 1424 1880 1478 et
1903 1411 2083 1498 possidere
2241 1499 2242 1502 Ἴ

420 1521 531 1605 debet,
554 1521 617 1586 hoc
640 1529 690 1585 est
712 1521 745 1583 in
768 1518 854 1583 valle
878 1540 940 1603 qne
964 1517 1082 1582 dicitur
1104 1518 1189 1583 Tore
1212 1518 1386 1602 ecclesiam
1409 1529 1521 1603 sancte
1544 1517 1719 1584 Anatholic
1742 1540 1841 1605 quam
1866 1515 1996 1580 detinet
2021 1538 2082 1600 per
2102 1525 2133 1573 10
2241 1507 2242 1526 l

419 1627 666 1690 concessionem
690 1624 818 1688 Reatini
844 1623 1001 1707 episcopii
1025 1621 1240 1706 adscriptam3
1263 1623 1396 1709 insuper
1419 1645 1621 1708 quecumque
1644 1622 1749 1687 eidem
1771 1624 1859 1707 ipsi·
1884 1642 1986 1684 sacro
2010 1641 2082 1684 mo·

419 1731 561 1794 nasterio
585 1729 683 1812 Hugo
708 1736 740 1792 et
762 1724 922 1791 Lothario
946 1747 1039 1809 reges
1062 1736 1310 1809 concesserunt,
1334 1726 1458 1793 scilicet
1480 1737 1604 1792 cortem
1627 1727 1703 1793 Sale
1725 1736 1758 1790 et
1780 1724 1912 1790 Oarsoli
1937 1726 1973 1789 in
1999 1725 2084 1788 inte·

419 1856 514 1917 grum
547 1854 622 1896 cum
658 1829 809 1894 omnibns
844 1828 906 1893 sibi
939 1829 1060 1916 ubique
1093 1830 1319 1895 adiacentibus
1353 1832 1566 1917 pertinentiis.
1612 1829 1767 1896 Similiter
1795 1839 1919 1896 cuncta
1950 1852 2019 1916 quq
2050 1830 2083 1892 in

419 1936 547 2002 Uiculis
570 1944 602 1999 et
623 1936 657 1998 in
680 1934 818 1998 Reatino
843 1931 1039 1998 Sauinensit
1067 1943 1099 1999 et
1126 1935 1160 1998 in
1183 1936 1270 1998 omni
1293 1935 1480 2000 Marsicano
1509 1936 1697 2000 territoriou
1726 1957 1783 2020 per
1812 1933 2085 2020 quodcumqne'

418 2039 552 2105 modum
575 2039 736 2123 acquisita
760 2038 833 2119 sint,
857 2036 1046 2122 plenissime
1067 2038 1271 2122 roboramus,
1294 2041 1442 2124 inprimis
1466 2041 1570 2104 sancti
1593 2037 1712 2123 Angeli
1734 2039 1979 2102 monasterium
2003 2060 2084 2101 cum
2106 2052 2135 2098 15

419 2146 486 2208 suis
508 2144 543 2206 in
565 2144 725 2224 integrum
749 2141 961 2224 pertinentiis,
984 2163 1036 2205 res
1060 2164 1189 2228 quoque
1211 2143 1350 2207 Iohanni
1373 2141 1542 2228 presbiteri
1565 2152 1597 2208 et
1618 2141 1791 2207 vicendam
1813 2163 1917 2206 unam
1942 2142 1979 2204 in
2001 2138 2084 2204 Fili-

418 2249 506 2312 mina
525 2268 599 2310 cnm
615 2244 733 2310 Ursulo
757 2246 920 2330 piscatore
943 2252 976 2309 et
998 2244 1070 2309 aliis
1094 2247 1206 2329 servis,
1230 2268 1305 2311 cnm
1327 2247 1402 2312 filiis
1426 2257 1457 2312 et
1478 2246 1609 2312 filiabus
1633 2269 1744 2313 eorum
1767 2255 1866 2331 atquc
1890 2244 1998 2309 rebus
2025 2266 2086 2308 scu

418 2349 683 2437 possessionibus
706 2372 828 2432 eorum,
852 2351 936 2414 sicut
957 2371 1016 2435 per
1037 2349 1185 2415 chartam
1208 2350 1371 2434 delegavit
1393 2360 1425 2415 et
1447 2350 1581 2416 tradidit
1603 2352 1714 2436 Burgo
1740 2351 1920 2434 magnifico
1946 2352 2025 2413 viro
2051 2350 2087 2413 in

419 2454 608 2539 supradicto
632 2455 840 2536 monasterio,
863 2461 950 2517 terra
973 2463 1082 2519 autem
1105 2453 1148 2517 ad
1171 2463 1300 2520 centum
1323 2455 1434 2520 modia
1450 2457 1482 2520 in
1497 2456 1698 2520 Trasaccum
1717 2453 1803 2541 quod
1826 2463 1879 2517 est
1902 2452 2085 2537 gualdum,

419 2558 497 2623 data
520 2559 587 2624 ad'
615 2559 680 2622 iam
711 2557 797 2622 dicto
821 2558 990 2640 Burgone,
1019 2559 1091 2644 pari
1114 2559 1211 2624 modo
1236 2559 1351 2649 cellam
1374 2563 1408 2624 in
1431 2561 1531 2626 Marsi
1555 2583 1618 2646 que
1640 2567 1848 2644 nuncupatur
1871 2558 1988 2621 sancti
2015 2556 2083 2620 Eu·
2104 2569 2137 2616 ιο

417 2663 501 2746 ficii,
537 2671 635 2748 atque
658 2660 758 2726 aliam
781 2660 899 2725 cellam
921 2661 1099 2727 inhonore
1127 2666 1231 2728 sancti
1255 2664 1424 2730 Benedicti
1449 2673 1481 2728 et
1504 2665 1606 2728 sancti
1631 2661 1749 2726 Felicis
1773 2675 1921 2747 quam‘a
1946 2662 2087 2724 noviter

417 2766 605 2830 construxit
626 2763 804 2828 Palumbus
828 2765 989 2849 presbiter
1011 2774 1044 2830 et
1066 2765 1244 2830 monachus
1268 2766 1413 2832 eiusdem
1436 2768 1634 2850 monasterii,
1659 2787 1730 2831 cum
1756 2763 1911 2829 omuibus
1937 2763 1987 2828 ad
2013 2785 2087 2827 eas-

418 2869 491 2934 dem
514 2869 672 2954 qcclssias
694 2869 746 2934 vel
770 2878 860 2933 corte
884 2892 944 2934 sua
971 2872 1005 2935 in
1033 2871 1195 2956 integrum
1222 2870 1459 2957 pertinentibus
1487 2873 1520 2934 in
1549 2872 1699 2934 universo
1723 2869 1919 2933 Marsicano
1933 2876 1954 2903 '¹
1988 2869 2086 2932 terri-

417 2975 516 3056 torio,
550 2973 783 3038 monasterium
807 2975 890 3037 inter
913 2996 952 3037 ea
974 2995 1074 3038 unum
1097 2972 1257 3039 vocabulo
1282 2976 1388 3038 sancti
1410 2973 1582 3040 Michaelis
1605 2973 1793 3058 archangeli
1817 2971 1912 3059 quod
1935 2972 2086 3036 Barreia

416 3077 544 3160 dicitur,
568 3080 665 3142 situm
688 3078 722 3140 in
739 3076 858 3141 finibus
874 3078 1114 3144 Beneuentanis
1139 3101 1237 3164 supra
1258 3079 1379 3145 flumen
1402 3078 1575 3162 Sangrum,
1598 3078 1674 3142 licet
1688 3099 1709 3142 a
1724 3075 1902 3141 Saracenis
1923 3074 2085 3138 destruc·
2104 3089 2137 3137 25

414 3192 499 3265 tum,
529 3203 571 3245 ex
594 3183 737 3265 integro,
769 3190 877 3245 tamen
901 3182 986 3246 sicut
1008 3182 1080 3246 Elie
1104 3181 1216 3247 abbati
1239 3206 1297 3269 per
1318 3183 1539 3268 predictorum
1567 3191 1705 3267 regum¹
1733 3187 1892 3267 precepta
1916 3179 2086 3243 reconfir-

414 3294 504 3350 mata
525 3285 627 3350 fnisse
651 3284 838 3349 dinoscitur.
885 3285 967 3350 Item
991 3287 1023 3350 in
1046 3287 1207 3351 territorio
1230 3286 1401 3352 Tiburtino
1430 3309 1542 3351 massa
1570 3307 1632 3371 que
1661 3283 1847 3370 appellatur
1873 3282 2086 3366 Iubenqana

414 3389 449 3451 in
470 3389 648 3471 integrum,
684 3389 779 3452 sicuti
802 3410 860 3473 per
882 3387 1084 3474 pontificalia
1107 3400 1262 3475 precepta
1284 3391 1316 3454 in
1340 3389 1487 3456 eiusdem
1510 3398 1624 3454 sancto
1648 3388 1721 3454 loco
1745 3386 1868 3453 tradita
1893 3410 2085 3453 concessa-

416 3501 566 3578 quaest,
601 3514 675 3556 cum
706 3492 856 3557 omnibus
888 3492 1103 3578 apendieibus
1127 3495 1194 3557 suis
1218 3493 1313 3558 cultis
1337 3503 1368 3558 et
1390 3493 1523 3559 incultis
1546 3503 1676 3558 etcum
1697 3490 1817 3556 finibus
1840 3489 2086 3578 limitibusque

414 3597 498 3679 suis3
523 3595 670 3661 similiter
692 3605 796 3661 totum
819 3597 907 3683 quod
930 3596 1036 3661 eidem
1058 3599 1282 3662 monasterioy
1305 3600 1420 3663 attinet
1443 3597 1611 3663 definitum
1632 3620 1690 3682 per
1713 3594 1944 3660 chartularum
1971 3597 2084 3660 series
2105 3606 2139 3653 3⁰

414 3702 448 3765 in
476 3699 578 3764 locoz
607 3701 661 3785 qui
691 3710 830 3765 vocatur.
857 3701 951 3782 llice,
988 3701 1071 3764 sicut
1100 3710 1150 3765 est
1178 3722 1282 3787 usque
1311 3702 1354 3765 ad
1382 3701 1569 3766 columnam
1592 3724 1653 3788 quq
1676 3711 1742 3765 stat
1765 3708 1828 3764 su·
1855 3698 1956 3763 fonte
1986 3699 2086 3764 Ilicis

414 3807 507 3870 iuxta
528 3806 617 3868 viam
623 3853 632 3887 ‚
668 3803 785 3870 deinde
814 3806 848 3868 in
876 3813 1019 3869 montem
1049 3807 1104 3889 qui
1132 3815 1269 3869 vocatur
1291 3804 1475 3871 Uulturella
1503 3815 1535 3870 et
1563 3827 1666 3892 usque
1695 3812 1844 3868 sanctum
1873 3802 2024 3866 Petrum
2048 3804 2087 3867 in

414 3903 555 3990 Aspreto
578 3928 640 3970 nec
663 3929 729 3970 non
752 3929 855 3992 usque
877 3905 1089 3988 Flumicellu3
1111 3908 1189 3971 item
1212 3917 1355 3972 montem
1379 3910 1432 3993 qui
1456 3918 1593 3973 vocatur
1615 3906 1791 3972 Bubarano
1815 3927 1876 3969 seu
1900 3914 1936 3971 et
1961 3906 2086 3970 casale

414 4010 469 4094 qni
491 4020 629 4073 vocatur
651 4008 766 4092 Uallis‚
789 4010 822 4073 in
847 4033 910 4095 quo
935 4018 984 4073 est
1007 4008 1147 4093 ecclesia
1170 4012 1274 4074 sancti
1297 4011 1485 4094 Eleutherii‚
1509 4034 1584 4076 cum
1607 4010 1829 4076 determinatis
1850 4008 1985 4073 finibus
2011 4012 2086 4074 suis

411 4115 447 4176 in
465 4115 625 4197 integrum
641 4122 673 4177 et
688 4113 872 4197 Longarias
895 4135 968 4178 cum
992 4115 1085 4176 terris
1109 4135 1171 4198 qne
1193 4112 1345 4179 dicuntur
1370 4115 1526 4180 Pentome
1550 4115 1645 4179 cultis
1669 4123 1700 4178 et
1722 4112 1864 4194 incultis,
1899 4111 2083 4198 quomodo
2105 4125 2138 4172 35

413 4216 598 4282 extenditur
620 4239 723 4302 usquo
746 4217 779 4280 in
801 4216 881 4281 fines
898 4216 1083 4297 Merulane3
1105 4218 1182 4280 item
1199 4217 1406 4282 medietatem
1428 4218 1548 4284 casalis
1572 4220 1606 4283 in
1629 4239 1692 4303 quo
1717 4225 1767 4280 est
1789 4215 1939 4299 ecclesia
1967 4221 2085 4282 sancti

412 4318 529 4383 Panfili
554 4341 615 4405 quq
639 4318 757 4383 dieitur
778 4319 935 4384 lohannis
958 4316 1145 4403 presbiteri,
1177 4328 1210 4382 et
1232 4318 1312 4384 alibi
1334 4320 1542 4387 medietatem
1566 4320 1686 4385 casalis
1710 4322 1764 4405 qui
1787 4321 1990 4386 nominatur
2014 4321 2085 4386 Ro·

412 4423 501 4486 mani
524 4424 657 4487 minoris
680 4430 712 4486 et
735 4421 872 4485 alteram
895 4423 964 4486 eius
987 4420 1195 4486 medietatem
1218 4445 1315 4509 quam
1337 4427 1442 4489 tenuit
1471 4425 1636 4512 quondam
1660 4422 1793 4488 Caloleo
1823 4433 1856 4487 et
1884 4424 1966 4508 ipse
1999 4447 2084 4490 con·

412 4524 614 4592 cambiavitb
633 4528 702 4591 sive
717 4525 930 4589 commutavit
946 4546 1020 4589 cum
1036 4524 1232 4609 quibusdam
1246 4528 1443 4610 Tiburtinis3
1460 4531 1539 4594 item
1555 4528 1698 4593 casalem
1714 4529 1767 4613 qui
1785 4526 1909 4591 dicitur
1925 4528 2085 4594 Romani

411 4631 544 4694 maioris
566 4630 599 4693 in
622 4629 782 4711 integrum
805 4635 837 4690 et
859 4627 981 4691 formas
1003 4636 1170 4693 terraneas
1194 4638 1275 4713 tres,
1309 4630 1419 4694 casale
1442 4634 1498 4718 qui
1519 4630 1704 4717 appellatur
1726 4629 1898 4715 Apollonii
1931 4633 1969 4696 in
1995 4635 2084 4698 inte
2104 4644 2140 4691 40

410 4756 504 4819 grum
527 4742 625 4818 atque
649 4731 758 4795 casale
782 4733 887 4795 sancti
903 4731 1067 4796 Uincentii
1092 4753 1166 4797 cum
1188 4735 1348 4798 universis
1369 4733 1430 4798 sibi
1446 4757 1489 4798 ex
1504 4737 1629 4818 integro
1647 4733 1886 4819 pertinentibus
1904 4743 1940 4799 et
1958 4736 2082 4800 casale

411 4838 465 4923 qui
480 4847 619 4901 vocatur
635 4837 738 4898 sancti
756 4833 878 4914 Quirici
900 4857 942 4898 ex
964 4843 1033 4899 toto
1057 4844 1090 4900 et
1112 4857 1170 4921 per
1192 4845 1306 4920 totum,
1331 4837 1415 4901 sicut
1437 4860 1495 4922 per
1517 4836 1759 4922 pontificalibus
1782 4838 1956 4922 preceptis
1984 4840 2083 4906 aliis·

411 4963 473 5028 que
502 4936 734 5004 moniminibus
764 4935 965 5003 declaratum
996 4937 1127 5022 abetur,
1162 4942 1302 5026 itemque
1334 4940 1541 5005 medietatem
1572 4940 1693 5005 casalis
1722 4941 1777 5025 qui
1807 4950 1958 5006 vocatur
1990 4943 2084 5030 Papi

411 5041 577 5107 monetula
599 5043 631 5104 in
655 5042 825 5124 integrum,
852 5042 936 5105 sicut
958 5041 1103 5126 prefatus
1128 5041 1260 5108 Oaloleo
1283 5065 1343 5129 pro
1367 5065 1426 5108 sua
1448 5046 1558 5108 anima
1580 5043 1743 5128 delegavit
1766 5065 1805 5108 ac
1830 5043 2021 5132 dereliquit
2045 5051 2083 5114 in

413 5146 543 5211 eidem*
566 5165 660 5210 sacro
684 5146 893 5227 monasterio,
918 5143 1065 5208 similiter
1087 5144 1272 5212 clausuram
1294 5169 1393 5211 unam
1416 5147 1456 5211 dc
1471 5149 1567 5212 vinea
1589 5150 1622 5212 in
1645 5170 1709 5235 qna
1731 5158 1781 5214 est
1795 5147 1945 5232 ecclesia
1964 5156 2086 5219 sancti
2105 5163 2140 5212 45

412 5248 598 5314 Sebastiani
621 5257 654 5311 et
677 5267 759 5333 quas
782 5246 891 5331 aliquo
914 5247 1012 5312 modo
1036 5246 1134 5312 abere
1156 5249 1285 5315 videtur
1305 5250 1340 5313 in
1362 5258 1431 5314 toto
1455 5249 1625 5316 Tiburtino
1653 5253 1832 5334 territorio3
1867 5253 1964 5318 intra
1996 5258 2085 5321 civi-

498 5418 556 5471 336.
583 5418 612 5482 ιι)
630 5416 784 5467 retaxatirl
886 5419 913 5480 o)
932 5419 1145 5470 communiterA
1247 5425 1275 5488 p)
1295 5420 1430 5472 modusA
1532 5421 1703 5489 q)nocisquo
1726 5422 1757 5486 A,
1781 5422 1831 5473 das
1854 5426 1908 5474 wir·
1934 5425 2033 5478 hiches-
2052 5431 2086 5479 in

584 5487 681 5536 citarem
698 5484 931 5551 Zsssammsuhaupc
947 5485 1013 5535 noch
1030 5486 1101 5536 nicht
1117 5488 1307 5540 mehanweiren
1323 5489 1482 5540 uermerium
1577 5493 1600 5552 r)
1618 5495 1681 5543 item
1698 5491 1722 5542 A
1820 5493 1844 5557 s)
1864 5495 1942 5544 idem
1964 5499 2037 5560 ipsis
2060 5495 2086 5548 A

585 5557 606 5614 t)
625 5551 814 5603 SauineusisA
912 5555 940 5618 u)
959 5554 1039 5604 lcerer
1056 5555 1141 5606 Reum
1152 5556 1202 5619 fiir
1219 5565 1283 5608 staro
1299 5558 1381 5621 acels
1393 5557 1568 5622 Βιιελείαόεη,
1587 5559 1684 5626 Jedoch
1702 5577 1744 5610 am
1761 5560 1838 5610 miae
1856 5561 1908 5612 des·
1925 5563 2022 5627 Zeila,
2053 5583 2086 5616 so

587 5622 649 5671 dou
660 5620 765 5683 Amsall
776 5637 824 5672 oca
839 5621 941 5672 Wortsn
952 5622 1070 5687 froylick
1088 5626 1121 5673 ὼε
1207 5631 1233 5690 v)
1253 5627 1275 5677 A
1361 5628 1396 5688 w)
1414 5629 1559 5679 Marticano
1577 5628 1601 5678 Δ
1686 5631 1712 5692 κ)
1731 5630 1839 5695 regibus
1853 5630 1877 5680 A
1973 5636 2004 5700 y)
2023 5651 2086 5687 mo·
2106 5634 2143 5684 50

584 5692 728 5740 casterium
746 5688 769 5740 A
872 5691 895 5754 a)
912 5691 992 5740 illoco
1011 5689 1034 5740 A
1132 5694 1158 5754 a)
1177 5692 1200 5743 A
1302 5697 1330 5758 b)
1350 5697 1531 5748 concambiavi
1548 5695 1580 5748 A.
