4576 6428
899 407 1025 464 ΟΤΤΟ
1047 408 1071 464 1.
1095 403 1167 463 967.
1794 401 1856 468 451

309 593 382 667 Rep.
405 591 425 667 †
446 589 552 669 2678),
577 589 699 650 Joharm
714 599 749 650 Χ.
765 607 820 650 uon
836 593 899 652 926
914 589 1009 668 (Jafft
1024 591 1096 665 Rea.
1114 589 1223 669 3569),
1246 590 1308 650 Leo
1326 599 1387 653 VII.
1403 609 1460 651 ooo
1475 595 1538 653 936
1553 591 1648 670 (Juffe'
1659 593 1733 668 Rea.
1746 593 1856 672 3597),

311 697 434 758 Johoaa
452 703 519 756 XII.
542 711 598 754 von
621 696 684 755 958
706 691 802 774 (Jaffe
825 695 894 769 Rq.
919 694 1027 772 3684).
1063 695 1113 756 Sic
1142 694 1212 753 stad
1240 695 1401 769 ollerdr‘ape
1421 697 1502 754 nicht
1524 699 1598 756 elwa
1618 714 1675 755 oon
1697 697 1763 756 dem
1785 698 1857 758 Dio·

309 805 389 860 tator
410 802 530 860 deamat
552 798 678 870 worden,
703 801 774 860 aber
794 801 838 859 sic
858 799 964 859 eolrlea
985 817 1056 859 eum
1075 816 1199 873 pressea
1217 799 1315 858 Thecla
1338 799 1482 858 disselbea
1497 800 1699 874 Besiteunpea
1720 800 1785 874 auf
1803 804 1858 862 soie

307 903 374 964 ΒΟ.
391 907 463 974 336,
495 920 528 962 so
550 903 620 963 dass
643 903 691 962 die
713 905 747 962 in
768 903 859 964 iliaco
881 902 1090 976 therlicfertea
1116 903 1294 964 Ortsaomen
1317 901 1373 975 fur
1393 903 1584 977 Heratelluup
1606 906 1856 966 haereremus

308 1009 525 1082 hermrperopeo
547 1005 663 1066 werdere
685 1007 821 1067 horolen.
868 1009 908 1066 It.
932 1007 972 1067 D.
996 1007 1099 1066 warde
1120 1007 1254 1079 efferebar
1274 1024 1330 1066 eon
1354 1006 1431 1067 Seite
1453 1007 1503 1066 des
1524 1007 1659 1067 Klostere
1682 1009 1730 1068 cio
1748 1008 1857 1070 Ghtcr·

310 1113 504 1172 vereachaiss
525 1129 584 1170 eser
603 1109 777 1186 Verfilpuop
796 1112 918 1186 pastelli,
942 1114 975 1170 ia
998 1111 1131 1171 roelchem
1155 1111 1202 1170 die
1220 1110 1422 1184 Barathron
1443 1111 1519 1169 auch
1541 1110 1593 1170 der
1612 1113 1857 1185 propraphischeu

306 1216 389 1290 Lapa
402 1215 542 1289 peorolaet
558 1216 726 1275 erechcinea
742 1214 808 1294 (apl.
824 1215 927 1274 Mittis.
944 1215 994 1274 des
1010 1219 1112 1274 heterr.
1130 1216 1281 1286 restitues,
1306 1215 1588 1288 Erpdaawnpsbaad
1604 1220 1633 1287 1,
1651 1214 1734 1294 155).
1760 1216 1855 1277 Schera
1969 1203 1972 1210 ’

309 1319 388 1378 diosc
407 1318 529 1392 Vorlope
550 1336 619 1392 mop
640 1320 695 1377 mit
716 1319 774 1378 ders
794 1320 979 1380 eohlreichea
1001 1317 1213 1378 Italianismen
1235 1317 1365 1391 bchoftet
1384 1335 1514 1392 pewesen
1536 1320 1600 1378 scia
1614 1319 1718 1378 welche
1733 1318 1788 1392 fur
1803 1319 1857 1380 das

311 1422 448 1496 Ονιθιὶνιαῑ
469 1423 673 1482 aneunehmen
694 1423 764 1482 sind
785 1423 850 1483 smd
872 1423 990 1483 desholh
1013 1424 1089 1482 auch
1111 1425 1154 1481 lm
1175 1423 1295 1484 Drucke
1318 1423 1537 1482 beirubehaltea
1558 1440 1667 1482 waren.
1702 1423 1805 1482 Nehea
1827 1419 1857 1480 A

307 1543 371 1584 war
392 1525 441 1584 die
462 1543 519 1585 aas
540 1525 603 1584 ihm
624 1526 789 1599 obpelcitete
810 1527 873 1586 sord
895 1544 952 1586 voa
973 1526 1102 1586 Fchlcra
1122 1527 1288 1586 stroteeade
1310 1525 1466 1599 Abschrift
1487 1528 1530 1585 im
1550 1523 1618 1586 Ood.
1635 1527 1770 1600 Reginae
1792 1529 1857 1586 378

311 1628 335 1702 f.
357 1633 416 1690 131
441 1629 494 1688 der
516 1629 738 1690 Vaticanischea
759 1630 928 1690 Bibliothele
949 1631 1029 1690 nicht
1050 1648 1092 1689 zu
1114 1631 1372 1704 haeresiotam.

412 1865 452 1931 In
481 1867 611 1932 nomine
641 1875 754 1932 sancte
782 1875 815 1932 et
842 1867 1010 1934 individue
1038 1867 1194 1933 trinitatis
1224 1866 1350 1932 seilicet
1377 1867 1478 1952 patris
1502 1875 1534 1931 et
1556 1865 1614 1930 filii
1637 1876 1669 1932 et
1699 1871 1857 1954 spiritus*

205 1968 321 2034 sancti.
361 1966 439 2034 Otto
464 1969 575 2034 divina
598 1970 728 2035 favente
751 1969 925 2035 clementia
948 1972 1126 2055 imperator
1149 1981 1317 2054 augustus.
1406 1969 1441 2034 Si
1465 1991 1524 2054 pro
1544 1993 1654 2036 amore
1673 1973 1743 2037 eius
1763 1975 1856 2039 euius

205 2071 458 2157 dispensationis
480 2073 681 2158 benignitate
704 2076 821 2139 ceteris
843 2074 1036 2140 mortalibus
1056 2075 1190 2159 preferri
1207 2072 1365 2157 videmur,
1389 2073 1463 2139 loca
1486 2073 1597 2140 divino
1621 2075 1722 2141 cultui
1746 2077 1857 2142 dedita

156 2189 186 2236 15
204 2179 357 2262 congruis
382 2186 493 2243 nostre
522 2179 668 2244 tuitionis
699 2179 929 2244 munificentiis
958 2178 1002 2244 ad
1031 2177 1177 2243 divinum
1207 2178 1434 2264 exequendum
1463 2179 1631 2243 servitium
1660 2182 1855 2266 propensius

204 2279 446 2366 substollamus,
470 2280 585 2347 celitus
607 2284 734 2347 maiora
756 2283 1025 2347 remunerationis
1049 2284 1175 2368 premia
1198 2283 1353 2367 consequi
1377 2304 1444 2347 non
1467 2279 1666 2347 dubitamus.
1703 2281 1856 2348 Omnium

203 2383 302 2465 igitur
323 2382 468 2448 fidelium
491 2394 604 2469 sancte
633 2384 685 2450 dei
714 2384 852 2469 eeclesia
881 2407 921 2448 ac
950 2393 1137 2449 nostrorum
1165 2386 1364 2471 presentium
1394 2385 1519 2450 scilicet
1547 2393 1644 2470 atque
1672 2386 1855 2452 futurorum

203 2484 397 2552 industriam
419 2509 517 2554 nosse
540 2487 701 2571 volumus,
725 2487 814 2573 quod
830 2487 993 2574 Georgius
1011 2489 1062 2552 vir
1084 2487 1281 2553 venerabilis
1304 2499 1337 2554 et
1360 2511 1402 2554 ex
1426 2488 1607 2574 apostolice
1631 2489 1717 2555 sedis
1742 2513 1855 2556 secun-

206 2587 326 2654 dicerio
350 2589 521 2674 religiosus
544 2590 648 2655 abbas
672 2591 790 2677 prioris
813 2593 1003 2656 monasterii
1026 2591 1206 2656 beatissimi
1233 2594 1335 2677 patris
1358 2592 1528 2657 Benedicti
1552 2603 1584 2657 et
1606 2603 1719 2657 sancte
1742 2591 1854 2659 Scola-

153 2705 187 2752 ao
205 2694 286 2756 stioe
315 2694 436 2757 sororis
464 2696 533 2759 eius
564 2693 652 2779 quod
681 2692 800 2759 dicitur
826 2697 861 2761 in
890 2695 1084 2778 Sublacum,
1119 2697 1209 2760 venit
1236 2697 1270 2760 in
1299 2697 1458 2781 gremium
1488 2694 1626 2760 basilice
1654 2695 1742 2760 beati
1766 2696 1855 2762 Petri

205 2796 428 2882 apostolorum
451 2797 623 2883 principis,
647 2796 703 2862 ubi
726 2819 801 2862 eum
824 2797 945 2864 domno
968 2798 1114 2865 Iohanne
1137 2817 1211 2866 xm.
1241 2823 1329 2886 papa
1353 2811 1466 2886 sancte
1491 2801 1606 2866 sinodo
1629 2823 1688 2887 pro
1712 2801 1853 2867 utilitate

205 2902 350 2968 eiusdem
373 2901 510 2987 ecclesie
533 2912 566 2967 et
586 2902 821 2968 venerabilium
843 2902 991 2968 locorum
1015 2904 1179 2987 intererat,
1203 2902 1515 2968 circumsedentibus
1540 2897 1614 2967 cum
1634 2902 1854 2969 Rauennatel'

204 3005 451 3093 archiepiscopo
481 3015 574 3072 tumc
602 3006 749 3093 plurimis
777 3009 940 3094 episcopis
963 3030 1005 3072 ex
1027 3007 1176 3072 Romano
1200 3009 1361 3074 territorio
1386 3017 1483 3093 atque
1506 3006 1601 3072 Italia
1624 3017 1657 3072 et
1679 3007 1853 3074 ultramon-

202 3118 280 3176 tano
303 3131 403 3193 regno
425 3132 486 3176 neo
509 3132 575 3175 non
597 3119 747 3196 presente
770 3107 928 3197 Capuano
958 3112 1104 3197 principe
1135 3113 1189 3198 qui
1219 3123 1251 3177 et
1279 3111 1424 3177 marchio
1450 3109 1612 3176 Camerini
1635 3121 1668 3176 et
1690 3109 1852 3197 Spoletini

152 3229 184 3278 25
204 3213 353 3297 ducatus,
376 3223 475 3300 atque
498 3214 783 3280 circumstantibus
801 3214 971 3281 multisex
985 3216 1105 3280 nostris
1122 3237 1163 3279 ex
1180 3214 1309 3280 diverso
1331 3215 1443 3280 ordine
1460 3214 1623 3296 fidelibus,
1647 3225 1678 3280 et
1695 3219 1852 3282 osstensis

204 3317 315 3383 domni
339 3315 448 3383 Caroli
471 3317 674 3405 aliorumque
697 3327 910 3404 augustorum
934 3329 966 3384 et
987 3339 1100 3404 regum
1123 3320 1358 3406 principalibus
1382 3319 1668 3385 constitutionibus
1691 3320 1787 3385 factis
1809 3320 1852 3385 ad

204 3419 459 3488 stabilimentum
482 3422 768 3508 defensionemque
784 3423 834 3487 sui
849 3419 1019 3488 eiusdem‘¹
1039 3424 1229 3489 monasterii
1252 3446 1309 3488 seu
1332 3427 1475 3489 omnium
1490 3446 1597 3488 rerum
1614 3423 1675 3488 sibi
1691 3425 1852 3509 pertinen-

203 3525 293 3609 tium,
317 3523 496 3611 postulavit
518 3536 664 3591 nostram
687 3524 892 3592 clementiam
914 3537 950 3592 ut
971 3548 1033 3592 nos
1057 3547 1185 3614 quoque
1205 3527 1300 3592 simili
1317 3527 1416 3593 modo
1431 3536 1541 3592 nostre
1557 3526 1734 3611 imperialis
1750 3529 1853 3592 muni·

202 3629 300 3695 tionis
322 3631 509 3696 firmitatem
532 3653 629 3716 super
652 3631 790 3697 eundem
814 3641 962 3697 sanctum
985 3633 1095 3698 locum
1118 3641 1151 3698 et
1172 3633 1334 3697 universis
1359 3632 1425 3695 suis
1448 3630 1651 3716 pertinentiis
1672 3629 1713 3694 de
1734 3629 1852 3716 quibus

151 3749 184 3798 30
203 3733 280 3800 olim
302 3736 541 3800 instrumenta⁰
565 3757 639 3800 cum
661 3735 733 3820 ipso
757 3734 895 3801 cenobio
918 3737 1002 3820 ignis
1027 3739 1222 3820 consumsit,
1245 3735 1315 3800 fieri
1339 3734 1534 3799 iuberemus.
1574 3729 1675 3798 Cuius
1699 3733 1851 3820 precibus

202 3848 336 3924 propter
357 3861 469 3904 amore
492 3839 723 3924 omnipotentis
740 3837 792 3903 dei
808 3848 841 3904 et
856 3842 960 3905 sancti
977 3863 1016 3905 ac
1033 3842 1179 3926 precipui
1195 3841 1298 3925 patris
1314 3838 1485 3904 Benedicti
1500 3848 1532 3903 et
1547 3859 1606 3924 pro
1626 3836 1851 3923 redemptione

201 3952 311 4006 nostre
339 3943 446 4007 anime
475 3951 508 4006 et
535 3940 637 4027 prolis
666 3950 777 4007 nostre
813 3941 941 4009 salutef
968 3953 1001 4008 et
1027 3944 1250 4009 incolomitate
1280 3943 1494 4008 libentissime
1524 3951 1731 4008 annuentesss
1764 3942 1849 4007 hano

111 4079 113 4084 a
201 4055 311 4110 nostre
340 4047 543 4110 auctoritatis
573 4047 816 4131 preceptionem
843 4047 912 4112 fieri
941 4047 1144 4112 decrevimus
1168 4070 1347 4134 perquam
1371 4048 1480 4113 omnia
1503 4069 1566 4134 que
1589 4047 1632 4112 ad
1654 4045 1734 4112 illud
1758 4067 1850 4111 sanc·

201 4159 271 4215 tum
293 4149 465 4215 cenobium
489 4173 532 4214 ex
553 4160 699 4234 tempore
722 4153 973 4215 constructionis
998 4173 1055 4215 sue
1079 4153 1183 4236 primo
1213 4153 1375 4236 pertinent
1403 4173 1507 4240 usque
1535 4152 1569 4215 in
1597 4172 1732 4237 presens
1760 4147 1851 4214 hac¹²

30 4251 35 4262 ’
151 4274 184 4322 eo
204 4254 358 4339 deinceps
381 4255 415 4317 in
437 4253 582 4318 futurum
605 4250 717 4318 addita
740 4255 878 4337 fuerunt,
903 4253 1132 4319 confirmamus
1156 4263 1188 4318 et
1210 4254 1461 4320 corroboramus
1483 4256 1676 4320 nominatim
1700 4264 1732 4319 et
1753 4275 1849 4338 gene·

201 4357 323 4422 raliter.
359 4355 400 4421 Id
422 4365 472 4421 est
494 4356 604 4422 casale
626 4358 660 4421 in
682 4379 746 4442 quo
769 4357 857 4421 idem
879 4359 1112 4423 monasterium
1135 4368 1185 4423 est
1207 4359 1404 4423 collocatum
1427 4367 1459 4422 et
1482 4380 1582 4443 specu
1605 4357 1660 4422 ubi
1683 4360 1754 4444 ipse
1777 4358 1849 4423 reli·

201 4461 405 4546 giosissimus
428 4467 522 4546 pater
544 4459 722 4524 solitariam
746 4459 841 4526 duxit
862 4461 963 4525 vitam
988 4483 1062 4526 eum
1089 4460 1216 4527 lacibus
1246 4461 1374 4527 duobus
1404 4484 1581 4546 eorumque
1610 4461 1743 4526 flumine
1775 4460 1850 4547 quii

202 4564 390 4632 extenditur
412 4566 481 4631 eius
505 4585 619 4629 cursus
642 4585 700 4649 per
723 4563 952 4629 latitudinem¹¹
974 4574 1007 4628 et
1029 4564 1264 4649 longitudinem
1281 4587 1385 4650 usque
1403 4562 1523 4630 locush
1546 4566 1601 4649 qui
1618 4563 1736 4629 dicitur
1751 4563 1851 4629 Semi·

201 4671 338 4753 narium,
362 4691 436 4736 cum
458 4669 618 4733 universis
641 4667 814 4753 aquimolis
837 4668 892 4753 qui
914 4665 959 4730 ibi
984 4677 1061 4732 sunt
1083 4676 1115 4731 et
1136 4669 1269 4732 inantea
1291 4667 1361 4732 fieri
1380 4676 1527 4753 possunt,
1551 4688 1625 4731 eum
1650 4669 1730 4752 ripis
1758 4666 1850 4731 undi-

151 4793 184 4841 40
203 4797 264 4859 que
291 4773 532 4860 circumpositis
562 4781 594 4838 et
624 4771 786 4858 piscariis,
821 4773 855 4835 in
884 4769 1001 4856 quibus
1032 4771 1204 4856 aquimolis
1233 4779 1266 4835 et
1294 4772 1444 4856 piscariis
1472 4769 1562 4835 nullo
1592 4769 1689 4835 modo
1714 4769 1851 4856 quilibet

203 4876 323 4942 audeat
351 4878 473 4943 molam
500 4876 610 4942 facere
640 4885 696 4941 aut
726 4876 855 4961 piscare
885 4875 954 4939 sine
983 4875 1126 4939 iussione
1149 4883 1181 4938 et
1202 4873 1371 4939 voluntate
1399 4873 1537 4959 predicti
1560 4873 1690 4939 abbatis
1714 4875 1848 4959 eiusque

204 5001 439 5045 successorum.
484 4979 660 5045 Offerimus
691 5001 819 5066 quoque
848 4988 880 5044 et
908 4977 1140 5043 confirmamus
1169 4980 1202 5042 in
1225 4979 1386 5062 integrum
1410 4978 1582 5044 castellum
1605 4978 1645 5043 de
1668 4976 1847 5043 Sublacum

203 5105 277 5148 eum
299 5081 487 5167 glandatico
511 5081 545 5148 et
565 5083 711 5149 erbatico
735 5093 832 5169 atque
855 5084 1032 5147 constricto
1057 5090 1089 5145 et
1104 5080 1225 5167 placito
1243 5083 1394 5166 omnique
1411 5080 1508 5147 datol
1532 5104 1589 5146 seu
1606 5081 1734 5147 reddito
1751 5105 1846 5168 quem

201 5187 265 5272 ipsi
287 5185 486 5253 habitatores
509 5209 684 5274 eorumque
707 5187 884 5253 anteriores
909 5185 996 5252 soliti
1015 5195 1090 5251 sunt
1108 5185 1294 5271 persolvere
1310 5185 1525 5251 Lateranensi
1538 5196 1558 5225 ¹¹¹
1581 5186 1714 5272 palatio,
1739 5209 1847 5272 quam-

151 5412 184 5461 45
289 5407 346 5464 ³30.
375 5407 530 5476 [Ottenthal]
618 5411 643 5471 a)
663 5406 753 5474 spirA
833 5410 860 5471 b)
880 5409 1054 5460 Rauennante
1072 5406 1095 5459 A
1113 5408 1168 5459 aad
1184 5423 1253 5458 suar
1271 5408 1302 5459 R.
1321 5436 1354 5444 -
1372 5408 1491 5473 plurimis
1509 5407 1562 5470 aras
1573 5408 1662 5460 Rarus·
1742 5409 1768 5470 c)
1787 5425 1847 5460 eum

373 5477 397 5527 A
493 5479 521 5538 d)
540 5479 673 5529 exiusdem
692 5476 715 5528 A
811 5479 835 5544 s)
851 5477 909 5529 dem
928 5476 1063 5530 Schres'ber
1080 5493 1130 5529 oon
1147 5477 1171 5528 A
1188 5492 1244 5527 war
1266 5479 1321 5528 eloe
1343 5475 1505 5541 Verhiadaup
1529 5493 1578 5529 oon
1600 5485 1637 5528 str
1661 5480 1689 5528 ia
1707 5477 1814 5529 welcher
1836 5484 1848 5528 t

373 5545 475 5598 minda
496 5545 609 5598 dortlieh
632 5545 778 5598 huuortritt
795 5564 823 5598 so
844 5547 967 5613 pelliufip,
994 5547 1056 5598 dara
1074 5562 1102 5598 er
1118 5546 1174 5597 rich
1192 5548 1234 5597 eia
1252 5546 1309 5597 Mol
1325 5561 1356 5595 aar
1377 5545 1512 5597 C'orrectur
1528 5548 1557 5596 iu
1579 5546 1666 5598 hlares
1692 5553 1730 5598 str
1755 5563 1846 5598 aaran·

373 5615 435 5667 laert
460 5615 509 5666 aab
611 5614 632 5676 i)
651 5613 801 5667 saluternA
910 5617 937 5682 g)
956 5616 1027 5679 fehlt
1053 5617 1082 5666 io
1103 5615 1128 5666 A
1237 5614 1305 5680 h)A
1414 5617 1432 5680 i)
1449 5616 1514 5666 fiu'n'r
1537 5613 1632 5682 queA
1736 5616 1765 5684 ir)
1785 5618 1846 5667 lati·
1952 5633 1959 5648 ²

274 5757 276 5760 Ι
372 5685 506 5736 tudineA
610 5685 631 5751 l)
650 5684 686 5748 A,
715 5685 819 5737 datione
842 5687 871 5736 ia
888 5685 965 5736 Bulle
982 5685 1088 5736 Joharm
1106 5693 1156 5737 ΧΠ.
1260 5686 1294 5750 m)
1311 5685 1497 5737 Lateransnsis
1515 5685 1546 5735 A.

1582 5787 1643 5852 57*
