4530 6434
899 415 1024 474 ΟΤΤΟ
1046 417 1070 473 Ι.
1095 413 1166 510 967.
1792 407 1853 475 471

313 595 490 659 0333333333
516 597 654 658 verlatrrt
683 599 808 660 worden.
853 601 905 659 Dc
926 601 1073 659 Mandata
1093 619 1154 658 333
1175 602 1209 658 ia
1227 602 1365 674 qmaper
1390 601 1465 660 Zabi
1487 602 1619 660 crtaltea
1640 601 1710 660 stad
1731 602 1797 660 aad
1818 602 1858 662 da

312 705 356 761 sic
371 703 422 760 der
431 703 598 776 jeweitiyea
613 702 753 776 Sacttayc
774 704 983 776 eatspreehead
1004 705 1073 762 sehr
1092 704 1277 764 verschiedea
1298 703 1408 774 lactea,
1432 705 1526 762 habea
1541 706 1597 763 wir
1611 721 1669 764 333
1683 723 1746 763 aar
1759 707 1858 764 333333

312 806 357 865 ets
381 823 409 865 cs
432 806 486 866 das
507 806 715 866 Versta'adar'ss
738 806 884 876 erfordert
906 809 940 864 ia
957 806 1145 880 Aasfitttaaq
1168 807 1220 865 der
1238 807 1359 866 Lucra
1380 809 1538 866 33333333
1559 815 1669 881 moyen.
1700 809 1857 882 aenaea

312 909 420 968 irtaate
447 909 500 968 der
527 909 755 983 urspraaqticte
782 909 930 969 Wortlaat
958 925 1014 968 333
1040 907 1105 966 aaa
1126 909 1264 967 Dictator
1285 909 1335 968 333
1357 909 1507 969 Placitum
1530 911 1606 970 3333
1628 930 1680 970 aaa
1703 915 1791 971 33333
1814 929 1856 972 cr-

312 1014 424 1072 wer'tcrt
446 1013 565 1072 333333
586 1015 657 1084 seta,
687 1030 740 1072 um
761 1013 810 1071 die
823 1015 911 1071 ,33335
932 1011 1012 1070 nicht
1033 1011 1277 1085 yeoroucartcaea
1299 1013 1398 1073 Wortc
1419 1016 1469 1072 ubi
1492 1031 1542 1092 vos
1565 1014 1712 1074 habitatis.
1736 1049 1779 1057 -
1802 1014 1856 1074 aa

311 1114 627 1190 Aresfrthrwnasbcfcht
647 1133 716 1190 may
734 1117 796 1175 dies
811 1115 941 1174 Mandat
962 1133 1003 1173 aa
1024 1113 1091 1176 ΒΟ.
1106 1117 1170 1174 245
1194 1115 1265 1173 oder
1285 1133 1325 1174 ra
1347 1114 1415 1175 DO.
1432 1117 1494 1175 359
1516 1115 1656 1189 yehtrca:
1679 1133 1709 1175 cs
1731 1119 1770 1176 ist
1793 1118 1857 1175 hier

309 1219 511 1279 aureatam
534 1221 692 1293 eiaqcrer'tt
715 1219 841 1290 worden,
865 1217 931 1277 weil
953 1219 1001 1276 eta
1023 1217 1146 1278 anderes
1169 1218 1260 1278 seock
1284 1217 1319 1296 (s.
1343 1218 1410 1279 DO.
1428 1215 1504 1296 376)
1525 1218 1711 1292 aasyefottea
1733 1237 1804 1278 war.

414 1429 453 1507 In
468 1443 599 1506 nomine
616 1441 667 1506 dei
684 1435 795 1506 e'terni.
835 1440 913 1506 Otto
931 1462 1070 1526 superno
1086 1439 1204 1502 intuitu
1221 1440 1400 1522 imperator
1418 1450 1585 1524 augustus.
1673 1440 1856 1525 Adelberge

207 1539 375 1608 abbatisse
398 1546 589 1631 cunctisque
612 1544 806 1610 monachis²
829 1541 1195 1627 sanctimonialibusque
1218 1542 1347 1606 feminis
1371 1543 1648 1608 commorantibus
1665 1544 1705 1608 de
1721 1545 1855 1629 Apinia-

158 1659 189 1704 10
207 1647 271 1710 nici
295 1646 350 1711 ubi
369 1670 429 1711 vos
451 1646 618 1712 habitatis.
655 1643 789 1733 [Notum
805 1649 846 1711 sit
862 1645 968 1730 vobis,
994 1647 1070 1730 quia
1087 1643 1208 1708 Paulus
1233 1644 1428 1709 venerabilis
1452 1643 1556 1710 abbas
1580 1646 1707 1711 cenobii
1735 1645 1854 1712 Christi

208 1753 360 1834 martyris
383 1747 548 1824 Uincentii
572 1750 756 1815 celsitudini
780 1760 889 1815 nostre
913 1753 1111 1834 conquestus
1134 1747 1194 1831 est]
1224 1757 1348 1812 utnon
1370 1750 1490 1816 vivatis
1512 1750 1703 1833 regulariter
1725 1762 1757 1814 et
1778 1773 1856 1816 eon·

207 1853 323 1917 tretisl
353 1855 406 1919 eic
433 1855 540 1939 ipsum
570 1856 803 1919 monasterium
832 1865 945 1919 sancte
974 1853 1077 1918 Marie
1101 1853 1141 1916 de
1165 1853 1369 1937 Apinianiei,
1403 1855 1448 1916 ita
1475 1863 1511 1917 ut
1533 1853 1657 1919 nullam
1680 1855 1855 1922 ordinatio-

206 1954 305 2022 nemd
327 1957 372 2021 ibi
395 1958 502 2022 facere
527 1957 646 2023 audeat
669 1967 725 2022 aut
747 1961 861 2042 possit.
895 1957 1129 2022 Antecessores
1156 1952 1255 2042 [vero]
1280 1958 1407 2020 nostrie
1429 1957 1642 2041 imperatores
1665 1967 1697 2022 et
1715 1982 1808 2044 reges
1824 1968 1856 2022 et

174 2080 175 2083 ’
204 2082 265 2124 nos
280 2059 416 2124 fecimus
432 2070 463 2125 et
478 2060 541 2125 hoe
558 2061 822 2126 confirmavimus
838 2063 872 2126 in
888 2063 954 2126 iam
975 2061 1063 2125 dieto
1088 2061 1193 2123 sancti
1208 2059 1373 2124 Uineentii
1397 2059 1535 2124 cenobio
1561 2061 1669 2145 ipsum
1692 2073 1853 2128 monaste-

157 2170 188 2218 15
205 2165 287 2227 rium
312 2173 423 2227 sancte
446 2161 549 2226 Maris
573 2161 613 2228 de
635 2163 838 2247 Apinianiei,
863 2173 898 2228 ut
920 2159 1031 2229 idemr
1057 2162 1236 2228 secundum
1260 2164 1312 2230 dei
1335 2165 1484 2228 timorem
1507 2186 1547 2228 ac
1570 2175 1724 2250 precepta
1745 2165 1856 2250 regule

207 2265 356 2331 ordinent
378 2276 476 2352 atque
500 2267 676 2352 disponant
698 2265 836 2331 abbates
852 2266 990 2352 predicti
1006 2269 1195 2332 monasterii
1212 2267 1336 2354 absque
1352 2266 1450 2332 ullius
1465 2267 1735 2332 contradictione.
1759 2267 1855 2334 Unde

206 2368 399 2434 mandamus
422 2368 515 2435 vobis
539 2367 750 2455 precipiendo
773 2379 810 2434 ut
832 2369 1017 2436 nullatenus
1040 2373 1195 2436 contretis
1219 2373 1247 2434 ei
1271 2372 1378 2466 ipsum
1401 2373 1643 2453 monasterium,
1668 2371 1726 2436 sed
1743 2394 1854 2437 seeun-

206 2472 283 2538 dum
306 2475 449 2558 priscam
473 2473 742 2539 consuetudinem
764 2474 885 2539 lassate
908 2474 1047 2540 eundem
1075 2473 1228 2538 abbatem
1257 2473 1408 2538 ordinare
1439 2472 1576 2538 eundem
1605 2473 1728 2555 locum,
1760 2486 1796 2540 ut
1823 2485 1855 2539 et

206 2599 266 2641 vos
288 2576 333 2641 ibi
357 2577 417 2642 deo
442 2581 562 2642 servire
585 2580 717 2663 possitis
742 2588 774 2644 et
796 2589 951 2665 precepta
973 2579 1084 2662 regule
1108 2579 1298 2660 observare3
1327 2580 1426 2641 etiam
1449 2561 1554 2642 dictus
1577 2577 1697 2661 abbas,
1722 2579 1853 2664 quando

155 2685 189 2733 20
207 2680 252 2745 ibi
274 2683 397 2744 venerit
427 2691 483 2746 aut
511 2680 733 2764 mandaverit,
763 2682 861 2747 abeat
883 2704 1045 2746 summum
1072 2681 1266 2746 honorem.8
1310 2679 1428 2746 Sciatis
1458 2682 1543 2746 enim
1566 2681 1670 2765 quod,
1702 2683 1729 2744 si
1758 2681 1854 2746 aliter

206 2785 347 2848 feceritis
377 2795 491 2849 contra
513 2785 681 2870 imperiale
704 2783 878 2851 nostrum1²
906 2795 1109 2871 preceptum,
1147 2782 1192 2868 [in
1216 2793 1394 2867 conspeetu
1415 2793 1529 2848 nostro
1553 2783 1671 2847 exinde
1694 2786 1854 2849 rationem

206 2886 340 2951 reddere
369 2886 530 2970 debeatis,
566 2896 597 2952 et
624 2888 854 2953 nichilominus
882 2898 1074 2974 preceptum
1095 2887 1253 2970 nostrum]
1278 2885 1367 2951 nullo
1397 2887 1640 2956 contradicente
1653 2885 1671 2971 ἰ,
1696 2887 1754 2951 sed
1778 2883 1852 2974 [deo

207 2989 398 3073 auxiliante]
421 2990 653 3056 inviolabiliter
676 2991 874 3057 observetur.
909 2989 1135 3056 Advocatores
1158 2999 1268 3054 autem
1291 2988 1428 3053 abbates
1452 2989 1491 3053 de
1510 2989 1657 3075 predicto
1676 2988 1854 3054 venerabili

207 3093 344 3159 cenobio
368 3093 481 3183 quales
503 3092 701 3178 voluerintl‘,
730 3094 814 3160 tales
837 3096 955 3180 agendi
978 3094 1099 3160 causa¹
1123 3095 1252 3160 abeant.
1288 3094 1360 3159 Hec
1382 3096 1468 3159 enim
1492 3117 1554 3180 que
1578 3117 1598 3158 a
1620 3104 1731 3160 nostra
1753 3098 1853 3181 impe·

155 3196 312 3262 ceriali¹1¹
341 3198 514 3263 elementia
536 3199 715 3264 constituta
747 3209 830 3282 sunt,
862 3199 955 3264 firma
988 3210 1020 3263 et
1048 3200 1237 3284 incorrupta
1270 3201 1422 3284 perennis
1457 3197 1657 3283 temporibus
1690 3207 1853 3283 maneant,
1950 3202 1951 3205 ’

206 3311 382 3385 nostraque
405 3304 614 3388 preceptione
639 3301 782 3386 sigillata
805 3311 877 3370 est.

985 3645 1072 3720 345.

214 3813 294 3893 Otto
317 3817 458 3892 scircalct
480 3817 550 3892 dea
572 3817 746 3893 Brttdern
769 3817 833 3893 dor
854 3819 1093 3893 Morazlcircbe
1114 3844 1159 3890 zu
1182 3815 1408 3932 Mopdcbarp
1431 3817 1497 3891 das
1520 3817 1594 3893 Gar
1615 3819 1850 3918 ch‘ersteclt.

1040 3979 1043 3986 ’
1314 3961 1392 4018 Rom
1414 3993 1456 4002 -
1479 3963 1543 4020 967
1566 3959 1735 4032 September
1755 3963 1806 4020 23.

155 4195 189 4244 so
311 4181 558 4256 Oriyiaaldiplom
579 4185 622 4240 im
643 4183 671 4241 lt.
697 4181 897 4243 Staatsarctr'u
918 4201 958 4241 ra
980 4183 1087 4242 Berlin
1111 4181 1174 4262 (A).

310 4343 493 4418 8333333333
515 4343 586 4403 Ant.
610 4345 805 4417 Mapdcbary.
830 4344 874 4403 ed.
894 4352 918 4414 1,
943 4346 984 4405 55
1014 4362 1070 4404 333
1091 4345 1160 4404 MS.
1189 4345 1239 4403 des
1265 4344 1402 4405 olearias
1425 4367 1466 4396 =
1489 4345 1532 4402 ed.
1553 4353 1595 4415 11,
1620 4349 1658 4404 41
1685 4369 1725 4398 =
1748 4347 1851 4420 133353

307 4446 376 4506 ΒΑ.
400 4442 465 4519 16⁶,
489 4449 531 4506 11
552 4451 587 4504 a⁰
610 4449 661 4517 42,
686 4470 726 4499 =
750 4446 932 4520 Sapittorr'us
954 4450 988 4505 ta
1009 4447 1127 4521 Boysea
1148 4445 1226 4520 aar.
1250 4449 1395 4522 Marpesia
1418 4453 1447 4518 1,
1472 4450 1544 4507 111.
1569 4481 1610 4491 —-
1632 4448 1763 4508 Bo'bmer
1775 4453 1849 4524 Rea.

308 4556 380 4614 336.
405 4585 447 4596 -
470 4549 600 4626 Stampf
616 4547 689 4624 Rea.
714 4555 786 4611 430.
1743 4557 1745 4566 ’

308 4715 444 4787 Verfasst
466 4715 531 4774 aad
548 4716 734 4789 3333333333
756 4734 812 4774 oon
834 4717 890 4776 LI.
929 4694 1041 4776 Jedoch
1063 4717 1144 4776 13333
1162 4716 1210 4776 dte
1227 4715 1407 4789 3333333333
1422 4711 1653 4787 Austertipanq,
1678 4714 1781 4772 welche
1796 4713 1850 4772 das

307 4816 465 4878 Gtrismoa
492 4821 526 4877 ia
547 4820 693 4892 jaraerer
718 4818 830 4878 areae
858 4819 922 4878 333
951 4823 999 4878 eia
1024 4821 1300 4894 Titetmoaoyramm
1322 4816 1478 4890 arefaciet,
1513 4823 1571 4877 crst
1593 4819 1669 4876 acet
1692 4821 1765 4876 333
1787 4805 1851 4876 977

307 4922 481 4981 eatstaadea
502 4923 576 4993 seia,
600 4922 744 4981 33333333
766 4923 811 4981 ais
825 4922 1106 4998 Neroasfertr'yanp
1129 4923 1198 4982 oder
1219 4923 1284 4981 weit
1305 4923 1402 4982 seiaer
1420 4921 1484 4980 Zett
1506 4921 1554 4979 die
1576 4921 1749 4992 Seteataay
1770 4921 1850 4977 nicht

308 5023 445 5093 formica
466 5025 649 5084 tcurkundet
671 5025 788 5084 worden
811 5045 883 5088 war.
922 5027 978 5086 LI.
1002 5028 1053 5086 hot
1075 5045 1104 5086 es
1127 5027 1213 5086 dotet
1234 5028 1299 5085 tier
1320 5026 1376 5084 wie
1397 5027 1431 5084 r'a
1452 5024 1582 5083 333333
1596 5024 1704 5082 Ferrea
1723 5026 1779 5081 mit
1793 5023 1849 5081 dea

304 5124 447 5200 Aayatca
468 5130 510 5186 tm
524 5129 711 5188 Eschatctott
732 5131 812 5188 aictt
831 5149 932 5205 33333
950 5148 1139 5205 yeacmmea:
1162 5131 1211 5189 die
1225 5131 1413 5203 3533333333
1432 5129 1656 5187 thtmertmatc
1670 5127 1739 5187 stad
1755 5129 1850 5186 weder

308 5231 545 5302 3333333333,
567 5234 642 5290 noct
663 5235 717 5291 mit
740 5233 793 5292 der
814 5235 1015 5308 Recopar'tioa
1038 5236 1111 5294 noct
1133 5237 1188 5292 mit
1211 5235 1276 5292 dem
1298 5233 1567 5306 Aasstcilrmpsorte
1588 5235 1622 5290 ia
1637 5232 1787 5304 Eiet-lana
1809 5250 1849 5289 aa

153 5351 188 5402 to
309 5335 438 5407 3353333,
461 5337 515 5398 wie
536 5338 571 5394 ia
592 5336 689 5397 Sirket
710 5338 804 5397 Bertr.
826 5356 885 5396 aar
906 5337 989 5410 Dipt.
1014 5341 1043 5408 8,
1067 5339 1130 5397 168
1153 5336 1330 5411 aasyefatrt
1352 5335 1470 5395 worden
1491 5337 1540 5394 ist.
1577 5335 1659 5393 Dosa
1681 5334 1735 5394 das
1758 5334 1849 5394 aava

291 5553 348 5609 344.
376 5555 531 5625 [Ottenthal]
612 5559 638 5621 a)
655 5557 819 5609 monachari
901 5557 965 5620 b)A
1046 5557 1071 5624 c)
1090 5556 1164 5608 eisA
1245 5556 1272 5619 d)
1291 5558 1366 5608 nulla
1383 5555 1584 5608 ordinationsd
1671 5556 1696 5620 s)
1712 5555 1848 5608 nostrosA

375 5625 489 5687 Deicd
570 5627 597 5694 g)
614 5642 715 5677 summo
734 5625 871 5678 honored
951 5628 978 5690 h)
997 5628 1147 5693 imperiales
1166 5626 1304 5678 nostrosd
1385 5627 1406 5686 i)
1425 5626 1671 5678 contradicentecA
1752 5625 1847 5688 1333-

375 5695 454 5745 luerit
470 5695 494 5745 A
581 5696 601 5761 1)
620 5711 713 5746 cauam
731 5697 755 5747 A
841 5697 877 5762 m)
893 5697 1037 5763 imperialis
1055 5695 1087 5746 A.
