<?xml version="1.0" encoding="UTF-8"?>
<!DOCTYPE html PUBLIC "-//W3C//DTD XHTML 1.0 Transitional//EN"
    "http://www.w3.org/TR/xhtml1/DTD/xhtml1-transitional.dtd">
<html xmlns="http://www.w3.org/1999/xhtml" xml:lang="en" lang="en">
 <head>
  <title>
</title>
<meta http-equiv="Content-Type" content="text/html;charset=utf-8" />
  <meta name='ocr-system' content='tesseract 3.04.00' />
  <meta name='ocr-capabilities' content='ocr_page ocr_carea ocr_par ocr_line ocrx_word'/>
</head>
<body>
  <div class='ocr_page' id='page_1' title='image "./monumentagerman00gescgoog/monumentagerman00gescgoog_0476.png"; bbox 0 0 4538 6436; ppageno 0'>
   <div class='ocr_carea' id='block_1_1' title="bbox 958 411 1225 474">
    <p class='ocr_par' dir='ltr' id='par_1_1' title="bbox 958 411 1225 474">
     <span class='ocr_line' id='line_1_1' title="bbox 958 411 1225 474; baseline -0.015 -1"><span class='ocrx_word' id='word_1_1' title='bbox 958 415 1082 474; x_wconf 88' lang='grc' dir='ltr'><strong>ΟΤΤΟ</strong></span> <span class='ocrx_word' id='word_1_2' title='bbox 1104 417 1129 472; x_wconf 92' lang='lat'><strong>1.</strong></span> <span class='ocrx_word' id='word_1_3' title='bbox 1153 411 1225 470; x_wconf 83' lang='lat'><strong>966.</strong></span> 
     </span>
    </p>
   </div>
   <div class='ocr_carea' id='block_1_2' title="bbox 1049 596 1137 674">
    <p class='ocr_par' dir='ltr' id='par_1_2' title="bbox 1049 596 1137 674">
     <span class='ocr_line' id='line_1_2' title="bbox 1049 596 1137 674; baseline 0.034 -3"><span class='ocrx_word' id='word_1_4' title='bbox 1049 596 1137 674; x_wconf 84' lang='lat'><strong>333.</strong></span> 
     </span>
    </p>
   </div>
   <div class='ocr_carea' id='block_1_3' title="bbox 270 752 1919 973">
    <p class='ocr_par' dir='ltr' id='par_1_3' title="bbox 270 752 1919 973">
     <span class='ocr_line' id='line_1_3' title="bbox 280 752 1918 852; baseline -0.003 -19"><span class='ocrx_word' id='word_1_5' title='bbox 280 757 360 833; x_wconf 85' lang='lat' dir='ltr'><strong>Ouo</strong></span> <span class='ocrx_word' id='word_1_6' title='bbox 382 756 522 830; x_wconf 79' lang='lat' dir='ltr'><strong>sebenkt</strong></span> <span class='ocrx_word' id='word_1_7' title='bbox 539 755 603 829; x_wconf 84' lang='lat' dir='ltr'><strong>der</strong></span> <span class='ocrx_word' id='word_1_8' title='bbox 620 753 753 827; x_wconf 83' lang='lat' dir='ltr'><strong>Kircbe</strong></span> <span class='ocrx_word' id='word_1_9' title='bbox 779 752 839 825; x_wconf 83' lang='lat' dir='ltr'><strong>des</strong></span> <span class='ocrx_word' id='word_1_10' title='bbox 865 753 895 825; x_wconf 77' lang='lat' dir='ltr'><strong>le</strong></span> <span class='ocrx_word' id='word_1_11' title='bbox 918 752 1047 826; x_wconf 82' lang='lat' dir='ltr'><strong>Petrus</strong></span> <span class='ocrx_word' id='word_1_12' title='bbox 1072 752 1153 826; x_wconf 78' lang='lat' dir='ltr'><strong>unci</strong></span> <span class='ocrx_word' id='word_1_13' title='bbox 1178 752 1238 825; x_wconf 84' lang='lat' dir='ltr'><strong>des</strong></span> <span class='ocrx_word' id='word_1_14' title='bbox 1263 753 1295 825; x_wconf 90' lang='lat' dir='ltr'><strong>b.</strong></span> <span class='ocrx_word' id='word_1_15' title='bbox 1317 753 1498 826; x_wconf 73' lang='lat' dir='ltr'><strong>Moriere</strong></span> <span class='ocrx_word' id='word_1_16' title='bbox 1516 752 1743 852; x_wconf 76' lang='lat' dir='ltr'><strong>Mopdeburp</strong></span> <span class='ocrx_word' id='word_1_17' title='bbox 1760 755 1918 828; x_wconf 85' lang='lat' dir='ltr'><strong>mebrere</strong></span> 
     </span>
     <span class='ocr_line' id='line_1_4' title="bbox 270 872 1919 973; baseline -0.001 -23"><span class='ocrx_word' id='word_1_18' title='bbox 270 878 349 950; x_wconf 84' lang='lat' dir='ltr'><strong>dem</strong></span> <span class='ocrx_word' id='word_1_19' title='bbox 367 874 526 949; x_wconf 78' lang='lat' dir='ltr'><strong>Konrarl</strong></span> <span class='ocrx_word' id='word_1_20' title='bbox 550 874 630 948; x_wconf 79' lang='lat' dir='ltr'><strong>und</strong></span> <span class='ocrx_word' id='word_1_21' title='bbox 645 872 843 946; x_wconf 74' lang='lat' dir='ltr'><strong><em>Eberhard</em></strong></span> <span class='ocrx_word' id='word_1_22' title='bbox 863 872 1066 971; x_wconf 74' lang='lat' dir='ltr'><strong>periditlicb</strong></span> <span class='ocrx_word' id='word_1_23' title='bbox 1093 885 1280 970; x_wconf 71' lang='lat' dir='ltr'><strong>eutropene</strong></span> <span class='ocrx_word' id='word_1_24' title='bbox 1297 873 1536 971; x_wconf 80' lang='lat' dir='ltr'><strong>Besitzunpers</strong></span> <span class='ocrx_word' id='word_1_25' title='bbox 1563 874 1613 946; x_wconf 82' lang='lat' dir='ltr'><strong>im</strong></span> <span class='ocrx_word' id='word_1_26' title='bbox 1631 874 1813 973; x_wconf 79' lang='lat' dir='ltr'><strong>Nabepoo</strong></span> <span class='ocrx_word' id='word_1_27' title='bbox 1839 873 1919 949; x_wconf 81' lang='lat' dir='ltr'><strong>und</strong></span> 
     </span>
    </p>
   </div>
   <div class='ocr_carea' id='block_1_4' title="bbox 270 995 1873 1095">
    <p class='ocr_par' dir='ltr' id='par_1_4' title="bbox 270 995 1873 1095">
     <span class='ocr_line' id='line_1_5' title="bbox 270 995 1873 1095; baseline 0.002 -25"><span class='ocrx_word' id='word_1_28' title='bbox 270 1001 319 1070; x_wconf 83' lang='lat' dir='ltr'><strong>im</strong></span> <span class='ocrx_word' id='word_1_29' title='bbox 346 995 557 1095; x_wconf 78' lang='lat' dir='ltr'><strong>Speierpau.</strong></span> <span class='ocrx_word' id='word_1_30' title='bbox 1444 1015 1575 1086; x_wconf 72' lang='lat' dir='ltr'><strong>Retinet</strong></span> <span class='ocrx_word' id='word_1_31' title='bbox 1596 1016 1659 1076; x_wconf 84' lang='grc'><strong>966</strong></span> <span class='ocrx_word' id='word_1_32' title='bbox 1681 1014 1801 1089; x_wconf 68' lang='lat' dir='ltr'><strong>Aaron</strong></span> <span class='ocrx_word' id='word_1_33' title='bbox 1821 1019 1873 1078; x_wconf 77' lang='lat'><strong>27.</strong></span> 
     </span>
    </p>
   </div>
   <div class='ocr_carea' id='block_1_5' title="bbox 235 1225 1237 1307">
    <p class='ocr_par' dir='ltr' id='par_1_5' title="bbox 235 1225 1237 1307">
     <span class='ocr_line' id='line_1_6' title="bbox 235 1225 1237 1307; baseline -0.005 -15"><span class='ocrx_word' id='word_1_34' title='bbox 235 1237 252 1283; x_wconf 74' lang='grc' dir='ltr'><strong>ὅ</strong></span> <span class='ocrx_word' id='word_1_35' title='bbox 373 1230 623 1305; x_wconf 77' lang='lat' dir='ltr'><strong>Oriyinoldiplom</strong></span> <span class='ocrx_word' id='word_1_36' title='bbox 643 1231 687 1288; x_wconf 86' lang='lat' dir='ltr'><strong>im</strong></span> <span class='ocrx_word' id='word_1_37' title='bbox 708 1230 736 1290; x_wconf 83' lang='lat' dir='ltr'><strong>lr.</strong></span> <span class='ocrx_word' id='word_1_38' title='bbox 761 1229 965 1290; x_wconf 82' lang='lat' dir='ltr'><strong>Stuotsarcbiv</strong></span> <span class='ocrx_word' id='word_1_39' title='bbox 984 1246 1026 1286; x_wconf 79' lang='lat' dir='ltr'><strong>eu</strong></span> <span class='ocrx_word' id='word_1_40' title='bbox 1048 1227 1155 1287; x_wconf 79' lang='lat' dir='ltr'><strong><em>Berlin</em></strong></span> <span class='ocrx_word' id='word_1_41' title='bbox 1176 1225 1237 1307; x_wconf 80' lang='lat' dir='ltr'><em>(A).</em></span> 
     </span>
    </p>
   </div>
   <div class='ocr_carea' id='block_1_6' title="bbox 370 1391 1918 1882">
    <p class='ocr_par' dir='ltr' id='par_1_6' title="bbox 370 1391 1918 1882">
     <span class='ocr_line' id='line_1_7' title="bbox 373 1391 1918 1468; baseline -0.001 -14"><span class='ocrx_word' id='word_1_42' title='bbox 373 1395 557 1468; x_wconf 71' lang='lat' dir='ltr'><strong>chitterius</strong></span> <span class='ocrx_word' id='word_1_43' title='bbox 579 1393 649 1451; x_wconf 77' lang='lat' dir='ltr'><strong>Ant.</strong></span> <span class='ocrx_word' id='word_1_44' title='bbox 674 1393 867 1466; x_wconf 75' lang='lat' dir='ltr'><strong>lllopdebery.</strong></span> <span class='ocrx_word' id='word_1_45' title='bbox 899 1391 942 1451; x_wconf 80' lang='lat' dir='ltr'><strong>ed.</strong></span> <span class='ocrx_word' id='word_1_46' title='bbox 964 1400 987 1462; x_wconf 89' lang='lat' dir='ltr'><strong>l,</strong></span> <span class='ocrx_word' id='word_1_47' title='bbox 1012 1393 1053 1451; x_wconf 78' lang='lat'><strong>54</strong></span> <span class='ocrx_word' id='word_1_48' title='bbox 1081 1408 1136 1450; x_wconf 82' lang='lat' dir='ltr'><strong>cus</strong></span> <span class='ocrx_word' id='word_1_49' title='bbox 1160 1391 1228 1452; x_wconf 80' lang='lat' dir='ltr'><strong>MS.</strong></span> <span class='ocrx_word' id='word_1_50' title='bbox 1258 1392 1308 1451; x_wconf 84' lang='lat' dir='ltr'><strong>des</strong></span> <span class='ocrx_word' id='word_1_51' title='bbox 1333 1391 1470 1453; x_wconf 82' lang='lat' dir='ltr'><strong>Olearius</strong></span> <span class='ocrx_word' id='word_1_52' title='bbox 1494 1416 1534 1446; x_wconf 91' lang='lat'>=</span> <span class='ocrx_word' id='word_1_53' title='bbox 1557 1393 1602 1455; x_wconf 85' lang='lat' dir='ltr'><strong>ed.</strong></span> <span class='ocrx_word' id='word_1_54' title='bbox 1621 1401 1663 1463; x_wconf 89' lang='lat'><strong>11,</strong></span> <span class='ocrx_word' id='word_1_55' title='bbox 1687 1397 1728 1452; x_wconf 76' lang='lat'><strong>40</strong></span> <span class='ocrx_word' id='word_1_56' title='bbox 1754 1417 1791 1446; x_wconf 86' lang='lat'>:</span> <span class='ocrx_word' id='word_1_57' title='bbox 1815 1393 1918 1467; x_wconf 68' lang='lat' dir='ltr'><strong>Minio</strong></span> 
     </span>
     <span class='ocr_line' id='line_1_8' title="bbox 370 1492 1917 1569; baseline -0.001 -12"><span class='ocrx_word' id='word_1_58' title='bbox 370 1497 439 1557; x_wconf 73' lang='grc' dir='ltr'><strong>ΒΑ.</strong></span> <span class='ocrx_word' id='word_1_59' title='bbox 463 1492 527 1567; x_wconf 74' lang='lat'><em>16⁶,</em></span> <span class='ocrx_word' id='word_1_60' title='bbox 552 1501 591 1556; x_wconf 89' lang='lat'><strong>11</strong></span> <span class='ocrx_word' id='word_1_61' title='bbox 615 1502 650 1554; x_wconf 58' lang='grc' dir='ltr'><strong>πθ</strong></span> <span class='ocrx_word' id='word_1_62' title='bbox 666 1500 716 1566; x_wconf 78' lang='lat' dir='ltr'><strong>le,</strong></span> <span class='ocrx_word' id='word_1_63' title='bbox 742 1520 781 1548; x_wconf 92' lang='lat'><strong><em>=</em></strong></span> <span class='ocrx_word' id='word_1_64' title='bbox 806 1496 944 1556; x_wconf 77' lang='lat' dir='ltr'><strong>Joecttm</strong></span> <span class='ocrx_word' id='word_1_65' title='bbox 962 1495 1064 1555; x_wconf 81' lang='lat' dir='ltr'><strong>Gescb.</strong></span> <span class='ocrx_word' id='word_1_66' title='bbox 1088 1495 1140 1554; x_wconf 86' lang='lat' dir='ltr'><strong>der</strong></span> <span class='ocrx_word' id='word_1_67' title='bbox 1161 1497 1310 1556; x_wconf 74' lang='lat' dir='ltr'><strong><em>teutschen</em></strong></span> <span class='ocrx_word' id='word_1_68' title='bbox 1331 1496 1505 1569; x_wconf 74' lang='lat' dir='ltr'><strong>Rcicltstdqe</strong></span> <span class='ocrx_word' id='word_1_69' title='bbox 1526 1501 1556 1565; x_wconf 86' lang='lat'><strong>1,</strong></span> <span class='ocrx_word' id='word_1_70' title='bbox 1571 1499 1646 1567; x_wconf 76' lang='lat'><strong>231,</strong></span> <span class='ocrx_word' id='word_1_71' title='bbox 1671 1519 1711 1549; x_wconf 93' lang='lat'><strong><em>=</em></strong></span> <span class='ocrx_word' id='word_1_72' title='bbox 1736 1495 1917 1569; x_wconf 72' lang='lat' dir='ltr'><strong>Sopittcrius</strong></span> 
     </span>
     <span class='ocr_line' id='line_1_9' title="bbox 372 1598 1916 1676; baseline -0.001 -16"><span class='ocrx_word' id='word_1_73' title='bbox 372 1604 405 1660; x_wconf 82' lang='lat' dir='ltr'><strong>in</strong></span> <span class='ocrx_word' id='word_1_74' title='bbox 427 1602 545 1676; x_wconf 75' lang='lat' dir='ltr'><strong>Boyseu</strong></span> <span class='ocrx_word' id='word_1_75' title='bbox 561 1599 640 1674; x_wconf 74' lang='lat' dir='ltr'><strong>Allp.</strong></span> <span class='ocrx_word' id='word_1_76' title='bbox 660 1601 807 1675; x_wconf 77' lang='lat' dir='ltr'><strong>Moqoeiu</strong></span> <span class='ocrx_word' id='word_1_77' title='bbox 828 1604 858 1671; x_wconf 85' lang='lat'><strong>1,</strong></span> <span class='ocrx_word' id='word_1_78' title='bbox 884 1604 955 1670; x_wconf 84' lang='lat'><strong><em>109,</em></strong></span> <span class='ocrx_word' id='word_1_79' title='bbox 981 1623 1020 1652; x_wconf 94' lang='lat'>=</span> <span class='ocrx_word' id='word_1_80' title='bbox 1042 1598 1169 1658; x_wconf 87' lang='lat' dir='ltr'><strong>Kremcr</strong></span> <span class='ocrx_word' id='word_1_81' title='bbox 1187 1598 1267 1673; x_wconf 73' lang='lat' dir='ltr'><strong>Orio.</strong></span> <span class='ocrx_word' id='word_1_82' title='bbox 1284 1599 1374 1659; x_wconf 81' lang='lat' dir='ltr'><strong>Noas.</strong></span> <span class='ocrx_word' id='word_1_83' title='bbox 1397 1603 1428 1668; x_wconf 77' lang='lat'><strong>2,</strong></span> <span class='ocrx_word' id='word_1_84' title='bbox 1453 1604 1494 1659; x_wconf 83' lang='lat'><strong>77</strong></span> <span class='ocrx_word' id='word_1_85' title='bbox 1515 1604 1550 1657; x_wconf 60' lang='grc' dir='ltr'><strong>κθ</strong></span> <span class='ocrx_word' id='word_1_86' title='bbox 1565 1601 1616 1659; x_wconf 87' lang='grc'><strong>53.</strong></span> <span class='ocrx_word' id='word_1_87' title='bbox 1639 1633 1682 1641; x_wconf 90' lang='grc'><strong>-</strong></span> <span class='ocrx_word' id='word_1_88' title='bbox 1708 1598 1838 1658; x_wconf 79' lang='lat' dir='ltr'><strong>Gerclcn</strong></span> <span class='ocrx_word' id='word_1_89' title='bbox 1854 1598 1916 1659; x_wconf 80' lang='lat'><strong><em>01).</em></strong></span> 
     </span>
     <span class='ocr_line' id='line_1_10' title="bbox 371 1700 1918 1776; baseline -0.001 -13"><span class='ocrx_word' id='word_1_90' title='bbox 371 1705 541 1764; x_wconf 74' lang='lat' dir='ltr'><strong>Brundusi.</strong></span> <span class='ocrx_word' id='word_1_91' title='bbox 558 1707 587 1775; x_wconf 82' lang='lat'><strong>8,</strong></span> <span class='ocrx_word' id='word_1_92' title='bbox 605 1707 669 1765; x_wconf 80' lang='lat'><strong>626</strong></span> <span class='ocrx_word' id='word_1_93' title='bbox 682 1711 717 1762; x_wconf 62' lang='grc' dir='ltr'><strong>πθ</strong></span> <span class='ocrx_word' id='word_1_94' title='bbox 732 1706 772 1764; x_wconf 83' lang='grc'><strong>95</strong></span> <span class='ocrx_word' id='word_1_95' title='bbox 796 1721 853 1763; x_wconf 84' lang='lat' dir='ltr'><strong>aus</strong></span> <span class='ocrx_word' id='word_1_96' title='bbox 867 1704 907 1763; x_wconf 80' lang='lat'><strong>1).</strong></span> <span class='ocrx_word' id='word_1_97' title='bbox 931 1737 974 1748; x_wconf 93' lang='lat'>-</span> <span class='ocrx_word' id='word_1_98' title='bbox 996 1704 1134 1763; x_wconf 65' lang='lat' dir='ltr'><strong>Monte</strong></span> <span class='ocrx_word' id='word_1_99' title='bbox 1149 1703 1228 1764; x_wconf 79' lang='lat' dir='ltr'><strong>Anu.</strong></span> <span class='ocrx_word' id='word_1_100' title='bbox 1244 1707 1276 1774; x_wconf 89' lang='lat'><strong>3,</strong></span> <span class='ocrx_word' id='word_1_101' title='bbox 1293 1707 1357 1763; x_wconf 82' lang='lat'><strong>178</strong></span> <span class='ocrx_word' id='word_1_102' title='bbox 1378 1701 1599 1776; x_wconf 74' lang='lat' dir='ltr'><strong>uueollstltndip</strong></span> <span class='ocrx_word' id='word_1_103' title='bbox 1614 1720 1671 1762; x_wconf 85' lang='lat' dir='ltr'><strong>uus</strong></span> <span class='ocrx_word' id='word_1_104' title='bbox 1688 1700 1860 1762; x_wconf 76' lang='lat' dir='ltr'><strong>Charicles.</strong></span> <span class='ocrx_word' id='word_1_105' title='bbox 1876 1735 1918 1745; x_wconf 94' lang='lat'>-</span> 
     </span>
     <span class='ocr_line' id='line_1_11' title="bbox 373 1807 1094 1882; baseline 0 -14"><span class='ocrx_word' id='word_1_106' title='bbox 373 1809 502 1868; x_wconf 80' lang='lat' dir='ltr'><strong>Bobmer</strong></span> <span class='ocrx_word' id='word_1_107' title='bbox 522 1808 594 1882; x_wconf 71' lang='lat' dir='ltr'><strong>aee.</strong></span> <span class='ocrx_word' id='word_1_108' title='bbox 617 1810 690 1868; x_wconf 84' lang='lat'><em>325.</em></span> <span class='ocrx_word' id='word_1_109' title='bbox 715 1840 757 1851; x_wconf 92' lang='lat'>—</span> <span class='ocrx_word' id='word_1_110' title='bbox 778 1807 906 1881; x_wconf 64' lang='lat' dir='ltr'><strong>&amp;teupi</strong></span> <span class='ocrx_word' id='word_1_111' title='bbox 923 1809 996 1881; x_wconf 75' lang='lat' dir='ltr'><strong>Rey.</strong></span> <span class='ocrx_word' id='word_1_112' title='bbox 1021 1811 1094 1868; x_wconf 78' lang='lat'><strong><em>411.</em></strong></span> 
     </span>
    </p>
   </div>
   <div class='ocr_carea' id='block_1_7' title="bbox 375 1970 969 2045">
    <p class='ocr_par' dir='ltr' id='par_1_7' title="bbox 375 1970 969 2045">
     <span class='ocr_line' id='line_1_12' title="bbox 375 1970 969 2045; baseline -0.005 -13"><span class='ocrx_word' id='word_1_113' title='bbox 375 1971 509 2043; x_wconf 79' lang='lat' dir='ltr'><strong>Verfosst</strong></span> <span class='ocrx_word' id='word_1_114' title='bbox 532 1970 877 2045; x_wconf 68' lang='lat' dir='ltr'><strong>nuenarianam</strong></span> <span class='ocrx_word' id='word_1_115' title='bbox 899 1970 969 2030; x_wconf 74' lang='lat' dir='ltr'><strong>ne.</strong></span> 
     </span>
    </p>
   </div>
   <div class='ocr_carea' id='block_1_8' title="bbox 221 2182 1922 4344">
    <p class='ocr_par' dir='ltr' id='par_1_8' title="bbox 262 2182 1919 2479">
     <span class='ocr_line' id='line_1_13' title="bbox 377 2182 1919 2266; baseline 0.003 -18"><span class='ocrx_word' id='word_1_116' title='bbox 377 2185 436 2266; x_wconf 80' lang='lat' dir='ltr'><strong>(O.)</strong></span> <span class='ocrx_word' id='word_1_117' title='bbox 459 2183 474 2264; x_wconf 66' lang='grc' dir='ltr'><strong>ἒ</strong></span> <span class='ocrx_word' id='word_1_118' title='bbox 494 2183 534 2248; x_wconf 93' lang='lat' dir='ltr'><strong>In</strong></span> <span class='ocrx_word' id='word_1_119' title='bbox 561 2184 693 2248; x_wconf 90' lang='lat' dir='ltr'><strong>nomine</strong></span> <span class='ocrx_word' id='word_1_120' title='bbox 723 2192 858 2248; x_wconf 82' lang='lat' dir='ltr'><strong>sanctae</strong></span> <span class='ocrx_word' id='word_1_121' title='bbox 888 2192 920 2248; x_wconf 91' lang='lat' dir='ltr'><strong>et</strong></span> <span class='ocrx_word' id='word_1_122' title='bbox 947 2182 1115 2248; x_wconf 88' lang='lat' dir='ltr'><strong>individue</strong></span> <span class='ocrx_word' id='word_1_123' title='bbox 1143 2185 1306 2249; x_wconf 79' lang='lat' dir='ltr'><strong>trinitatis.</strong></span> <span class='ocrx_word' id='word_1_124' title='bbox 1352 2183 1430 2249; x_wconf 91' lang='lat' dir='ltr'><strong>Otto</strong></span> <span class='ocrx_word' id='word_1_125' title='bbox 1455 2185 1566 2250; x_wconf 89' lang='lat' dir='ltr'><strong>divina</strong></span> <span class='ocrx_word' id='word_1_126' title='bbox 1587 2185 1719 2252; x_wconf 86' lang='lat' dir='ltr'><strong>favente</strong></span> <span class='ocrx_word' id='word_1_127' title='bbox 1747 2185 1919 2252; x_wconf 85' lang='lat' dir='ltr'><strong>clementia</strong></span> 
     </span>
     <span class='ocr_line' id='line_1_14' title="bbox 262 2285 1919 2375; baseline 0.002 -23"><span class='ocrx_word' id='word_1_128' title='bbox 262 2289 448 2373; x_wconf 87' lang='lat' dir='ltr'><strong>imperator</strong></span> <span class='ocrx_word' id='word_1_129' title='bbox 463 2295 631 2372; x_wconf 88' lang='lat' dir='ltr'><strong>angustus.</strong></span> <span class='ocrx_word' id='word_1_130' title='bbox 717 2286 877 2352; x_wconf 86' lang='lat' dir='ltr'><strong>Noverint</strong></span> <span class='ocrx_word' id='word_1_131' title='bbox 895 2307 1007 2351; x_wconf 89' lang='lat' dir='ltr'><strong>omnes</strong></span> <span class='ocrx_word' id='word_1_132' title='bbox 1025 2285 1139 2351; x_wconf 85' lang='lat' dir='ltr'><strong>fideles</strong></span> <span class='ocrx_word' id='word_1_133' title='bbox 1161 2288 1265 2352; x_wconf 84' lang='lat' dir='ltr'><strong>nostri</strong></span> <span class='ocrx_word' id='word_1_134' title='bbox 1288 2296 1455 2372; x_wconf 80' lang='lat' dir='ltr'><strong>presentes</strong></span> <span class='ocrx_word' id='word_1_135' title='bbox 1478 2286 1632 2354; x_wconf 82' lang='lat' dir='ltr'><strong>videlicet</strong></span> <span class='ocrx_word' id='word_1_136' title='bbox 1653 2297 1686 2353; x_wconf 90' lang='lat' dir='ltr'><strong>et</strong></span> <span class='ocrx_word' id='word_1_137' title='bbox 1708 2289 1817 2372; x_wconf 67' lang='lat' dir='ltr'><strong>futiri</strong></span> <span class='ocrx_word' id='word_1_138' title='bbox 1842 2311 1919 2375; x_wconf 88' lang='lat' dir='ltr'><strong>que·</strong></span> 
     </span>
     <span class='ocr_line' id='line_1_15' title="bbox 270 2388 1919 2479; baseline 0.002 -24"><span class='ocrx_word' id='word_1_139' title='bbox 270 2390 344 2455; x_wconf 89' lang='lat' dir='ltr'><strong>liter</strong></span> <span class='ocrx_word' id='word_1_140' title='bbox 358 2412 418 2455; x_wconf 89' lang='lat' dir='ltr'><strong>nos</strong></span> <span class='ocrx_word' id='word_1_141' title='bbox 433 2413 494 2475; x_wconf 91' lang='lat' dir='ltr'><strong>pro</strong></span> <span class='ocrx_word' id='word_1_142' title='bbox 511 2398 599 2455; x_wconf 88' lang='lat' dir='ltr'><strong>statu</strong></span> <span class='ocrx_word' id='word_1_143' title='bbox 614 2391 705 2474; x_wconf 87' lang='lat' dir='ltr'><strong>regni</strong></span> <span class='ocrx_word' id='word_1_144' title='bbox 722 2392 824 2455; x_wconf 83' lang='lat' dir='ltr'><strong>nostri</strong></span> <span class='ocrx_word' id='word_1_145' title='bbox 846 2388 860 2472; x_wconf 65' lang='grc' dir='ltr'>ξ</span> <span class='ocrx_word' id='word_1_146' title='bbox 882 2399 914 2455; x_wconf 91' lang='lat' dir='ltr'><strong>et</strong></span> <span class='ocrx_word' id='word_1_147' title='bbox 928 2413 989 2475; x_wconf 91' lang='lat' dir='ltr'><strong>pro</strong></span> <span class='ocrx_word' id='word_1_148' title='bbox 1004 2391 1147 2459; x_wconf 89' lang='lat' dir='ltr'><strong>remedio</strong></span> <span class='ocrx_word' id='word_1_149' title='bbox 1167 2393 1275 2476; x_wconf 75' lang='lat' dir='ltr'><strong>anime</strong></span> <span class='ocrx_word' id='word_1_150' title='bbox 1299 2399 1410 2476; x_wconf 74' lang='lat' dir='ltr'><strong>nostre</strong></span> <span class='ocrx_word' id='word_1_151' title='bbox 1433 2390 1615 2478; x_wconf 84' lang='lat' dir='ltr'><strong>dilectoque</strong></span> <span class='ocrx_word' id='word_1_152' title='bbox 1637 2395 1786 2479; x_wconf 88' lang='lat' dir='ltr'><strong>coniugis</strong></span> <span class='ocrx_word' id='word_1_153' title='bbox 1806 2402 1919 2479; x_wconf 75' lang='lat' dir='ltr'><strong>nostre</strong></span> 
     </span>
    </p>

    <p class='ocr_par' dir='ltr' id='par_1_9' title="bbox 221 2493 1920 2994">
     <span class='ocr_line' id='line_1_16' title="bbox 221 2493 1918 2582; baseline 0.005 -28"><span class='ocrx_word' id='word_1_154' title='bbox 221 2507 253 2555; x_wconf 79' lang='lat'><strong>15</strong></span> <span class='ocrx_word' id='word_1_155' title='bbox 270 2493 452 2579; x_wconf 77' lang='lat' dir='ltr'><strong>Adalheide</strong></span> <span class='ocrx_word' id='word_1_156' title='bbox 476 2493 651 2580; x_wconf 80' lang='lat' dir='ltr'><strong>dilectique</strong></span> <span class='ocrx_word' id='word_1_157' title='bbox 672 2493 731 2558; x_wconf 90' lang='lat' dir='ltr'><strong>filii</strong></span> <span class='ocrx_word' id='word_1_158' title='bbox 755 2495 857 2558; x_wconf 91' lang='lat' dir='ltr'><strong>nostri</strong></span> <span class='ocrx_word' id='word_1_159' title='bbox 879 2496 966 2578; x_wconf 87' lang='lat' dir='ltr'><strong>regis</strong></span> <span class='ocrx_word' id='word_1_160' title='bbox 982 2493 1114 2560; x_wconf 89' lang='lat' dir='ltr'><strong>Ottonis</strong></span> <span class='ocrx_word' id='word_1_161' title='bbox 1136 2495 1202 2560; x_wconf 88' lang='lat' dir='ltr'><strong>tale</strong></span> <span class='ocrx_word' id='word_1_162' title='bbox 1224 2496 1373 2580; x_wconf 89' lang='lat' dir='ltr'><strong>predium</strong></span> <span class='ocrx_word' id='word_1_163' title='bbox 1397 2495 1492 2582; x_wconf 88' lang='lat' dir='ltr'><strong>quale</strong></span> <span class='ocrx_word' id='word_1_164' title='bbox 1515 2497 1549 2560; x_wconf 90' lang='lat' dir='ltr'><strong>in</strong></span> <span class='ocrx_word' id='word_1_165' title='bbox 1566 2507 1715 2563; x_wconf 89' lang='lat' dir='ltr'><strong>nostrum</strong></span> <span class='ocrx_word' id='word_1_166' title='bbox 1730 2499 1781 2564; x_wconf 88' lang='lat' dir='ltr'><strong>ius</strong></span> <span class='ocrx_word' id='word_1_167' title='bbox 1797 2497 1918 2563; x_wconf 91' lang='lat' dir='ltr'><strong>iudicio</strong></span> 
     </span>
     <span class='ocr_line' id='line_1_17' title="bbox 271 2597 1920 2686; baseline 0.001 -22"><span class='ocrx_word' id='word_1_168' title='bbox 271 2621 443 2685; x_wconf 87' lang='lat' dir='ltr'><strong>procerum</strong></span> <span class='ocrx_word' id='word_1_169' title='bbox 465 2607 651 2663; x_wconf 88' lang='lat' dir='ltr'><strong>nostrorum</strong></span> <span class='ocrx_word' id='word_1_170' title='bbox 674 2597 870 2662; x_wconf 88' lang='lat' dir='ltr'><strong>Vuormaoie</strong></span> <span class='ocrx_word' id='word_1_171' title='bbox 894 2597 1109 2663; x_wconf 90' lang='lat' dir='ltr'><strong>diiudicatum</strong></span> <span class='ocrx_word' id='word_1_172' title='bbox 1132 2608 1198 2682; x_wconf 88' lang='lat' dir='ltr'><strong>est,</strong></span> <span class='ocrx_word' id='word_1_173' title='bbox 1229 2597 1351 2664; x_wconf 88' lang='lat' dir='ltr'><strong>idcirco</strong></span> <span class='ocrx_word' id='word_1_174' title='bbox 1377 2599 1525 2686; x_wconf 79' lang='lat' dir='ltr'><strong>quiebi,</strong></span> <span class='ocrx_word' id='word_1_175' title='bbox 1548 2600 1703 2666; x_wconf 87' lang='lat' dir='ltr'><strong>videlieet</strong></span> <span class='ocrx_word' id='word_1_176' title='bbox 1725 2598 1920 2666; x_wconf 82' lang='lat' dir='ltr'><strong>Ouonradus</strong></span> 
     </span>
     <span class='ocr_line' id='line_1_18' title="bbox 271 2700 1920 2788; baseline 0.002 -22"><span class='ocrx_word' id='word_1_177' title='bbox 271 2713 304 2767; x_wconf 89' lang='lat' dir='ltr'><strong>et</strong></span> <span class='ocrx_word' id='word_1_178' title='bbox 324 2702 551 2785; x_wconf 81' lang='lat' dir='ltr'><strong>Eberhardus‚</strong></span> <span class='ocrx_word' id='word_1_179' title='bbox 585 2704 639 2788; x_wconf 90' lang='lat' dir='ltr'><strong>qui</strong></span> <span class='ocrx_word' id='word_1_180' title='bbox 662 2700 747 2766; x_wconf 88' lang='lat' dir='ltr'><strong>idem</strong></span> <span class='ocrx_word' id='word_1_181' title='bbox 770 2701 920 2787; x_wconf 76' lang='lat' dir='ltr'><strong>predium</strong></span> <span class='ocrx_word' id='word_1_182' title='bbox 941 2701 1124 2768; x_wconf 90' lang='lat' dir='ltr'><strong>habuerunt</strong></span> <span class='ocrx_word' id='word_1_183' title='bbox 1147 2713 1259 2786; x_wconf 87' lang='lat' dir='ltr'><strong>antea,</strong></span> <span class='ocrx_word' id='word_1_184' title='bbox 1293 2702 1415 2768; x_wconf 91' lang='lat' dir='ltr'><strong>iudicio</strong></span> <span class='ocrx_word' id='word_1_185' title='bbox 1446 2704 1589 2768; x_wconf 88' lang='lat' dir='ltr'><strong>omnium</strong></span> <span class='ocrx_word' id='word_1_186' title='bbox 1616 2706 1792 2788; x_wconf 90' lang='lat' dir='ltr'><strong>primatum</strong></span> <span class='ocrx_word' id='word_1_187' title='bbox 1817 2705 1920 2770; x_wconf 85' lang='lat' dir='ltr'><strong>Fran·</strong></span> 
     </span>
     <span class='ocr_line' id='line_1_19' title="bbox 272 2803 1919 2892; baseline 0.003 -22"><span class='ocrx_word' id='word_1_188' title='bbox 272 2827 384 2870; x_wconf 89' lang='lat' dir='ltr'><strong>corum</strong></span> <span class='ocrx_word' id='word_1_189' title='bbox 405 2827 473 2870; x_wconf 90' lang='lat' dir='ltr'><strong>non</strong></span> <span class='ocrx_word' id='word_1_190' title='bbox 495 2805 638 2890; x_wconf 87' lang='lat' dir='ltr'><strong>legitime</strong></span> <span class='ocrx_word' id='word_1_191' title='bbox 661 2827 733 2870; x_wconf 86' lang='lat' dir='ltr'><strong>esse</strong></span> <span class='ocrx_word' id='word_1_192' title='bbox 754 2803 885 2891; x_wconf 89' lang='lat' dir='ltr'><strong>probati</strong></span> <span class='ocrx_word' id='word_1_193' title='bbox 909 2816 999 2888; x_wconf 88' lang='lat' dir='ltr'><strong>sunt,</strong></span> <span class='ocrx_word' id='word_1_194' title='bbox 1032 2807 1144 2892; x_wconf 89' lang='lat' dir='ltr'><strong>sicque</strong></span> <span class='ocrx_word' id='word_1_195' title='bbox 1165 2805 1247 2872; x_wconf 87' lang='lat' dir='ltr'><strong>fisco</strong></span> <span class='ocrx_word' id='word_1_196' title='bbox 1269 2813 1382 2870; x_wconf 90' lang='lat' dir='ltr'><strong>nostro</strong></span> <span class='ocrx_word' id='word_1_197' title='bbox 1406 2804 1556 2890; x_wconf 84' lang='lat' dir='ltr'><strong>legaliter</strong></span> <span class='ocrx_word' id='word_1_198' title='bbox 1577 2806 1762 2891; x_wconf 86' lang='lat' dir='ltr'><strong>addictum,</strong></span> <span class='ocrx_word' id='word_1_199' title='bbox 1790 2807 1919 2875; x_wconf 91' lang='lat' dir='ltr'><strong>demum</strong></span> 
     </span>
     <span class='ocr_line' id='line_1_20' title="bbox 272 2907 1919 2994; baseline 0.003 -22"><span class='ocrx_word' id='word_1_200' title='bbox 272 2929 331 2993; x_wconf 88' lang='lat' dir='ltr'><strong>per</strong></span> <span class='ocrx_word' id='word_1_201' title='bbox 352 2907 608 2972; x_wconf 89' lang='lat' dir='ltr'><strong>admonitionem</strong></span> <span class='ocrx_word' id='word_1_202' title='bbox 630 2907 688 2972; x_wconf 91' lang='lat' dir='ltr'><strong>filii</strong></span> <span class='ocrx_word' id='word_1_203' title='bbox 711 2909 813 2972; x_wconf 91' lang='lat' dir='ltr'><strong>nostri</strong></span> <span class='ocrx_word' id='word_1_204' title='bbox 836 2907 1037 2973; x_wconf 91' lang='lat' dir='ltr'><strong>Uuillihelmi</strong></span> <span class='ocrx_word' id='word_1_205' title='bbox 1059 2908 1368 2994; x_wconf 82' lang='lat' dir='ltr'><strong>Mogonoiaoensis¹</strong></span> <span class='ocrx_word' id='word_1_206' title='bbox 1395 2907 1575 2974; x_wconf 88' lang='lat' dir='ltr'><strong>aecclesiae</strong></span> <span class='ocrx_word' id='word_1_207' title='bbox 1597 2910 1793 2977; x_wconf 88' lang='lat' dir='ltr'><strong>venerabilis</strong></span> <span class='ocrx_word' id='word_1_208' title='bbox 1817 2911 1919 2977; x_wconf 88' lang='lat' dir='ltr'><strong>archi·</strong></span> 
     </span>
    </p>

    <p class='ocr_par' dir='ltr' id='par_1_10' title="bbox 221 3008 1921 3516">
     <span class='ocr_line' id='line_1_21' title="bbox 221 3008 1921 3100; baseline 0.005 -29"><span class='ocrx_word' id='word_1_209' title='bbox 221 3012 418 3097; x_wconf 64' lang='lat' dir='ltr'><strong>coepiscopi</strong></span> <span class='ocrx_word' id='word_1_210' title='bbox 442 3020 568 3096; x_wconf 87' lang='lat' dir='ltr'><strong>partem</strong></span> <span class='ocrx_word' id='word_1_211' title='bbox 590 3008 677 3075; x_wconf 91' lang='lat' dir='ltr'><strong>illius</strong></span> <span class='ocrx_word' id='word_1_212' title='bbox 699 3011 844 3096; x_wconf 89' lang='lat' dir='ltr'><strong>praedii:</strong></span> <span class='ocrx_word' id='word_1_213' title='bbox 868 3021 973 3077; x_wconf 91' lang='lat' dir='ltr'><strong>totum</strong></span> <span class='ocrx_word' id='word_1_214' title='bbox 996 3012 1084 3100; x_wconf 90' lang='lat' dir='ltr'><strong>quod</strong></span> <span class='ocrx_word' id='word_1_215' title='bbox 1107 3014 1203 3077; x_wconf 89' lang='lat' dir='ltr'><strong>situm</strong></span> <span class='ocrx_word' id='word_1_216' title='bbox 1227 3014 1332 3078; x_wconf 85' lang='lat' dir='ltr'><strong>estin</strong></span> <span class='ocrx_word' id='word_1_217' title='bbox 1355 3034 1441 3098; x_wconf 89' lang='lat' dir='ltr'><strong>pago</strong></span> <span class='ocrx_word' id='word_1_218' title='bbox 1464 3013 1659 3098; x_wconf 88' lang='lat' dir='ltr'><strong>Nahgeuue,</strong></span> <span class='ocrx_word' id='word_1_219' title='bbox 1689 3013 1813 3079; x_wconf 86' lang='lat' dir='ltr'><strong>scilicet</strong></span> <span class='ocrx_word' id='word_1_220' title='bbox 1835 3015 1921 3080; x_wconf 85' lang='lat' dir='ltr'><strong>infra</strong></span> 
     </span>
     <span class='ocr_line' id='line_1_22' title="bbox 273 3111 1921 3201; baseline 0.003 -23"><span class='ocrx_word' id='word_1_221' title='bbox 273 3111 385 3178; x_wconf 89' lang='lat' dir='ltr'><strong>urbem</strong></span> <span class='ocrx_word' id='word_1_222' title='bbox 407 3112 617 3197; x_wconf 85' lang='lat' dir='ltr'><strong>Mogonciam</strong></span> <span class='ocrx_word' id='word_1_223' title='bbox 640 3116 873 3179; x_wconf 89' lang='lat' dir='ltr'><strong>monasterium</strong></span> <span class='ocrx_word' id='word_1_224' title='bbox 896 3114 985 3200; x_wconf 90' lang='lat' dir='ltr'><strong>quod</strong></span> <span class='ocrx_word' id='word_1_225' title='bbox 1007 3125 1144 3180; x_wconf 87' lang='lat' dir='ltr'><strong>vocatur</strong></span> <span class='ocrx_word' id='word_1_226' title='bbox 1165 3116 1502 3201; x_wconf 84' lang='lat' dir='ltr'><strong>Hagenonmunistar‚</strong></span> <span class='ocrx_word' id='word_1_227' title='bbox 1537 3138 1611 3182; x_wconf 92' lang='lat' dir='ltr'><strong>cum</strong></span> <span class='ocrx_word' id='word_1_228' title='bbox 1641 3117 1795 3184; x_wconf 87' lang='lat' dir='ltr'><strong>omnibus</strong></span> <span class='ocrx_word' id='word_1_229' title='bbox 1822 3118 1921 3184; x_wconf 89' lang='lat' dir='ltr'><strong>adid</strong></span> 
     </span>
     <span class='ocr_line' id='line_1_23' title="bbox 273 3215 1920 3306; baseline 0.005 -26"><span class='ocrx_word' id='word_1_230' title='bbox 273 3218 341 3282; x_wconf 88' lang='lat' dir='ltr'><strong>iure</strong></span> <span class='ocrx_word' id='word_1_231' title='bbox 369 3215 621 3301; x_wconf 88' lang='lat' dir='ltr'><strong>pertinentibus,</strong></span> <span class='ocrx_word' id='word_1_232' title='bbox 656 3217 803 3303; x_wconf 73' lang='lat' dir='ltr'><strong>ecclesiis</strong></span> <span class='ocrx_word' id='word_1_233' title='bbox 833 3219 1002 3283; x_wconf 88' lang='lat' dir='ltr'><strong>territoriis</strong></span> <span class='ocrx_word' id='word_1_234' title='bbox 1030 3218 1187 3284; x_wconf 88' lang='lat' dir='ltr'><strong>aedificiis</strong></span> <span class='ocrx_word' id='word_1_235' title='bbox 1217 3221 1301 3286; x_wconf 88' lang='lat' dir='ltr'><strong>areis</strong></span> <span class='ocrx_word' id='word_1_236' title='bbox 1329 3217 1500 3306; x_wconf 67' lang='lat' dir='ltr'><strong>possesisb</strong></span> <span class='ocrx_word' id='word_1_237' title='bbox 1528 3229 1561 3284; x_wconf 89' lang='lat' dir='ltr'><strong>et</strong></span> <span class='ocrx_word' id='word_1_238' title='bbox 1588 3220 1795 3306; x_wconf 82' lang='lat' dir='ltr'><strong>possidendis</strong></span> <span class='ocrx_word' id='word_1_239' title='bbox 1819 3224 1920 3288; x_wconf 85' lang='lat' dir='ltr'><strong>servis</strong></span> 
     </span>
     <span class='ocr_line' id='line_1_24' title="bbox 272 3320 1921 3414; baseline 0.005 -31"><span class='ocrx_word' id='word_1_240' title='bbox 272 3321 384 3404; x_wconf 88' lang='lat' dir='ltr'><strong>regiis,</strong></span> <span class='ocrx_word' id='word_1_241' title='bbox 419 3320 522 3384; x_wconf 87' lang='lat' dir='ltr'><strong>servis</strong></span> <span class='ocrx_word' id='word_1_242' title='bbox 550 3320 774 3405; x_wconf 84' lang='lat' dir='ltr'><strong>censualibus,</strong></span> <span class='ocrx_word' id='word_1_243' title='bbox 809 3322 910 3386; x_wconf 88' lang='lat' dir='ltr'><strong>servis</strong></span> <span class='ocrx_word' id='word_1_244' title='bbox 939 3321 1059 3386; x_wconf 84' lang='lat' dir='ltr'><strong>cotidie</strong></span> <span class='ocrx_word' id='word_1_245' title='bbox 1090 3323 1305 3389; x_wconf 87' lang='lat' dir='ltr'><strong>servientibus</strong></span> <span class='ocrx_word' id='word_1_246' title='bbox 1333 3325 1427 3388; x_wconf 85' lang='lat' dir='ltr'><strong>terris</strong></span> <span class='ocrx_word' id='word_1_247' title='bbox 1456 3324 1553 3389; x_wconf 87' lang='lat' dir='ltr'><strong>cultis</strong></span> <span class='ocrx_word' id='word_1_248' title='bbox 1583 3335 1615 3390; x_wconf 87' lang='lat' dir='ltr'><strong>et</strong></span> <span class='ocrx_word' id='word_1_249' title='bbox 1641 3324 1797 3390; x_wconf 79' lang='lat' dir='ltr'><strong>incultis⁰</strong></span> <span class='ocrx_word' id='word_1_250' title='bbox 1827 3328 1921 3414; x_wconf 87' lang='lat' dir='ltr'><strong>aquis</strong></span> 
     </span>
     <span class='ocr_line' id='line_1_25' title="bbox 273 3423 1920 3516; baseline 0.007 -31"><span class='ocrx_word' id='word_1_251' title='bbox 273 3444 494 3510; x_wconf 89' lang='lat' dir='ltr'><strong>aquarumque</strong></span> <span class='ocrx_word' id='word_1_252' title='bbox 523 3423 714 3490; x_wconf 84' lang='lat' dir='ltr'><strong>decursibus</strong></span> <span class='ocrx_word' id='word_1_253' title='bbox 743 3426 884 3508; x_wconf 86' lang='lat' dir='ltr'><strong>navigiis</strong></span> <span class='ocrx_word' id='word_1_254' title='bbox 914 3424 1108 3491; x_wconf 88' lang='lat' dir='ltr'><strong>molendinis</strong></span> <span class='ocrx_word' id='word_1_255' title='bbox 1136 3429 1197 3492; x_wconf 88' lang='lat' dir='ltr'><strong>viis</strong></span> <span class='ocrx_word' id='word_1_256' title='bbox 1227 3438 1259 3494; x_wconf 92' lang='lat' dir='ltr'><strong>et</strong></span> <span class='ocrx_word' id='word_1_257' title='bbox 1286 3429 1382 3494; x_wconf 87' lang='lat' dir='ltr'><strong>inviis</strong></span> <span class='ocrx_word' id='word_1_258' title='bbox 1412 3428 1554 3494; x_wconf 86' lang='lat' dir='ltr'><strong>exitibus</strong></span> <span class='ocrx_word' id='word_1_259' title='bbox 1577 3438 1610 3493; x_wconf 90' lang='lat' dir='ltr'><strong>et</strong></span> <span class='ocrx_word' id='word_1_260' title='bbox 1632 3427 1790 3496; x_wconf 87' lang='lat' dir='ltr'><strong>reditibus</strong></span> <span class='ocrx_word' id='word_1_261' title='bbox 1816 3432 1920 3516; x_wconf 87' lang='lat' dir='ltr'><strong>pratis</strong></span> 
     </span>
    </p>

    <p class='ocr_par' dir='ltr' id='par_1_11' title="bbox 222 3527 1921 4034">
     <span class='ocr_line' id='line_1_26' title="bbox 222 3527 1920 3618; baseline 0.007 -32"><span class='ocrx_word' id='word_1_262' title='bbox 222 3537 256 3586; x_wconf 74' lang='lat'><strong>25</strong></span> <span class='ocrx_word' id='word_1_263' title='bbox 274 3529 403 3612; x_wconf 85' lang='lat' dir='ltr'><strong>pascuis</strong></span> <span class='ocrx_word' id='word_1_264' title='bbox 427 3527 517 3593; x_wconf 90' lang='lat' dir='ltr'><strong>silvis</strong></span> <span class='ocrx_word' id='word_1_265' title='bbox 540 3527 788 3613; x_wconf 87' lang='lat' dir='ltr'><strong>piscationibus,</strong></span> <span class='ocrx_word' id='word_1_266' title='bbox 813 3529 961 3595; x_wconf 87' lang='lat' dir='ltr'><strong>similiter</strong></span> <span class='ocrx_word' id='word_1_267' title='bbox 982 3533 1016 3595; x_wconf 91' lang='lat' dir='ltr'><strong>in</strong></span> <span class='ocrx_word' id='word_1_268' title='bbox 1039 3530 1165 3616; x_wconf 74' lang='lat' dir='ltr'><strong>prefato</strong></span> <span class='ocrx_word' id='word_1_269' title='bbox 1189 3553 1275 3616; x_wconf 87' lang='lat' dir='ltr'><strong>pago</strong></span> <span class='ocrx_word' id='word_1_270' title='bbox 1293 3532 1474 3618; x_wconf 88' lang='lat' dir='ltr'><strong>Nahgeuue</strong></span> <span class='ocrx_word' id='word_1_271' title='bbox 1496 3535 1529 3596; x_wconf 92' lang='lat' dir='ltr'><strong>in</strong></span> <span class='ocrx_word' id='word_1_272' title='bbox 1552 3535 1711 3597; x_wconf 83' lang='lat' dir='ltr'><strong>comitatu</strong></span> <span class='ocrx_word' id='word_1_273' title='bbox 1729 3533 1920 3598; x_wconf 83' lang='lat' dir='ltr'><strong>Emichonis</strong></span> 
     </span>
     <span class='ocr_line' id='line_1_27' title="bbox 275 3631 1920 3720; baseline 0.003 -25"><span class='ocrx_word' id='word_1_274' title='bbox 275 3632 403 3696; x_wconf 88' lang='lat' dir='ltr'><strong>comitis</strong></span> <span class='ocrx_word' id='word_1_275' title='bbox 425 3633 459 3696; x_wconf 91' lang='lat' dir='ltr'><strong>in</strong></span> <span class='ocrx_word' id='word_1_276' title='bbox 481 3631 555 3696; x_wconf 87' lang='lat' dir='ltr'><strong>loco</strong></span> <span class='ocrx_word' id='word_1_277' title='bbox 580 3633 635 3717; x_wconf 88' lang='lat' dir='ltr'><strong>qui</strong></span> <span class='ocrx_word' id='word_1_278' title='bbox 659 3631 778 3697; x_wconf 89' lang='lat' dir='ltr'><strong>dicitur</strong></span> <span class='ocrx_word' id='word_1_279' title='bbox 793 3631 1011 3718; x_wconf 74' lang='lat' dir='ltr'><strong>Gogimheim,</strong></span> <span class='ocrx_word' id='word_1_280' title='bbox 1034 3634 1190 3720; x_wconf 90' lang='lat' dir='ltr'><strong>quicquid</strong></span> <span class='ocrx_word' id='word_1_281' title='bbox 1211 3635 1298 3700; x_wconf 92' lang='lat' dir='ltr'><strong>idem</strong></span> <span class='ocrx_word' id='word_1_282' title='bbox 1319 3636 1366 3700; x_wconf 92' lang='lat' dir='ltr'><strong>ibi</strong></span> <span class='ocrx_word' id='word_1_283' title='bbox 1388 3637 1450 3700; x_wconf 88' lang='lat' dir='ltr'><strong>visi</strong></span> <span class='ocrx_word' id='word_1_284' title='bbox 1474 3645 1549 3701; x_wconf 89' lang='lat' dir='ltr'><strong>sunt</strong></span> <span class='ocrx_word' id='word_1_285' title='bbox 1570 3635 1700 3719; x_wconf 87' lang='lat' dir='ltr'><strong>habere,</strong></span> <span class='ocrx_word' id='word_1_286' title='bbox 1724 3657 1800 3701; x_wconf 91' lang='lat' dir='ltr'><strong>cum</strong></span> <span class='ocrx_word' id='word_1_287' title='bbox 1818 3638 1920 3701; x_wconf 91' lang='lat' dir='ltr'><strong>omni·</strong></span> 
     </span>
     <span class='ocr_line' id='line_1_28' title="bbox 275 3733 1920 3826; baseline 0.004 -28"><span class='ocrx_word' id='word_1_288' title='bbox 275 3733 335 3799; x_wconf 89' lang='lat' dir='ltr'><strong>bns</strong></span> <span class='ocrx_word' id='word_1_289' title='bbox 358 3733 402 3798; x_wconf 87' lang='lat' dir='ltr'><strong>ad</strong></span> <span class='ocrx_word' id='word_1_290' title='bbox 424 3735 563 3800; x_wconf 91' lang='lat' dir='ltr'><strong>eundem</strong></span> <span class='ocrx_word' id='word_1_291' title='bbox 584 3735 693 3802; x_wconf 91' lang='lat' dir='ltr'><strong>locum</strong></span> <span class='ocrx_word' id='word_1_292' title='bbox 716 3737 969 3822; x_wconf 87' lang='lat' dir='ltr'><strong>pertinentibus,</strong></span> <span class='ocrx_word' id='word_1_293' title='bbox 1004 3738 1081 3802; x_wconf 88' lang='lat' dir='ltr'><strong>item</strong></span> <span class='ocrx_word' id='word_1_294' title='bbox 1110 3741 1143 3803; x_wconf 89' lang='lat' dir='ltr'><strong>in</strong></span> <span class='ocrx_word' id='word_1_295' title='bbox 1165 3761 1252 3826; x_wconf 89' lang='lat' dir='ltr'><strong>pago</strong></span> <span class='ocrx_word' id='word_1_296' title='bbox 1276 3736 1507 3825; x_wconf 80' lang='lat' dir='ltr'><strong>Spirihgeuui‘l</strong></span> <span class='ocrx_word' id='word_1_297' title='bbox 1535 3741 1568 3804; x_wconf 91' lang='lat' dir='ltr'><strong>in</strong></span> <span class='ocrx_word' id='word_1_298' title='bbox 1595 3741 1751 3804; x_wconf 87' lang='lat' dir='ltr'><strong>comitatu</strong></span> <span class='ocrx_word' id='word_1_299' title='bbox 1775 3739 1920 3826; x_wconf 83' lang='lat' dir='ltr'><strong>Gerungi</strong></span> 
     </span>
     <span class='ocr_line' id='line_1_29' title="bbox 275 3839 1921 3930; baseline 0.007 -30"><span class='ocrx_word' id='word_1_300' title='bbox 275 3839 402 3902; x_wconf 89' lang='lat' dir='ltr'><strong>comitis</strong></span> <span class='ocrx_word' id='word_1_301' title='bbox 427 3860 521 3904; x_wconf 90' lang='lat' dir='ltr'><strong>omne</strong></span> <span class='ocrx_word' id='word_1_302' title='bbox 543 3839 691 3925; x_wconf 89' lang='lat' dir='ltr'><strong>predium</strong></span> <span class='ocrx_word' id='word_1_303' title='bbox 716 3840 804 3926; x_wconf 91' lang='lat' dir='ltr'><strong>quod</strong></span> <span class='ocrx_word' id='word_1_304' title='bbox 825 3841 912 3907; x_wconf 90' lang='lat' dir='ltr'><strong>idem</strong></span> <span class='ocrx_word' id='word_1_305' title='bbox 933 3843 1050 3908; x_wconf 75' lang='lat' dir='ltr'><strong>lintres</strong></span> <span class='ocrx_word' id='word_1_306' title='bbox 1073 3846 1107 3909; x_wconf 91' lang='lat' dir='ltr'><strong>in</strong></span> <span class='ocrx_word' id='word_1_307' title='bbox 1122 3843 1201 3908; x_wconf 89' lang='lat' dir='ltr'><strong>villa</strong></span> <span class='ocrx_word' id='word_1_308' title='bbox 1224 3866 1286 3930; x_wconf 74' lang='lat' dir='ltr'><strong>que</strong></span> <span class='ocrx_word' id='word_1_309' title='bbox 1309 3843 1428 3909; x_wconf 91' lang='lat' dir='ltr'><strong>dicitur</strong></span> <span class='ocrx_word' id='word_1_310' title='bbox 1443 3842 1598 3930; x_wconf 87' lang='lat' dir='ltr'><strong>Spirdorf</strong></span> <span class='ocrx_word' id='word_1_311' title='bbox 1608 3846 1670 3909; x_wconf 88' lang='lat' dir='ltr'><strong>visi</strong></span> <span class='ocrx_word' id='word_1_312' title='bbox 1693 3855 1767 3910; x_wconf 90' lang='lat' dir='ltr'><strong>sunt</strong></span> <span class='ocrx_word' id='word_1_313' title='bbox 1789 3845 1921 3928; x_wconf 86' lang='lat' dir='ltr'><strong>habere,</strong></span> 
     </span>
     <span class='ocr_line' id='line_1_30' title="bbox 275 3939 1921 4034; baseline 0.007 -30"><span class='ocrx_word' id='word_1_314' title='bbox 275 3939 319 4005; x_wconf 87' lang='lat' dir='ltr'><strong>ad</strong></span> <span class='ocrx_word' id='word_1_315' title='bbox 340 3940 560 4007; x_wconf 77' lang='lat' dir='ltr'><strong>‹ecclaesiamb</strong></span> <span class='ocrx_word' id='word_1_316' title='bbox 583 3965 681 4030; x_wconf 89' lang='lat' dir='ltr'><strong>quam</strong></span> <span class='ocrx_word' id='word_1_317' title='bbox 703 3967 763 4009; x_wconf 89' lang='lat' dir='ltr'><strong>nos</strong></span> <span class='ocrx_word' id='word_1_318' title='bbox 786 3945 819 4008; x_wconf 92' lang='lat' dir='ltr'><strong>in</strong></span> <span class='ocrx_word' id='word_1_319' title='bbox 842 3944 999 4011; x_wconf 90' lang='lat' dir='ltr'><strong>honorem</strong></span> <span class='ocrx_word' id='word_1_320' title='bbox 1020 3945 1109 4011; x_wconf 87' lang='lat' dir='ltr'><strong>beati</strong></span> <span class='ocrx_word' id='word_1_321' title='bbox 1125 3948 1212 4011; x_wconf 89' lang='lat' dir='ltr'><strong>Petri</strong></span> <span class='ocrx_word' id='word_1_322' title='bbox 1236 3948 1392 4033; x_wconf 88' lang='lat' dir='ltr'><strong>principis</strong></span> <span class='ocrx_word' id='word_1_323' title='bbox 1415 3947 1639 4034; x_wconf 88' lang='lat' dir='ltr'><strong>apostolorum</strong></span> <span class='ocrx_word' id='word_1_324' title='bbox 1657 3958 1689 4013; x_wconf 93' lang='lat' dir='ltr'><strong>et</strong></span> <span class='ocrx_word' id='word_1_325' title='bbox 1707 3951 1813 4014; x_wconf 87' lang='lat' dir='ltr'><strong>sancti</strong></span> <span class='ocrx_word' id='word_1_326' title='bbox 1828 3949 1921 4015; x_wconf 87' lang='lat' dir='ltr'><strong>Mau·</strong></span> 
     </span>
    </p>

    <p class='ocr_par' dir='ltr' id='par_1_12' title="bbox 225 4045 1922 4344">
     <span class='ocr_line' id='line_1_31' title="bbox 225 4045 1922 4138; baseline 0.007 -32"><span class='ocrx_word' id='word_1_327' title='bbox 225 4053 258 4102; x_wconf 83' lang='lat'><strong>30</strong></span> <span class='ocrx_word' id='word_1_328' title='bbox 275 4045 346 4108; x_wconf 90' lang='lat' dir='ltr'><strong>ricii</strong></span> <span class='ocrx_word' id='word_1_329' title='bbox 368 4047 508 4110; x_wconf 86' lang='lat' dir='ltr'><strong>martiris</strong></span> <span class='ocrx_word' id='word_1_330' title='bbox 531 4047 564 4111; x_wconf 91' lang='lat' dir='ltr'><strong>in</strong></span> <span class='ocrx_word' id='word_1_331' title='bbox 587 4046 817 4133; x_wconf 87' lang='lat' dir='ltr'><strong>Magadaburg</strong></span> <span class='ocrx_word' id='word_1_332' title='bbox 838 4052 1056 4115; x_wconf 88' lang='lat' dir='ltr'><strong>construimus</strong></span> <span class='ocrx_word' id='word_1_333' title='bbox 1068 4049 1091 4131; x_wconf 65' lang='lat' dir='ltr'><strong>b,</strong></span> <span class='ocrx_word' id='word_1_334' title='bbox 1126 4051 1159 4114; x_wconf 91' lang='lat' dir='ltr'><strong>in</strong></span> <span class='ocrx_word' id='word_1_335' title='bbox 1188 4059 1379 4138; x_wconf 90' lang='lat' dir='ltr'><strong>perpetuum</strong></span> <span class='ocrx_word' id='word_1_336' title='bbox 1408 4054 1575 4138; x_wconf 79' lang='lat' dir='ltr'><strong>proprium</strong></span> <span class='ocrx_word' id='word_1_337' title='bbox 1604 4052 1775 4118; x_wconf 86' lang='lat' dir='ltr'><strong>donamus.</strong></span> <span class='ocrx_word' id='word_1_338' title='bbox 1820 4053 1865 4118; x_wconf 89' lang='lat' dir='ltr'><strong>Et</strong></span> <span class='ocrx_word' id='word_1_339' title='bbox 1886 4064 1922 4118; x_wconf 89' lang='lat' dir='ltr'><strong>ut</strong></span> 
     </span>
     <span class='ocr_line' id='line_1_32' title="bbox 275 4147 1921 4242; baseline 0.004 -29"><span class='ocrx_word' id='word_1_340' title='bbox 275 4147 360 4234; x_wconf 72' lang='lat' dir='ltr'><strong>becb</strong></span> <span class='ocrx_word' id='word_1_341' title='bbox 383 4161 492 4236; x_wconf 75' lang='lat' dir='ltr'><strong>nostre</strong></span> <span class='ocrx_word' id='word_1_342' title='bbox 515 4154 717 4218; x_wconf 84' lang='lat' dir='ltr'><strong>auctoritatis</strong></span> <span class='ocrx_word' id='word_1_343' title='bbox 740 4164 931 4237; x_wconf 90' lang='lat' dir='ltr'><strong>preceptum</strong></span> <span class='ocrx_word' id='word_1_344' title='bbox 953 4155 1081 4220; x_wconf 89' lang='lat' dir='ltr'><strong>firmum</strong></span> <span class='ocrx_word' id='word_1_345' title='bbox 1098 4154 1278 4242; x_wconf 88' lang='lat' dir='ltr'><strong>stabileque</strong></span> <span class='ocrx_word' id='word_1_346' title='bbox 1294 4165 1494 4242; x_wconf 88' lang='lat' dir='ltr'><strong>permaneat,</strong></span> <span class='ocrx_word' id='word_1_347' title='bbox 1516 4155 1601 4220; x_wconf 87' lang='lat' dir='ltr'><strong>hanc</strong></span> <span class='ocrx_word' id='word_1_348' title='bbox 1617 4165 1742 4236; x_wconf 81' lang='lat' dir='ltr'><strong>certam</strong></span> <span class='ocrx_word' id='word_1_349' title='bbox 1758 4156 1921 4222; x_wconf 88' lang='lat' dir='ltr'><strong>conscribi</strong></span> 
     </span>
     <span class='ocr_line' id='line_1_33' title="bbox 276 4253 1920 4344; baseline 0.005 -27"><span class='ocrx_word' id='word_1_350' title='bbox 276 4262 309 4317; x_wconf 90' lang='lat' dir='ltr'><strong>et</strong></span> <span class='ocrx_word' id='word_1_351' title='bbox 330 4253 419 4319; x_wconf 85' lang='lat' dir='ltr'><strong>anuli</strong></span> <span class='ocrx_word' id='word_1_352' title='bbox 441 4258 544 4320; x_wconf 88' lang='lat' dir='ltr'><strong>nostn&#39;</strong></span> <span class='ocrx_word' id='word_1_353' title='bbox 565 4258 780 4342; x_wconf 87' lang='lat' dir='ltr'><strong>impressione</strong></span> <span class='ocrx_word' id='word_1_354' title='bbox 803 4258 925 4341; x_wconf 89' lang='lat' dir='ltr'><strong>signari</strong></span> <span class='ocrx_word' id='word_1_355' title='bbox 947 4259 1110 4342; x_wconf 88' lang='lat' dir='ltr'><strong>iussimus,</strong></span> <span class='ocrx_word' id='word_1_356' title='bbox 1135 4281 1234 4344; x_wconf 89' lang='lat' dir='ltr'><strong>quam</strong></span> <span class='ocrx_word' id='word_1_357' title='bbox 1256 4268 1289 4323; x_wconf 90' lang='lat' dir='ltr'><strong>et</strong></span> <span class='ocrx_word' id='word_1_358' title='bbox 1306 4260 1439 4344; x_wconf 91' lang='lat' dir='ltr'><strong>propria</strong></span> <span class='ocrx_word' id='word_1_359' title='bbox 1457 4281 1557 4325; x_wconf 82' lang='lat' dir='ltr'><strong>manu</strong></span> <span class='ocrx_word' id='word_1_360' title='bbox 1575 4257 1690 4326; x_wconf 89' lang='lat' dir='ltr'><strong>subtus</strong></span> <span class='ocrx_word' id='word_1_361' title='bbox 1707 4260 1920 4326; x_wconf 88' lang='lat' dir='ltr'><strong>firmavimus.</strong></span> 
     </span>
    </p>
   </div>
   <div class='ocr_carea' id='block_1_9' title="bbox 377 4416 1922 4629">
    <p class='ocr_par' dir='ltr' id='par_1_13' title="bbox 377 4416 1922 4629">
     <span class='ocr_line' id='line_1_34' title="bbox 377 4416 1384 4508; baseline 0.003 -23"><span class='ocrx_word' id='word_1_362' title='bbox 377 4416 391 4498; x_wconf 73' lang='lat' dir='ltr'><strong>l</strong></span> <span class='ocrx_word' id='word_1_363' title='bbox 412 4417 548 4502; x_wconf 86' lang='lat' dir='ltr'><strong>Signum</strong></span> <span class='ocrx_word' id='word_1_364' title='bbox 570 4419 694 4485; x_wconf 90' lang='lat' dir='ltr'><strong>domini</strong></span> <span class='ocrx_word' id='word_1_365' title='bbox 716 4418 847 4485; x_wconf 89' lang='lat' dir='ltr'><strong>Ottonis</strong></span> <span class='ocrx_word' id='word_1_366' title='bbox 868 4421 959 4502; x_wconf 73' lang='lat' dir='ltr'><strong>(Mn)</strong></span> <span class='ocrx_word' id='word_1_367' title='bbox 980 4423 1185 4506; x_wconf 87' lang='lat' dir='ltr'><strong>imperatoris</strong></span> <span class='ocrx_word' id='word_1_368' title='bbox 1207 4423 1347 4508; x_wconf 85' lang='lat' dir='ltr'><strong>augusti.</strong></span> <span class='ocrx_word' id='word_1_369' title='bbox 1370 4423 1384 4506; x_wconf 70' lang='grc' dir='ltr'>ξ</span> 
     </span>
     <span class='ocr_line' id='line_1_35' title="bbox 377 4536 1922 4629; baseline 0.004 -26"><span class='ocrx_word' id='word_1_370' title='bbox 377 4536 391 4620; x_wconf 66' lang='lat' dir='ltr'><strong>i</strong></span> <span class='ocrx_word' id='word_1_371' title='bbox 413 4538 594 4605; x_wconf 77' lang='lat' dir='ltr'><strong>Liudoliub</strong></span> <span class='ocrx_word' id='word_1_372' title='bbox 616 4541 764 4606; x_wconf 81' lang='lat' dir='ltr'><strong>notarius</strong></span> <span class='ocrx_word' id='word_1_373' title='bbox 779 4542 930 4607; x_wconf 88' lang='lat' dir='ltr'><strong>advicem</strong></span> <span class='ocrx_word' id='word_1_374' title='bbox 944 4542 1145 4608; x_wconf 88' lang='lat' dir='ltr'><strong>Uuillibelmi</strong></span> <span class='ocrx_word' id='word_1_375' title='bbox 1161 4542 1437 4629; x_wconf 87' lang='lat' dir='ltr'><strong>archicappellani</strong></span> <span class='ocrx_word' id='word_1_376' title='bbox 1454 4544 1641 4628; x_wconf 83' lang='lat' dir='ltr'><strong>recognovi.</strong></span> <span class='ocrx_word' id='word_1_377' title='bbox 1664 4545 1678 4627; x_wconf 64' lang='grc' dir='ltr'>ξ</span> <span class='ocrx_word' id='word_1_378' title='bbox 1702 4547 1759 4626; x_wconf 84' lang='lat' dir='ltr'>(SI.</span> <span class='ocrx_word' id='word_1_379' title='bbox 1772 4547 1823 4627; x_wconf 87' lang='lat' dir='ltr'><strong>D.)</strong></span> <span class='ocrx_word' id='word_1_380' title='bbox 1840 4546 1922 4628; x_wconf 83' lang='lat' dir='ltr'><strong>(SR.)</strong></span> 
     </span>
    </p>
   </div>
   <div class='ocr_carea' id='block_1_10' title="bbox 226 4701 1922 4790">
    <p class='ocr_par' dir='ltr' id='par_1_14' title="bbox 226 4701 1922 4790">
     <span class='ocr_line' id='line_1_36' title="bbox 226 4701 1922 4790; baseline 0.005 -26"><span class='ocrx_word' id='word_1_381' title='bbox 226 4715 258 4763; x_wconf 80' lang='lat'><strong>35</strong></span> <span class='ocrx_word' id='word_1_382' title='bbox 379 4701 469 4767; x_wconf 86' lang='lat' dir='ltr'><strong>Data</strong></span> <span class='ocrx_word' id='word_1_383' title='bbox 492 4721 539 4767; x_wconf 79' lang='lat' dir='ltr'><strong>VI.</strong></span> <span class='ocrx_word' id='word_1_384' title='bbox 561 4703 629 4768; x_wconf 83' lang='lat' dir='ltr'><strong>kal.</strong></span> <span class='ocrx_word' id='word_1_385' title='bbox 653 4726 721 4790; x_wconf 86' lang='lat' dir='ltr'><strong>sep.</strong></span> <span class='ocrx_word' id='word_1_386' title='bbox 745 4727 830 4770; x_wconf 91' lang='lat' dir='ltr'><strong>anno</strong></span> <span class='ocrx_word' id='word_1_387' title='bbox 855 4706 1016 4790; x_wconf 75' lang='lat' dir='ltr'><strong>dominice</strong></span> <span class='ocrx_word' id='word_1_388' title='bbox 1038 4707 1273 4772; x_wconf 87' lang='lat' dir='ltr'><strong>incarnationis</strong></span> <span class='ocrx_word' id='word_1_389' title='bbox 1297 4721 1502 4789; x_wconf 77' lang='lat' dir='ltr'><strong>Dccccnxvl,</strong></span> <span class='ocrx_word' id='word_1_390' title='bbox 1525 4705 1702 4771; x_wconf 88' lang='lat' dir='ltr'><strong>indictione</strong></span> <span class='ocrx_word' id='word_1_391' title='bbox 1724 4726 1812 4787; x_wconf 81' lang='lat' dir='ltr'><strong>vnn,</strong></span> <span class='ocrx_word' id='word_1_392' title='bbox 1836 4731 1922 4773; x_wconf 88' lang='lat' dir='ltr'><strong>anno</strong></span> 
     </span>
    </p>
   </div>
   <div class='ocr_carea' id='block_1_11' title="bbox 276 4806 1921 4973">
    <p class='ocr_par' dir='ltr' id='par_1_15' title="bbox 276 4806 1921 4973">
     <span class='ocr_line' id='line_1_37' title="bbox 276 4806 1921 4893; baseline 0.005 -28"><span class='ocrx_word' id='word_1_393' title='bbox 276 4825 354 4868; x_wconf 88' lang='lat' dir='ltr'><strong>vero</strong></span> <span class='ocrx_word' id='word_1_394' title='bbox 376 4807 468 4889; x_wconf 90' lang='lat' dir='ltr'><strong>regni</strong></span> <span class='ocrx_word' id='word_1_395' title='bbox 490 4807 627 4891; x_wconf 88' lang='lat' dir='ltr'><strong>piissimi</strong></span> <span class='ocrx_word' id='word_1_396' title='bbox 651 4806 782 4873; x_wconf 88' lang='lat' dir='ltr'><strong>Ottonis</strong></span> <span class='ocrx_word' id='word_1_397' title='bbox 805 4826 910 4890; x_wconf 78' lang='lat' dir='ltr'><strong>xxxr,</strong></span> <span class='ocrx_word' id='word_1_398' title='bbox 940 4810 1067 4893; x_wconf 91' lang='lat' dir='ltr'><strong>imperii</strong></span> <span class='ocrx_word' id='word_1_399' title='bbox 1090 4832 1168 4875; x_wconf 88' lang='lat' dir='ltr'><strong>vero</strong></span> <span class='ocrx_word' id='word_1_400' title='bbox 1191 4828 1245 4892; x_wconf 79' lang='lat' dir='ltr'><strong>V13</strong></span> <span class='ocrx_word' id='word_1_401' title='bbox 1274 4819 1384 4874; x_wconf 88' lang='lat' dir='ltr'><strong>actum</strong></span> <span class='ocrx_word' id='word_1_402' title='bbox 1405 4807 1581 4890; x_wconf 83' lang='lat' dir='ltr'><strong>Ruuacha3</strong></span> <span class='ocrx_word' id='word_1_403' title='bbox 1609 4810 1642 4872; x_wconf 92' lang='lat' dir='ltr'><strong>in</strong></span> <span class='ocrx_word' id='word_1_404' title='bbox 1666 4808 1797 4875; x_wconf 87' lang='lat' dir='ltr'><strong>domino</strong></span> <span class='ocrx_word' id='word_1_405' title='bbox 1822 4810 1921 4874; x_wconf 89' lang='lat' dir='ltr'><strong>felici-</strong></span> 
     </span>
     <span class='ocr_line' id='line_1_38' title="bbox 277 4916 452 4973; baseline 0.023 -4"><span class='ocrx_word' id='word_1_406' title='bbox 277 4916 325 4970; x_wconf 87' lang='lat' dir='ltr'><strong>ter</strong></span> <span class='ocrx_word' id='word_1_407' title='bbox 348 4929 452 4973; x_wconf 90' lang='lat' dir='ltr'><strong>amon.</strong></span> 
     </span>
    </p>
   </div>
   <div class='ocr_carea' id='block_1_12' title="bbox 362 5112 1923 5247">
    <p class='ocr_par' dir='ltr' id='par_1_16' title="bbox 362 5112 1923 5247">
     <span class='ocr_line' id='line_1_39' title="bbox 362 5112 1923 5184; baseline 0 -17"><span class='ocrx_word' id='word_1_408' title='bbox 362 5113 421 5167; x_wconf 91' lang='grc'>333.</span> <span class='ocrx_word' id='word_1_409' title='bbox 449 5112 557 5182; x_wconf 79' lang='lat' dir='ltr'><strong>[Siclrel]</strong></span> <span class='ocrx_word' id='word_1_410' title='bbox 662 5119 688 5182; x_wconf 84' lang='lat' dir='ltr'><strong>a)</strong></span> <span class='ocrx_word' id='word_1_411' title='bbox 705 5116 762 5168; x_wconf 74' lang='lat' dir='ltr'><strong>Lo.</strong></span> <span class='ocrx_word' id='word_1_412' title='bbox 781 5125 856 5169; x_wconf 73' lang='lat' dir='ltr'><strong>relate</strong></span> <span class='ocrx_word' id='word_1_413' title='bbox 878 5119 944 5167; x_wconf 72' lang='lat' dir='ltr'><strong>brim</strong></span> <span class='ocrx_word' id='word_1_414' title='bbox 967 5124 1049 5168; x_wconf 76' lang='lat' dir='ltr'><strong>neten</strong></span> <span class='ocrx_word' id='word_1_415' title='bbox 1072 5136 1087 5166; x_wconf 95' lang='lat' dir='ltr'><strong>o</strong></span> <span class='ocrx_word' id='word_1_416' title='bbox 1111 5125 1192 5168; x_wconf 71' lang='lat' dir='ltr'><strong>aieret</strong></span> <span class='ocrx_word' id='word_1_417' title='bbox 1215 5135 1246 5168; x_wconf 77' lang='lat' dir='ltr'><strong>m</strong></span> <span class='ocrx_word' id='word_1_418' title='bbox 1268 5137 1286 5184; x_wconf 84' lang='lat' dir='ltr'><strong>g</strong></span> <span class='ocrx_word' id='word_1_419' title='bbox 1309 5135 1344 5166; x_wconf 82' lang='lat' dir='ltr'><strong>on</strong></span> <span class='ocrx_word' id='word_1_420' title='bbox 1448 5121 1476 5181; x_wconf 84' lang='lat' dir='ltr'><strong>b)</strong></span> <span class='ocrx_word' id='word_1_421' title='bbox 1494 5119 1519 5170; x_wconf 77' lang='lat' dir='ltr'><strong><em>A</em></strong></span> <span class='ocrx_word' id='word_1_422' title='bbox 1622 5121 1646 5180; x_wconf 84' lang='lat' dir='ltr'><strong>c)</strong></span> <span class='ocrx_word' id='word_1_423' title='bbox 1666 5119 1716 5170; x_wconf 78' lang='lat' dir='ltr'><strong>dur</strong></span> <span class='ocrx_word' id='word_1_424' title='bbox 1738 5125 1803 5170; x_wconf 75' lang='lat' dir='ltr'><strong>crate</strong></span> <span class='ocrx_word' id='word_1_425' title='bbox 1826 5121 1835 5168; x_wconf 93' lang='lat' dir='ltr'><strong>i</strong></span> <span class='ocrx_word' id='word_1_426' title='bbox 1857 5134 1923 5168; x_wconf 77' lang='lat' dir='ltr'><strong>corr.</strong></span> 
     </span>
     <span class='ocr_line' id='line_1_40' title="bbox 449 5184 1157 5247; baseline 0.006 -15"><span class='ocrx_word' id='word_1_427' title='bbox 449 5201 496 5233; x_wconf 73' lang='lat' dir='ltr'><strong>aus</strong></span> <span class='ocrx_word' id='word_1_428' title='bbox 514 5185 622 5234; x_wconf 76' lang='lat' dir='ltr'><strong>anilem</strong></span> <span class='ocrx_word' id='word_1_429' title='bbox 640 5185 803 5237; x_wconf 76' lang='lat' dir='ltr'><strong>Bucbrtuben</strong></span> <span class='ocrx_word' id='word_1_430' title='bbox 906 5187 934 5247; x_wconf 92' lang='lat' dir='ltr'><strong>d)</strong></span> <span class='ocrx_word' id='word_1_431' title='bbox 953 5203 966 5236; x_wconf 91' lang='lat' dir='ltr'><strong>r</strong></span> <span class='ocrx_word' id='word_1_432' title='bbox 982 5203 1048 5237; x_wconf 73' lang='lat' dir='ltr'><strong>com</strong></span> <span class='ocrx_word' id='word_1_433' title='bbox 1066 5202 1114 5236; x_wconf 78' lang='lat' dir='ltr'><strong>cur</strong></span> <span class='ocrx_word' id='word_1_434' title='bbox 1131 5184 1157 5236; x_wconf 90' lang='lat' dir='ltr'><strong>h.</strong></span> 
     </span>
    </p>
   </div>
   <div class='ocr_carea' id='block_1_13' title="bbox 0 0 2282 6436">
    <p class='ocr_par' dir='ltr' id='par_1_17' title="bbox 0 0 2282 6436">
     <span class='ocr_line' id='line_1_41' title="bbox 0 0 2282 6436; baseline 0 0"><span class='ocrx_word' id='word_1_435' title='bbox 0 0 2282 6436; x_wconf 95' lang='lat' dir='ltr'><strong> </strong></span> 
     </span>
    </p>
   </div>
  </div>
 </body>
</html>
