4560 6436
402 401 466 466 548
1002 407 1452 466 KAISERURKUNDEN.

403 594 483 659 lium
506 594 632 660 nouerit
654 592 822 672 industria,
846 591 982 655 Paulum
1006 589 1162 655 abbatem
1184 590 1372 654 monasterii
1397 590 1502 654 sancti
1518 588 1683 658 Uincentii
1701 591 1884 655 interventu
1901 591 2055 656 Pandulfi

405 699 562 782 principis
586 707 617 760 ct
641 693 837 758 marchionis
859 695 962 758 nostri
985 692 1091 756 fidelis
1114 691 1316 757 dilectissimi
1344 691 1466 756 adiisse
1496 702 1644 756 nostram
1672 691 1893 776 clementiam,
1925 693 2054 778 procla-

405 820 497 862 mans
528 820 562 860 se
591 797 630 860 de
660 796 854 882 quibusdam
884 795 1015 860 famulis
1043 797 1093 861 sui
1123 798 1309 860 monasterii
1342 797 1396 880 qui
1426 793 1508 860 alias
1537 794 1685 860 diversas
1714 797 1913 881 presumtive
1939 805 2055 880 partes

404 910 519 987 petunt
541 911 573 964 ct
595 898 713 964 callide
737 899 813 963 dato
838 902 942 984 pretio
966 900 1134 985 inquirimt
1156 897 1218 963 sibi
1242 908 1448 980 causatores,
1478 907 1515 962 ut
1538 899 1604 962 sint
1625 901 1673 963 eis
1696 908 1796 964 testes
1819 897 1996 983 libertatis,
2021 911 2056 965 et

405 1026 601 1090 componere
628 1003 754 1068 faciunt
783 1002 844 1067 sibi
874 1005 1022 1084 notitias,
1058 1015 1094 1068 ut
1122 1003 1184 1068 hae
1213 1005 1389 1068 occasione
1420 1003 1513 1070 liberi
1542 1027 1615 1068 esse
1644 1004 1775 1069 valeant
1805 1015 1838 1070 et
1868 1029 1887 1070 a
1919 1009 2090 1072 servitioo

404 1109 594 1172 monasterii
623 1109 674 1170 cui
705 1105 824 1171 debent
854 1109 975 1170 servire
1005 1106 1153 1192 legaliter
1181 1109 1273 1172 eruti.
1317 1106 1388 1171 Nos
1416 1130 1494 1173 vcro
1529 1107 1608 1172 dum
1642 1107 1721 1173 talia
1757 1108 1957 1193 audivimus,
1992 1134 2054 1196 pro

403 1211 626 1297 redemptione
648 1214 755 1275 anime
778 1221 889 1274 nostre
913 1221 945 1275 et
964 1220 1050 1276 statu
1069 1212 1258 1276 monasterii
1278 1211 1425 1296 predicto
1444 1211 1557 1277 abbati
1577 1233 1702 1296 suoque
1721 1215 1920 1278 monasterio
1939 1224 2055 1280 nostre

404 1315 609 1378 auctoritatis
632 1321 663 1377 et
686 1314 943 1378 confirmationis
967 1315 1120 1378 iussimus
1143 1314 1211 1378 fieri
1235 1315 1399 1398 paginam,
1423 1325 1459 1379 ut
1481 1317 1514 1379 in
1536 1337 1741 1401 quocumque
1762 1316 1836 1382 loco
1859 1317 1906 1380 illi
1929 1318 2055 1384 iudica-

404 1429 457 1482 tus
486 1418 606 1480 inventi
637 1411 770 1497 fuerint,
801 1419 870 1482 sive
899 1419 932 1480 in
962 1417 1186 1482 marchionum
1216 1420 1379 1502 presentia
1401 1419 1454 1483 vel
1483 1421 1713 1505 episcoporum
1736 1429 1794 1485 aut
1815 1423 1970 1486 comitum
1995 1445 2056 1487 seu

405 1521 558 1602 iudicum,
584 1522 693 1585 statim
709 1521 773 1585 sint
789 1521 926 1605 disrupti
942 1523 1009 1584 cesi
1033 1521 1128 1586 divisi
1152 1530 1251 1607 atque
1274 1522 1434 1586 confracti
1457 1533 1615 1608 tanquam
1632 1532 1709 1587 ante
1724 1525 1827 1589 nostri
1843 1527 2054 1610 presentiam.
2076 1546 2108 1592 10

404 1627 542 1709 Insuper
572 1633 749 1689 statuentes
779 1625 976 1708 precipimus
1004 1634 1117 1690 nostra
1148 1627 1293 1689 iussione
1322 1635 1353 1690 ct
1381 1625 1501 1691 iudicio
1510 1677 1518 1708 ,
1547 1636 1584 1692 ut
1611 1625 1720 1692 nullus
1744 1630 1786 1692 sit
1809 1630 1919 1713 quiin
1941 1630 2054 1714 aliquo

405 1731 526 1815 placito
549 1738 671 1794 tortum
694 1729 815 1793 audeat
839 1730 945 1794 dicere
969 1730 1138 1795 monachis
1161 1732 1227 1795 iam
1250 1728 1328 1795 dicti
1352 1731 1547 1796 venerabilis
1571 1731 1760 1796 monasterii
1784 1740 1840 1796 aut
1863 1753 1976 1796 eorum
1997 1733 2055 1797 ad-

404 1833 629 1916 vocatoribus,
665 1855 742 1897 nam
772 1835 937 1919 inquisitio
968 1855 1031 1920 que
1061 1835 1148 1899 lacta
1181 1835 1279 1900 fuerit
1307 1835 1350 1899 ab
1381 1834 1566 1900 hominibus
1597 1833 1708 1899 liberis
1746 1833 2054 1916 [circamanentibus

405 1934 537 2022 superl²
560 1959 611 2000 res
635 1945 666 1999 et
688 1934 884 2000 hereditates
909 1937 959 2001 vol
983 1937 1124 2002 familias
1148 1940 1250 2024 ipsius
1273 1941 1472 2022 monasterii,
1497 1940 1670 2003 statuimus
1692 1948 1729 2003 ut
1749 1939 1842 2003 firma
1861 1951 2055 2024 permaneat

405 2061 463 2124 per
485 2039 579 2103 buius
602 2042 704 2103 nostri
728 2039 901 2104 munburdi
924 2043 1088 2124 paginam.
1135 2041 1340 2127 Quicumque
1363 2065 1440 2107 vero
1463 2043 1548 2106 hanc
1571 2051 1716 2108 nostram
1740 2045 1969 2108 auctoritatem
1990 2045 2054 2110 fre-
2075 2060 2107 2108 15

405 2144 502 2226 gerit,
527 2145 610 2206 sciat
634 2165 668 2206 se
691 2145 948 2227 compositurum
973 2147 1042 2208 auri
1066 2147 1181 2231 optimi
1204 2145 1304 2210 libras
1328 2157 1473 2228 centum,
1505 2145 1714 2211 medietatem
1736 2167 1864 2212 camere
1886 2157 1999 2212 nostre
2022 2159 2057 2213 et

405 2245 612 2310 medietatem
642 2246 754 2311 abbati
783 2249 1000 2333 prenominati
1030 2249 1220 2312 monasterii
1250 2250 1306 2334 qui
1333 2247 1380 2313 ibi
1408 2269 1467 2334 pro
1498 2258 1644 2332 tempore
1673 2271 1804 2334 preesse
1828 2251 1917 2314 visus
1943 2251 2054 2316 fuerit.

406 2348 504 2430 Quod
527 2358 562 2413 ut
585 2351 692 2414 verius
716 2351 868 2416 credatur
891 2361 923 2415 et
945 2353 1175 2417 inconvulsum
1198 2363 1403 2437 permaneat,
1439 2351 1536 2436 sigilli
1565 2355 1669 2418 nostri
1697 2356 1912 2440 impressione
1942 2353 2056 2419 subter

404 2455 553 2538 insigniri
575 2454 738 2518 iussimus.

508 2594 623 2657 Petrus
646 2589 861 2658 cancellarius
885 2591 1033 2657 advicem
1049 2593 1188 2658 Huberti
1212 2595 1359 2679 episcopi
1382 2603 1415 2658 et
1437 2592 1716 2660 archicancellarii
1738 2597 1913 2678 recognovi
1930 2604 1961 2660 et
1978 2596 2054 2660 sub·
2074 2599 2109 2646 20

406 2718 531 2782 scripsi.

508 2835 598 2899 Data
621 2852 654 2898 x.
678 2834 744 2898 kal.
768 2834 869 2900 madii
894 2857 979 2899 anno
1004 2835 1166 2900 dominice
1189 2837 1424 2901 incarnationis
1448 2851 1669 2918 Dccccnxxn,
1693 2835 1820 2920 imperii
1839 2857 1916 2899 vero
1941 2833 2055 2900 domni

406 2937 538 3005 Ottonis
563 2941 759 3004 serenissimi
783 2941 990 3024 imperatoris
1014 2957 1052 3023 X,
1076 2941 1254 3006 indictione
1278 2957 1374 3024 xlm,
1398 2949 1508 3005 actum
1529 2939 1703 3021 Ravenna,
1732 2938 1794 3004 deo
1818 2939 1959 3023 propitio
1984 2938 2055 3003 feli-

406 3045 486 3108 citer
508 3065 613 3110 amen.

1187 3262 1273 3338 tos.
2074 3286 2108 3334 as

415 3423 495 3498 Ouo
524 3423 685 3520 besttttipt
710 3423 780 3495 666
807 3421 1039 3514 0666666666
1065 3420 1279 3494 6661116616
1297 3446 1341 3492 za
1360 3419 1518 3492 Mantua
1545 3420 1655 3492 66666
1673 3419 1865 3494 Besitztitel
1893 3419 1970 3492 666
1996 3419 2054 3492 616

406 3543 621 3616 Ine-insultat
646 3543 724 3615 666
748 3543 894 3615 66616116
919 3543 1028 3615 iliaco
1047 3541 1275 3639 protestante
1302 3540 1496 3614 Vorrecbte.
1623 3593 1664 3603 -
1688 3565 1748 3621 971
1773 3562 1935 3620 Not-emper
1957 3565 2009 3621 13.
2042 3551 2048 3562 “

509 3770 696 3828 1166661666
719 3769 769 3828 des
796 3769 1058 3843 0116166161616616
1082 3771 1123 3827 im
1147 3767 1465 3828 66116666166611666
1488 3767 1618 3826 1166166
1641 3765 1701 3846 (A).

509 3924 709 3994 1161161166.
734 3923 765 3982 61
781 3924 925 3983 Mentora
946 3921 1089 4002 (1611666
1103 3923 1200 4002 1675)
1215 3927 1278 3985 346
1294 3924 1416 3997 1166616.
1440 3956 1481 3966 -
1505 3923 1633 3996 Sturups
1652 3922 1728 3982 Atto
1751 3922 1828 3980 1666.
1854 3925 1915 3983 615
1940 3929 1973 3981 60
1991 3926 2055 3984 438

510 4045 567 4088 aas
591 4027 677 4100 eopse
698 4028 784 4086 Visis
808 4062 849 4071 -
873 4027 1090 4102 6166611166.
1116 4031 1187 4088 497.
2073 4041 2108 4090 3ο

511 4183 703 4244 (1666166066
724 4201 780 4240 666
801 4185 842 4242 It.
865 4185 903 4243 E.
934 4215 976 4226 -
1005 4182 1370 4242 116666611611666666
1396 4181 1538 4242 11616666
1566 4183 1604 4239 ist
1632 4182 1849 4254 abpcscbnitteu
1878 4179 1941 4238 666
1963 4197 2053 4250 eruar,

512 4291 564 4346 616
582 4288 777 4361 6161611666
794 4289 923 4358 66611611,
949 4290 981 4346 16
1002 4289 1112 4346 sooner
1127 4288 1229 4346 Broite
1251 4286 1320 4344 uass
1343 4303 1398 4344 666
1413 4285 1500 4359 jeder
1515 4283 1702 4356 Schriftseile
1725 4288 1798 4343 61166
1822 4287 1862 4343 14
1880 4282 2055 4343 0661166166

511 4393 580 4450 orlei·
602 4397 675 4451 etwo
698 4391 1066 4463 401166161656616666.
1101 4393 1145 4450 Ist
1168 4391 1262 4450 66661
1284 4390 1338 4449 dos
1354 4390 1441 4448 Mass
1464 4389 1905 4462 66166666666666666666,
1928 4406 1960 4448 so
1983 4407 2054 4448 6661

514 4497 597 4553 Theti
619 4497 694 4554 66616
717 4495 947 4565 (1611661661,
971 4497 1104 4554 insowoit
1126 4494 1254 4552 minuitis
1276 4495 1322 4552 uls
1345 4511 1404 4552 1666
1427 4496 1502 4552 eiust
1526 4509 1575 4550 um
1591 4493 1677 4550 11666
1699 4492 1989 4563 666Ζ6116661666,
2014 4511 2054 4552 66

510 4601 639 4658 anderen
663 4599 770 4660 Stellen
793 4599 948 4658 61666611.
972 4599 1040 4658 oder
1063 4601 1094 4657 16
1117 4599 1169 4656 der
1190 4598 1437 4671 616611161616166
1460 4596 1618 4655 lauteodca
1641 4598 1835 4671 Bestttttpanp
1858 4599 2001 4656 Heinrich
2022 4611 2051 4662 V.
2072 4617 2106 4666 35

510 4723 574 4763 rom
596 4706 629 4764 J.
648 4708 730 4765 1116
756 4703 805 4783 (11’
818 4703 896 4762 Areo
920 4703 1008 4777 stop·
1030 4705 1147 4762 intorno
1170 4704 1201 4761 61
1222 4704 1386 4774 6666161616
1408 4701 1439 4759 61
1461 4698 1832 4778 116616661140601)
1854 4700 2053 4760 6166616111.

510 4807 595 4866 Aucti
619 4825 660 4866 66
684 4808 744 4866 [ties
768 4809 845 4865 6166
869 4807 1005 4864 66611611
1027 4809 1075 4878 ist,
1099 4807 1195 4866 tossen
1217 4807 1278 4865 61611
1301 4805 1485 4864 6161166166
1509 4807 1552 4864 bis
1574 4804 1637 4877 aas
1655 4803 1899 4874 61661611115116
1915 4804 2056 4878 66616666

512 4913 673 4972 ursarium
701 4911 865 4984 oasfttllen.
910 4911 981 4969 Nar
1008 4911 1064 4983 sitr
1093 4912 1140 4968 616
1167 4915 1218 4970 15.
1244 4910 1322 4968 Ζ6116
1351 4911 1444 4968 16066
1467 4911 1522 4967 wir
1545 4911 1609 4966 6166
1639 4907 1847 4967 6666166666
1870 4909 2055 4982 6661166666

510 5015 836 5088 6161116666666116666
861 5018 983 5088 petoupt.
1029 5015 1074 5074 Ist
1096 5015 1159 5072 hier
1180 5014 1312 5085 offeratur
1333 5030 1389 5071 666
1412 5013 1476 5070 dem
1495 5013 1627 5086 pleichea
1650 5011 1922 5082 Bewcisoerfaltron
1946 5013 1999 5070 1616
2021 5014 2055 5070 16

509 5119 608 5178 11110.
631 5121 705 5188 251,
727 5120 801 5187 261,
824 5121 898 5188 265,
923 5122 985 5178 429
1008 5117 1079 5177 oder
1100 5118 1153 5174 wie
1176 5117 1217 5174 im
1238 5117 1277 5174 D.
1295 5117 1421 5175 Konrod
1438 5124 1478 5175 11.
1504 5115 1632 5188 Stumpf
1643 5115 1714 5189 1169.
1730 5118 1815 5174 2115
1839 5115 1887 5172 die
1908 5114 1997 5184 11666,
2021 5133 2054 5174 so
2071 5131 2107 5180 40

509 5223 594 5280 516151
617 5221 688 5279 cloch
711 5219 838 5292 fropltclt
860 5223 893 5279 ob
917 5221 1008 5280 dieses
1029 5222 1164 5281 Vorrecht
1188 5221 1243 5279 666
1260 5220 1447 5280 0666611666
1469 5220 1671 5280 6661166166
1693 5237 1753 5278 aar
1774 5218 1829 5290 fiir
1846 5219 1902 5277 666
1917 5219 1988 5278 Fau
2003 5219 2054 5278 des

512 5325 656 5384 Verlustes
679 5323 731 5380 der
753 5323 1024 5382 1161661661166666
1046 5325 1117 5383 ocior
1140 5324 1193 5396 fttr
1215 5324 1374 5383 6116111116
1396 5342 1451 5383 666
1466 5323 1778 5396 Besitsstrcitiplreiteu
1800 5323 1945 5381 veritates
1968 5322 2053 5382 wird.

510 5427 598 5484 11666
621 5428 755 5484 becumen
776 5427 849 5484 66611
871 5425 1281 5501 161661166616616616161166.
1305 5427 1365 5486 Dic
1387 5430 1451 5486 eine
1473 5430 1527 5486 616
1550 5427 1943 5499 6166666666116161666
1958 5425 2054 5497 erfor-

510 5530 682 5588 66161666
705 5529 841 5600 16666666
862 5530 1046 5602 1666666616,
1075 5550 1115 5590 aa
1138 5532 1240 5591 classen
1260 5531 1552 5603 16666116166616666
1575 5533 1616 5589 10
1640 5529 1828 5589 6661616566
1846 5531 1951 5603 666166
1973 5530 2053 5588 nicht

495 5695 552 5750 102.
582 5695 688 5766 [Sickel]
793 5699 819 5759 a)
838 5700 866 5748 16
884 5697 907 5748 Α
925 5697 1073 5761 Lucteflo
1090 5702 1201 5751 10-12
1219 5697 1389 5750 Bacltatcben.
2070 5700 2104 5748 tc
