<?xml version="1.0" encoding="UTF-8"?>
<!DOCTYPE html PUBLIC "-//W3C//DTD XHTML 1.0 Transitional//EN"
    "http://www.w3.org/TR/xhtml1/DTD/xhtml1-transitional.dtd">
<html xmlns="http://www.w3.org/1999/xhtml" xml:lang="en" lang="en">
 <head>
  <title>
</title>
<meta http-equiv="Content-Type" content="text/html;charset=utf-8" />
  <meta name='ocr-system' content='tesseract 3.04.00' />
  <meta name='ocr-capabilities' content='ocr_page ocr_carea ocr_par ocr_line ocrx_word'/>
</head>
<body>
  <div class='ocr_page' id='page_1' title='image "./monumentagerman00gescgoog/monumentagerman00gescgoog_0619.png"; bbox 0 0 4560 6436; ppageno 0'>
   <div class='ocr_carea' id='block_1_1' title="bbox 1011 401 1474 474">
    <p class='ocr_par' dir='ltr' id='par_1_1' title="bbox 1011 401 1474 474">
     <span class='ocr_line' id='line_1_1' title="bbox 1011 401 1474 474; baseline -0.009 -2"><span class='ocrx_word' id='word_1_1' title='bbox 1011 401 1474 474; x_wconf 74' lang='lat' dir='ltr'><strong>&#39;&#39;sarsusuasuunnn</strong></span> 
     </span>
    </p>
   </div>
   <div class='ocr_carea' id='block_1_2' title="bbox 525 598 2120 1302">
    <p class='ocr_par' dir='ltr' id='par_1_2' title="bbox 525 598 2120 1302">
     <span class='ocr_line' id='line_1_2' title="bbox 527 598 2088 678; baseline -0.001 -17"><span class='ocrx_word' id='word_1_2' title='bbox 527 600 598 661; x_wconf 69' lang='lat' dir='ltr'><strong>Aac.</strong></span> <span class='ocrx_word' id='word_1_3' title='bbox 622 602 789 661; x_wconf 76' lang='lat' dir='ltr'><strong>Brnrtswtc.</strong></span> <span class='ocrx_word' id='word_1_4' title='bbox 814 603 877 662; x_wconf 84' lang='lat'><strong>185</strong></span> <span class='ocrx_word' id='word_1_5' title='bbox 899 606 934 659; x_wconf 82' lang='lat' dir='ltr'><strong>a⁰</strong></span> <span class='ocrx_word' id='word_1_6' title='bbox 955 605 985 669; x_wconf 83' lang='lat'><strong>1,</strong></span> <span class='ocrx_word' id='word_1_7' title='bbox 1011 623 1050 652; x_wconf 96' lang='lat'>=</span> <span class='ocrx_word' id='word_1_8' title='bbox 1075 599 1221 660; x_wconf 78' lang='lat' dir='ltr'><strong>Setreiter</strong></span> <span class='ocrx_word' id='word_1_9' title='bbox 1247 598 1339 658; x_wconf 84' lang='lat' dir='ltr'><strong>Jesas</strong></span> <span class='ocrx_word' id='word_1_10' title='bbox 1362 599 1574 659; x_wconf 81' lang='lat' dir='ltr'><strong>Metasotseter</strong></span> <span class='ocrx_word' id='word_1_11' title='bbox 1598 599 1806 672; x_wconf 82' lang='lat' dir='ltr'><strong>Hooptttarm</strong></span> <span class='ocrx_word' id='word_1_12' title='bbox 1831 600 1967 678; x_wconf 74' lang='lat' dir='ltr'><strong>(Toreoa</strong></span> <span class='ocrx_word' id='word_1_13' title='bbox 1983 599 2088 678; x_wconf 87' lang='grc'><em>1679)</em></span> 
     </span>
     <span class='ocr_line' id='line_1_3' title="bbox 529 699 2085 777; baseline 0 -13"><span class='ocrx_word' id='word_1_14' title='bbox 529 708 592 764; x_wconf 93' lang='grc'><strong>167</strong></span> <span class='ocrx_word' id='word_1_15' title='bbox 615 729 653 756; x_wconf 88' lang='lat'><strong><em>=</em></strong></span> <span class='ocrx_word' id='word_1_16' title='bbox 678 703 832 777; x_wconf 76' lang='lat' dir='ltr'><strong>Setttteen</strong></span> <span class='ocrx_word' id='word_1_17' title='bbox 858 705 937 762; x_wconf 82' lang='lat' dir='ltr'><strong>Htst.</strong></span> <span class='ocrx_word' id='word_1_18' title='bbox 964 721 1020 762; x_wconf 83' lang='lat' dir='ltr'><strong>aon</strong></span> <span class='ocrx_word' id='word_1_19' title='bbox 1039 703 1191 774; x_wconf 84' lang='lat' dir='ltr'><strong>Warteen‚</strong></span> <span class='ocrx_word' id='word_1_20' title='bbox 1219 701 1299 762; x_wconf 76' lang='lat' dir='ltr'><strong>Aoo.</strong></span> <span class='ocrx_word' id='word_1_21' title='bbox 1321 706 1343 761; x_wconf 90' lang='lat'><em>3</em></span> <span class='ocrx_word' id='word_1_22' title='bbox 1369 708 1403 761; x_wconf 86' lang='lat' dir='ltr'><strong>n⁰</strong></span> <span class='ocrx_word' id='word_1_23' title='bbox 1423 708 1453 774; x_wconf 82' lang='lat'><strong>1,</strong></span> <span class='ocrx_word' id='word_1_24' title='bbox 1485 727 1524 756; x_wconf 91' lang='lat'><strong><em>=</em></strong></span> <span class='ocrx_word' id='word_1_25' title='bbox 1554 705 1658 777; x_wconf 68' lang='grc'><em>161666</em></span> <span class='ocrx_word' id='word_1_26' title='bbox 1678 703 1746 764; x_wconf 76' lang='grc'><em>1111.</em></span> <span class='ocrx_word' id='word_1_27' title='bbox 1769 699 1832 773; x_wconf 78' lang='lat'><strong>17⁶,</strong></span> <span class='ocrx_word' id='word_1_28' title='bbox 1855 707 1897 764; x_wconf 88' lang='grc'><strong>96</strong></span> <span class='ocrx_word' id='word_1_29' title='bbox 1926 711 1961 762; x_wconf 67' lang='grc'><strong>61</strong></span> <span class='ocrx_word' id='word_1_30' title='bbox 1982 710 2013 774; x_wconf 93' lang='grc'><strong>1,</strong></span> <span class='ocrx_word' id='word_1_31' title='bbox 2043 727 2085 756; x_wconf 92' lang='lat'>=</span> 
     </span>
     <span class='ocr_line' id='line_1_4' title="bbox 527 805 2085 885; baseline 0 -19"><span class='ocrx_word' id='word_1_32' title='bbox 527 807 691 878; x_wconf 72' lang='lat' dir='ltr'><strong>Hoffmann</strong></span> <span class='ocrx_word' id='word_1_33' title='bbox 718 808 771 867; x_wconf 82' lang='lat' dir='ltr'><strong>SS.</strong></span> <span class='ocrx_word' id='word_1_34' title='bbox 801 807 909 866; x_wconf 82' lang='lat' dir='ltr'><strong>Losat.</strong></span> <span class='ocrx_word' id='word_1_35' title='bbox 933 812 978 878; x_wconf 70' lang='grc'><strong>11,</strong></span> <span class='ocrx_word' id='word_1_36' title='bbox 1003 811 1022 865; x_wconf 91' lang='grc'><em>4</em></span> <span class='ocrx_word' id='word_1_37' title='bbox 1050 813 1084 864; x_wconf 81' lang='lat' dir='ltr'><strong>n⁰</strong></span> <span class='ocrx_word' id='word_1_38' title='bbox 1107 812 1135 877; x_wconf 90' lang='lat'><strong>1,</strong></span> <span class='ocrx_word' id='word_1_39' title='bbox 1162 829 1200 858; x_wconf 93' lang='lat'><strong><em>=</em></strong></span> <span class='ocrx_word' id='word_1_40' title='bbox 1225 805 1373 866; x_wconf 79' lang='lat' dir='ltr'><strong>Sctreiter</strong></span> <span class='ocrx_word' id='word_1_41' title='bbox 1400 807 1483 881; x_wconf 73' lang='lat' dir='ltr'><strong>Drap</strong></span> <span class='ocrx_word' id='word_1_42' title='bbox 1511 807 1908 882; x_wconf 69' lang='lat' dir='ltr'><strong>Eltaweitunes-Rediqten</strong></span> <span class='ocrx_word' id='word_1_43' title='bbox 1938 807 2085 885; x_wconf 69' lang='lat' dir='ltr'><strong>(hepate</strong></span> 
     </span>
     <span class='ocr_line' id='line_1_5' title="bbox 527 909 2082 987; baseline 0 -17"><span class='ocrx_word' id='word_1_44' title='bbox 527 909 623 987; x_wconf 87' lang='grc'><em>1748)</em></span> <span class='ocrx_word' id='word_1_45' title='bbox 648 913 721 980; x_wconf 86' lang='grc'><em>365,</em></span> <span class='ocrx_word' id='word_1_46' title='bbox 746 933 786 962; x_wconf 92' lang='lat'><strong><em>=</em></strong></span> <span class='ocrx_word' id='word_1_47' title='bbox 803 909 897 970; x_wconf 82' lang='grc'><em>061166</em></span> <span class='ocrx_word' id='word_1_48' title='bbox 914 909 1011 971; x_wconf 82' lang='lat' dir='ltr'><strong>Series</strong></span> <span class='ocrx_word' id='word_1_49' title='bbox 1027 911 1120 969; x_wconf 85' lang='lat' dir='ltr'><strong>Miso.</strong></span> <span class='ocrx_word' id='word_1_50' title='bbox 1137 928 1181 984; x_wconf 81' lang='lat' dir='ltr'><strong>ep.</strong></span> <span class='ocrx_word' id='word_1_51' title='bbox 1199 915 1249 979; x_wconf 85' lang='lat'><strong>11,</strong></span> <span class='ocrx_word' id='word_1_52' title='bbox 1277 933 1314 960; x_wconf 77' lang='lat' dir='ltr'><strong><em>z</em></strong></span> <span class='ocrx_word' id='word_1_53' title='bbox 1339 909 1450 969; x_wconf 75' lang='lat' dir='ltr'><strong>Keleter</strong></span> <span class='ocrx_word' id='word_1_54' title='bbox 1465 909 1527 972; x_wconf 76' lang='lat' dir='ltr'><strong>OD.</strong></span> <span class='ocrx_word' id='word_1_55' title='bbox 1545 911 1692 970; x_wconf 68' lang='lat' dir='ltr'><strong>Laesotioe</strong></span> <span class='ocrx_word' id='word_1_56' title='bbox 1708 927 1776 985; x_wconf 79' lang='lat' dir='ltr'><strong>sap.</strong></span> <span class='ocrx_word' id='word_1_57' title='bbox 1801 912 1844 970; x_wconf 89' lang='grc'><strong>66.</strong></span> <span class='ocrx_word' id='word_1_58' title='bbox 1864 919 1889 982; x_wconf 86' lang='lat'><strong>1,</strong></span> <span class='ocrx_word' id='word_1_59' title='bbox 1914 917 1944 983; x_wconf 83' lang='lat'><strong>1,</strong></span> <span class='ocrx_word' id='word_1_60' title='bbox 1968 916 1985 970; x_wconf 92' lang='lat'><em>1</em></span> <span class='ocrx_word' id='word_1_61' title='bbox 2009 919 2047 970; x_wconf 83' lang='lat' dir='ltr'><strong>a⁰</strong></span> <span class='ocrx_word' id='word_1_62' title='bbox 2063 916 2082 970; x_wconf 87' lang='lat'><em>1</em></span> 
     </span>
     <span class='ocr_line' id='line_1_6' title="bbox 525 1012 2120 1092; baseline -0.003 -20"><span class='ocrx_word' id='word_1_63' title='bbox 525 1033 566 1073; x_wconf 81' lang='lat' dir='ltr'><strong>aa</strong></span> <span class='ocrx_word' id='word_1_64' title='bbox 588 1017 660 1074; x_wconf 89' lang='grc'><em>965.</em></span> <span class='ocrx_word' id='word_1_65' title='bbox 690 1047 733 1056; x_wconf 90' lang='grc'>-</span> <span class='ocrx_word' id='word_1_66' title='bbox 761 1014 871 1072; x_wconf 72' lang='lat' dir='ltr'><strong>Keller</strong></span> <span class='ocrx_word' id='word_1_67' title='bbox 894 1012 956 1073; x_wconf 85' lang='lat' dir='ltr'><strong>oD.</strong></span> <span class='ocrx_word' id='word_1_68' title='bbox 982 1014 1129 1074; x_wconf 74' lang='grc'><em>16661666</em></span> <span class='ocrx_word' id='word_1_69' title='bbox 1150 1032 1218 1090; x_wconf 81' lang='lat' dir='ltr'><strong>sup.</strong></span> <span class='ocrx_word' id='word_1_70' title='bbox 1242 1015 1348 1092; x_wconf 83' lang='grc'><em>6611,</em></span> <span class='ocrx_word' id='word_1_71' title='bbox 1372 1022 1416 1084; x_wconf 75' lang='lat'><strong>1⁰,</strong></span> <span class='ocrx_word' id='word_1_72' title='bbox 1440 1017 1484 1075; x_wconf 84' lang='grc'><strong>22</strong></span> <span class='ocrx_word' id='word_1_73' title='bbox 1505 1021 1539 1073; x_wconf 83' lang='lat' dir='ltr'><strong>n⁰</strong></span> <span class='ocrx_word' id='word_1_74' title='bbox 1562 1018 1603 1074; x_wconf 92' lang='grc'><strong>16</strong></span> <span class='ocrx_word' id='word_1_75' title='bbox 1626 1031 1683 1073; x_wconf 85' lang='lat' dir='ltr'><strong>aas</strong></span> <span class='ocrx_word' id='word_1_76' title='bbox 1705 1013 1743 1073; x_wconf 78' lang='lat' dir='ltr'><strong>A.</strong></span> <span class='ocrx_word' id='word_1_77' title='bbox 1773 1049 1815 1057; x_wconf 97' lang='lat'>—</span> <span class='ocrx_word' id='word_1_78' title='bbox 1840 1014 1901 1073; x_wconf 83' lang='lat' dir='ltr'><strong>CD.</strong></span> <span class='ocrx_word' id='word_1_79' title='bbox 1926 1015 2120 1076; x_wconf 80' lang='grc'><em>8666661665</em></span> 
     </span>
     <span class='ocr_line' id='line_1_7' title="bbox 526 1117 2083 1192; baseline 0.001 -17"><span class='ocrx_word' id='word_1_80' title='bbox 526 1117 1061 1192; x_wconf 63' lang='grc'><em>66916611122611666611,</em></span> <span class='ocrx_word' id='word_1_81' title='bbox 1091 1119 1198 1192; x_wconf 72' lang='lat' dir='ltr'><strong>aar,</strong></span> <span class='ocrx_word' id='word_1_82' title='bbox 1222 1126 1252 1192; x_wconf 90' lang='grc'><strong>1,</strong></span> <span class='ocrx_word' id='word_1_83' title='bbox 1275 1126 1341 1184; x_wconf 86' lang='grc'><strong>237</strong></span> <span class='ocrx_word' id='word_1_84' title='bbox 1362 1129 1396 1182; x_wconf 84' lang='lat' dir='ltr'><strong>a⁰</strong></span> <span class='ocrx_word' id='word_1_85' title='bbox 1418 1127 1436 1180; x_wconf 86' lang='lat'><strong><em>1</em></strong></span> <span class='ocrx_word' id='word_1_86' title='bbox 1461 1119 1681 1192; x_wconf 76' lang='lat' dir='ltr'><strong>anootlstltndiy</strong></span> <span class='ocrx_word' id='word_1_87' title='bbox 1708 1136 1765 1178; x_wconf 82' lang='grc'><strong>666</strong></span> <span class='ocrx_word' id='word_1_88' title='bbox 1788 1120 1824 1177; x_wconf 82' lang='grc' dir='ltr'><strong>Α.</strong></span> <span class='ocrx_word' id='word_1_89' title='bbox 1853 1151 1896 1162; x_wconf 94' lang='grc'>-</span> <span class='ocrx_word' id='word_1_90' title='bbox 1924 1119 2014 1178; x_wconf 73' lang='lat' dir='ltr'><strong>Fors.</strong></span> <span class='ocrx_word' id='word_1_91' title='bbox 2048 1122 2083 1176; x_wconf 81' lang='lat' dir='ltr'><strong>ia</strong></span> 
     </span>
     <span class='ocr_line' id='line_1_8' title="bbox 526 1219 1794 1302; baseline -0.002 -20"><span class='ocrx_word' id='word_1_92' title='bbox 526 1223 625 1283; x_wconf 80' lang='lat' dir='ltr'><em>Neues</em></span> <span class='ocrx_word' id='word_1_93' title='bbox 647 1222 869 1283; x_wconf 67' lang='lat' dir='ltr'><strong>Lanuenses</strong></span> <span class='ocrx_word' id='word_1_94' title='bbox 891 1223 1037 1296; x_wconf 72' lang='lat' dir='ltr'><strong>Moqoein</strong></span> <span class='ocrx_word' id='word_1_95' title='bbox 1058 1219 1166 1302; x_wconf 85' lang='grc'><em>(1853)</em></span> <span class='ocrx_word' id='word_1_96' title='bbox 1188 1228 1240 1296; x_wconf 86' lang='grc'><strong>36,</strong></span> <span class='ocrx_word' id='word_1_97' title='bbox 1267 1225 1336 1299; x_wconf 70' lang='lat' dir='ltr'><strong>Tot.</strong></span> <span class='ocrx_word' id='word_1_98' title='bbox 1360 1231 1389 1286; x_wconf 84' lang='lat'><strong>1.</strong></span> <span class='ocrx_word' id='word_1_99' title='bbox 1414 1257 1456 1268; x_wconf 90' lang='lat'>-</span> <span class='ocrx_word' id='word_1_100' title='bbox 1479 1221 1697 1297; x_wconf 73' lang='grc'><em>8166611166.</em></span> <span class='ocrx_word' id='word_1_101' title='bbox 1722 1225 1794 1282; x_wconf 85' lang='grc'><em>154.</em></span> 
     </span>
    </p>
   </div>
   <div class='ocr_carea' id='block_1_3' title="bbox 442 1375 2136 2380">
    <p class='ocr_par' dir='ltr' id='par_1_3' title="bbox 524 1375 2136 1661">
     <span class='ocr_line' id='line_1_9' title="bbox 525 1375 2082 1452; baseline -0.001 -17"><span class='ocrx_word' id='word_1_102' title='bbox 525 1377 584 1436; x_wconf 84' lang='lat' dir='ltr'><strong>Dte</strong></span> <span class='ocrx_word' id='word_1_103' title='bbox 606 1377 667 1436; x_wconf 78' lang='grc'><em>66611</em></span> <span class='ocrx_word' id='word_1_104' title='bbox 690 1377 783 1436; x_wconf 75' lang='lat' dir='ltr'><strong>(tarot</strong></span> <span class='ocrx_word' id='word_1_105' title='bbox 806 1377 1031 1437; x_wconf 79' lang='lat' dir='ltr'><strong>Jahrbuaclerte</strong></span> <span class='ocrx_word' id='word_1_106' title='bbox 1053 1377 1358 1439; x_wconf 79' lang='lat' dir='ltr'><strong>ttadurebeietrenden</strong></span> <span class='ocrx_word' id='word_1_107' title='bbox 1378 1377 1596 1452; x_wconf 75' lang='lat' dir='ltr'><strong>Streittokettea</strong></span> <span class='ocrx_word' id='word_1_108' title='bbox 1617 1377 1691 1435; x_wconf 78' lang='lat' dir='ltr'><strong>atter</strong></span> <span class='ocrx_word' id='word_1_109' title='bbox 1712 1377 1760 1435; x_wconf 97' lang='grc'><strong>666</strong></span> <span class='ocrx_word' id='word_1_110' title='bbox 1779 1375 1915 1436; x_wconf 61' lang='lat' dir='ltr'><strong>&amp;caten</strong></span> <span class='ocrx_word' id='word_1_111' title='bbox 1936 1377 1988 1435; x_wconf 90' lang='grc'><strong>666</strong></span> <span class='ocrx_word' id='word_1_112' title='bbox 2004 1375 2082 1434; x_wconf 82' lang='lat' dir='ltr'><strong>Bis-</strong></span> 
     </span>
     <span class='ocr_line' id='line_1_10' title="bbox 526 1479 2081 1559; baseline -0.001 -21"><span class='ocrx_word' id='word_1_113' title='bbox 526 1481 625 1538; x_wconf 78' lang='lat' dir='ltr'><strong>ttoms</strong></span> <span class='ocrx_word' id='word_1_114' title='bbox 647 1481 780 1540; x_wconf 84' lang='lat' dir='ltr'><strong>Metssen</strong></span> <span class='ocrx_word' id='word_1_115' title='bbox 804 1479 838 1559; x_wconf 90' lang='lat' dir='ltr'><strong>(s.</strong></span> <span class='ocrx_word' id='word_1_116' title='bbox 863 1481 953 1540; x_wconf 81' lang='lat' dir='ltr'><em>Posse</em></span> <span class='ocrx_word' id='word_1_117' title='bbox 975 1483 1008 1538; x_wconf 85' lang='grc'><strong>16</strong></span> <span class='ocrx_word' id='word_1_118' title='bbox 1031 1482 1083 1540; x_wconf 80' lang='lat' dir='ltr'><strong>der</strong></span> <span class='ocrx_word' id='word_1_119' title='bbox 1105 1482 1281 1557; x_wconf 72' lang='lat' dir='ltr'><strong>Eioledanse</strong></span> <span class='ocrx_word' id='word_1_120' title='bbox 1303 1502 1343 1542; x_wconf 85' lang='lat' dir='ltr'><strong>au</strong></span> <span class='ocrx_word' id='word_1_121' title='bbox 1367 1482 1428 1543; x_wconf 80' lang='lat'><strong><em>01).</em></strong></span> <span class='ocrx_word' id='word_1_122' title='bbox 1455 1482 1604 1543; x_wconf 76' lang='lat' dir='ltr'><em>saxoniae</em></span> <span class='ocrx_word' id='word_1_123' title='bbox 1622 1490 1647 1550; x_wconf 91' lang='lat'><strong>1,</strong></span> <span class='ocrx_word' id='word_1_124' title='bbox 1671 1485 1701 1551; x_wconf 85' lang='lat'><strong>1,</strong></span> <span class='ocrx_word' id='word_1_125' title='bbox 1731 1481 1785 1538; x_wconf 82' lang='grc'><strong>661</strong></span> <span class='ocrx_word' id='word_1_126' title='bbox 1807 1479 1873 1537; x_wconf 80' lang='lat' dir='ltr'><strong>dem</strong></span> <span class='ocrx_word' id='word_1_127' title='bbox 1895 1482 1951 1538; x_wconf 80' lang='lat' dir='ltr'><strong>wir</strong></span> <span class='ocrx_word' id='word_1_128' title='bbox 1969 1479 2081 1552; x_wconf 74' lang='lat' dir='ltr'><strong>J&#39;edoela</strong></span> 
     </span>
     <span class='ocr_line' id='line_1_11' title="bbox 524 1583 2136 1661; baseline -0.002 -19"><span class='ocrx_word' id='word_1_129' title='bbox 524 1585 604 1642; x_wconf 82' lang='grc'><em>61611</em></span> <span class='ocrx_word' id='word_1_130' title='bbox 633 1586 667 1641; x_wconf 84' lang='lat' dir='ltr'><strong>in</strong></span> <span class='ocrx_word' id='word_1_131' title='bbox 693 1584 746 1642; x_wconf 82' lang='lat' dir='ltr'><strong>der</strong></span> <span class='ocrx_word' id='word_1_132' title='bbox 768 1584 985 1657; x_wconf 74' lang='grc'><em>8666166666</em></span> <span class='ocrx_word' id='word_1_133' title='bbox 1006 1585 1091 1658; x_wconf 76' lang='lat' dir='ltr'><strong>jedes</strong></span> <span class='ocrx_word' id='word_1_134' title='bbox 1114 1586 1264 1645; x_wconf 81' lang='lat' dir='ltr'><strong>etaeelnen</strong></span> <span class='ocrx_word' id='word_1_135' title='bbox 1286 1587 1424 1661; x_wconf 70' lang='lat' dir='ltr'><strong>Deploms</strong></span> <span class='ocrx_word' id='word_1_136' title='bbox 1446 1583 1717 1660; x_wconf 80' lang='lat' dir='ltr'><strong>aberetnstimmen)</strong></span> <span class='ocrx_word' id='word_1_137' title='bbox 1741 1585 1834 1642; x_wconf 84' lang='lat' dir='ltr'><strong>huten</strong></span> <span class='ocrx_word' id='word_1_138' title='bbox 1856 1583 1990 1654; x_wconf 75' lang='grc'><em>61166666</em></span> <span class='ocrx_word' id='word_1_139' title='bbox 2011 1583 2080 1640; x_wconf 80' lang='lat' dir='ltr'><strong>Aa·</strong></span> <span class='ocrx_word' id='word_1_140' title='bbox 2101 1595 2136 1639; x_wconf 86' lang='lat' dir='ltr'><strong>ro</strong></span> 
     </span>
    </p>

    <p class='ocr_par' dir='ltr' id='par_1_4' title="bbox 442 1685 2132 2380">
     <span class='ocr_line' id='line_1_12' title="bbox 442 1685 2078 1762; baseline 0.001 -17"><span class='ocrx_word' id='word_1_141' title='bbox 442 1759 443 1762; x_wconf 8' lang='grc' dir='ltr'><strong>Ἴ</strong></span> <span class='ocrx_word' id='word_1_142' title='bbox 525 1687 584 1746; x_wconf 87' lang='lat' dir='ltr'><strong>loss</strong></span> <span class='ocrx_word' id='word_1_143' title='bbox 604 1689 729 1760; x_wconf 73' lang='lat' dir='ltr'><strong>eeeebea</strong></span> <span class='ocrx_word' id='word_1_144' title='bbox 746 1687 914 1760; x_wconf 77' lang='lat' dir='ltr'><strong>ptpstltehe</strong></span> <span class='ocrx_word' id='word_1_145' title='bbox 936 1688 1001 1746; x_wconf 83' lang='lat' dir='ltr'><strong>und</strong></span> <span class='ocrx_word' id='word_1_146' title='bbox 1022 1688 1195 1748; x_wconf 80' lang='lat' dir='ltr'><strong>toiserlielre</strong></span> <span class='ocrx_word' id='word_1_147' title='bbox 1215 1689 1377 1749; x_wconf 76' lang='lat' dir='ltr'><strong>Urbanden</strong></span> <span class='ocrx_word' id='word_1_148' title='bbox 1398 1709 1439 1748; x_wconf 79' lang='lat' dir='ltr'><strong>an</strong></span> <span class='ocrx_word' id='word_1_149' title='bbox 1462 1687 1603 1760; x_wconf 78' lang='lat' dir='ltr'><strong>feletheo,</strong></span> <span class='ocrx_word' id='word_1_150' title='bbox 1627 1705 1659 1746; x_wconf 92' lang='lat' dir='ltr'><strong>so</strong></span> <span class='ocrx_word' id='word_1_151' title='bbox 1681 1688 1758 1746; x_wconf 78' lang='lat' dir='ltr'><strong>auctr</strong></span> <span class='ocrx_word' id='word_1_152' title='bbox 1779 1685 1877 1746; x_wconf 89' lang='lat' dir='ltr'><strong><em>DDO.</em></strong></span> <span class='ocrx_word' id='word_1_153' title='bbox 1902 1690 1975 1756; x_wconf 87' lang='grc'><em>437,</em></span> <span class='ocrx_word' id='word_1_154' title='bbox 2001 1690 2078 1746; x_wconf 88' lang='grc'><em>449.</em></span> 
     </span>
     <span class='ocr_line' id='line_1_13' title="bbox 524 1790 2080 1863; baseline 0 -15"><span class='ocrx_word' id='word_1_155' title='bbox 524 1790 661 1848; x_wconf 77' lang='lat' dir='ltr'><strong>Ersteres</strong></span> <span class='ocrx_word' id='word_1_156' title='bbox 690 1791 758 1863; x_wconf 73' lang='grc'><em>11661</em></span> <span class='ocrx_word' id='word_1_157' title='bbox 786 1809 845 1849; x_wconf 84' lang='lat' dir='ltr'><strong>uas</strong></span> <span class='ocrx_word' id='word_1_158' title='bbox 873 1793 907 1849; x_wconf 85' lang='grc'><strong>16</strong></span> <span class='ocrx_word' id='word_1_159' title='bbox 929 1790 1043 1862; x_wconf 76' lang='grc'><em>8616111</em></span> <span class='ocrx_word' id='word_1_160' title='bbox 1066 1792 1116 1852; x_wconf 87' lang='grc'><strong>666</strong></span> <span class='ocrx_word' id='word_1_161' title='bbox 1138 1793 1262 1852; x_wconf 65' lang='grc'><em>12611.</em></span> <span class='ocrx_word' id='word_1_162' title='bbox 1287 1810 1347 1853; x_wconf 83' lang='lat' dir='ltr'><strong>vor.</strong></span> <span class='ocrx_word' id='word_1_163' title='bbox 1385 1793 1430 1852; x_wconf 88' lang='lat' dir='ltr'><strong>Ist</strong></span> <span class='ocrx_word' id='word_1_164' title='bbox 1453 1793 1529 1852; x_wconf 80' lang='lat' dir='ltr'><strong>anot</strong></span> <span class='ocrx_word' id='word_1_165' title='bbox 1551 1793 1605 1852; x_wconf 86' lang='grc'><strong>666</strong></span> <span class='ocrx_word' id='word_1_166' title='bbox 1629 1790 1782 1850; x_wconf 80' lang='lat' dir='ltr'><strong>Hondmot</strong></span> <span class='ocrx_word' id='word_1_167' title='bbox 1804 1790 1938 1848; x_wconf 72' lang='lat' dir='ltr'><strong>eleaticis</strong></span> <span class='ocrx_word' id='word_1_168' title='bbox 1968 1791 2080 1863; x_wconf 70' lang='grc'><em>6661119</em></span> 
     </span>
     <span class='ocr_line' id='line_1_14' title="bbox 523 1893 2079 1970; baseline 0.001 -20"><span class='ocrx_word' id='word_1_169' title='bbox 523 1893 664 1966; x_wconf 76' lang='grc'><em>96161661,</em></span> <span class='ocrx_word' id='word_1_170' title='bbox 694 1910 727 1951; x_wconf 86' lang='grc'><strong>66</strong></span> <span class='ocrx_word' id='word_1_171' title='bbox 753 1894 792 1952; x_wconf 89' lang='grc'><strong>161</strong></span> <span class='ocrx_word' id='word_1_172' title='bbox 823 1911 852 1952; x_wconf 89' lang='lat' dir='ltr'><strong>es</strong></span> <span class='ocrx_word' id='word_1_173' title='bbox 883 1893 954 1952; x_wconf 82' lang='lat' dir='ltr'><strong>decb</strong></span> <span class='ocrx_word' id='word_1_174' title='bbox 981 1911 1022 1952; x_wconf 86' lang='lat' dir='ltr'><strong>on</strong></span> <span class='ocrx_word' id='word_1_175' title='bbox 1049 1897 1215 1970; x_wconf 73' lang='grc'><em>6661611166</em></span> <span class='ocrx_word' id='word_1_176' title='bbox 1244 1895 1331 1957; x_wconf 80' lang='lat' dir='ltr'><strong>Stella</strong></span> <span class='ocrx_word' id='word_1_177' title='bbox 1356 1900 1463 1969; x_wconf 75' lang='lat' dir='ltr'><strong>pesetet</strong></span> <span class='ocrx_word' id='word_1_178' title='bbox 1487 1896 1613 1955; x_wconf 73' lang='grc'><em>1666666.</em></span> <span class='ocrx_word' id='word_1_179' title='bbox 1659 1893 1997 1955; x_wconf 74' lang='grc'><em>1)(66166161666616</em></span> <span class='ocrx_word' id='word_1_180' title='bbox 2021 1896 2079 1952; x_wconf 84' lang='lat' dir='ltr'><strong>mit</strong></span> 
     </span>
     <span class='ocr_line' id='line_1_15' title="bbox 525 1996 2080 2071; baseline 0 -15"><span class='ocrx_word' id='word_1_181' title='bbox 525 1996 620 2069; x_wconf 78' lang='lat' dir='ltr'><strong>Sieeel</strong></span> <span class='ocrx_word' id='word_1_182' title='bbox 640 1997 786 2057; x_wconf 77' lang='lat' dir='ltr'><strong>narseten.</strong></span> <span class='ocrx_word' id='word_1_183' title='bbox 821 1998 887 2056; x_wconf 87' lang='lat' dir='ltr'><strong>Das</strong></span> <span class='ocrx_word' id='word_1_184' title='bbox 910 1997 1012 2057; x_wconf 73' lang='lat' dir='ltr'><strong>ateste</strong></span> <span class='ocrx_word' id='word_1_185' title='bbox 1034 1997 1174 2058; x_wconf 83' lang='lat' dir='ltr'><strong>Indorset</strong></span> <span class='ocrx_word' id='word_1_186' title='bbox 1197 2003 1318 2058; x_wconf 75' lang='lat' dir='ltr'><strong>storum-t</strong></span> <span class='ocrx_word' id='word_1_187' title='bbox 1340 2017 1396 2059; x_wconf 82' lang='lat' dir='ltr'><strong>aas</strong></span> <span class='ocrx_word' id='word_1_188' title='bbox 1419 2000 1484 2058; x_wconf 81' lang='lat' dir='ltr'><strong>dem</strong></span> <span class='ocrx_word' id='word_1_189' title='bbox 1499 2003 1549 2059; x_wconf 85' lang='grc'><strong>15.</strong></span> <span class='ocrx_word' id='word_1_190' title='bbox 1568 1999 1620 2059; x_wconf 75' lang='grc'><em>671.</em></span> <span class='ocrx_word' id='word_1_191' title='bbox 1656 1998 1918 2057; x_wconf 69' lang='lat' dir='ltr'><strong>Ferentaneae</strong></span> <span class='ocrx_word' id='word_1_192' title='bbox 1931 1997 2080 2071; x_wconf 74' lang='lat' dir='ltr'><strong>Fossuoe</strong></span> 
     </span>
     <span class='ocr_line' id='line_1_16' title="bbox 524 2101 2132 2175; baseline 0.003 -17"><span class='ocrx_word' id='word_1_193' title='bbox 524 2102 564 2159; x_wconf 88' lang='grc'><strong>661</strong></span> <span class='ocrx_word' id='word_1_194' title='bbox 586 2102 640 2159; x_wconf 83' lang='grc'><strong>666</strong></span> <span class='ocrx_word' id='word_1_195' title='bbox 662 2101 726 2159; x_wconf 80' lang='lat' dir='ltr'><strong>liter</strong></span> <span class='ocrx_word' id='word_1_196' title='bbox 748 2101 801 2160; x_wconf 83' lang='lat' dir='ltr'><strong>der</strong></span> <span class='ocrx_word' id='word_1_197' title='bbox 815 2101 990 2160; x_wconf 78' lang='lat' dir='ltr'><strong>Petttdract</strong></span> <span class='ocrx_word' id='word_1_198' title='bbox 1012 2102 1175 2161; x_wconf 80' lang='lat' dir='ltr'><strong>ersicttltelr</strong></span> <span class='ocrx_word' id='word_1_199' title='bbox 1198 2103 1295 2162; x_wconf 81' lang='grc'><em>666111</em></span> <span class='ocrx_word' id='word_1_200' title='bbox 1316 2103 1372 2162; x_wconf 87' lang='grc'><strong>666</strong></span> <span class='ocrx_word' id='word_1_201' title='bbox 1394 2102 1433 2162; x_wconf 90' lang='lat' dir='ltr'><strong>D.</strong></span> <span class='ocrx_word' id='word_1_202' title='bbox 1454 2102 1596 2162; x_wconf 86' lang='grc'><em>0116111.</em></span> <span class='ocrx_word' id='word_1_203' title='bbox 1622 2101 2078 2175; x_wconf 69' lang='grc'><em>816661116610576666161</em></span> <span class='ocrx_word' id='word_1_204' title='bbox 2099 2116 2132 2162; x_wconf 86' lang='lat'><strong>15</strong></span> 
     </span>
     <span class='ocr_line' id='line_1_17' title="bbox 525 2202 2078 2280; baseline 0 -18"><span class='ocrx_word' id='word_1_205' title='bbox 525 2202 651 2275; x_wconf 73' lang='grc'><em>1666666,</em></span> <span class='ocrx_word' id='word_1_206' title='bbox 668 2203 774 2278; x_wconf 69' lang='grc'><em>6666611</em></span> <span class='ocrx_word' id='word_1_207' title='bbox 795 2222 827 2264; x_wconf 87' lang='grc'><strong>66</strong></span> <span class='ocrx_word' id='word_1_208' title='bbox 850 2205 918 2264; x_wconf 83' lang='lat' dir='ltr'><strong>dosa</strong></span> <span class='ocrx_word' id='word_1_209' title='bbox 941 2203 997 2275; x_wconf 79' lang='grc'><strong>166</strong></span> <span class='ocrx_word' id='word_1_210' title='bbox 1012 2205 1060 2264; x_wconf 87' lang='grc'><strong>616</strong></span> <span class='ocrx_word' id='word_1_211' title='bbox 1079 2205 1385 2280; x_wconf 75' lang='lat' dir='ltr'><strong>Grmebesotreibnop</strong></span> <span class='ocrx_word' id='word_1_212' title='bbox 1400 2209 1434 2265; x_wconf 84' lang='grc'><strong>16</strong></span> <span class='ocrx_word' id='word_1_213' title='bbox 1449 2205 1516 2267; x_wconf 91' lang='lat' dir='ltr'><strong>DO.</strong></span> <span class='ocrx_word' id='word_1_214' title='bbox 1534 2205 2078 2278; x_wconf 69' lang='grc'><em>437616666666616666666666161</em></span> 
     </span>
     <span class='ocr_line' id='line_1_18' title="bbox 522 2306 862 2380; baseline 0.009 -15"><span class='ocrx_word' id='word_1_215' title='bbox 522 2306 648 2380; x_wconf 76' lang='grc'><em>96166161</em></span> <span class='ocrx_word' id='word_1_216' title='bbox 669 2308 788 2367; x_wconf 80' lang='lat' dir='ltr'><strong>worden</strong></span> <span class='ocrx_word' id='word_1_217' title='bbox 813 2310 862 2368; x_wconf 83' lang='lat' dir='ltr'><strong>ist.</strong></span> 
     </span>
    </p>
   </div>
   <div class='ocr_carea' id='block_1_4' title="bbox 413 2507 2145 5605">
    <p class='ocr_par' dir='ltr' id='par_1_5' title="bbox 413 2507 2145 5605">
     <span class='ocr_line' id='line_1_19' title="bbox 526 2507 2078 2590; baseline 0.003 -18"><span class='ocrx_word' id='word_1_218' title='bbox 526 2509 585 2590; x_wconf 85' lang='lat' dir='ltr'><strong>(c.)</strong></span> <span class='ocrx_word' id='word_1_219' title='bbox 608 2507 623 2590; x_wconf 70' lang='grc' dir='ltr'>ξ</span> <span class='ocrx_word' id='word_1_220' title='bbox 644 2510 683 2573; x_wconf 92' lang='lat' dir='ltr'><strong>In</strong></span> <span class='ocrx_word' id='word_1_221' title='bbox 705 2512 835 2576; x_wconf 90' lang='lat' dir='ltr'><strong>nomine</strong></span> <span class='ocrx_word' id='word_1_222' title='bbox 858 2521 992 2576; x_wconf 89' lang='grc'><em>6666166</em></span> <span class='ocrx_word' id='word_1_223' title='bbox 1015 2521 1047 2577; x_wconf 91' lang='grc'><strong>61</strong></span> <span class='ocrx_word' id='word_1_224' title='bbox 1069 2512 1258 2578; x_wconf 81' lang='lat' dir='ltr'><strong>individuae</strong></span> <span class='ocrx_word' id='word_1_225' title='bbox 1280 2514 1446 2578; x_wconf 79' lang='lat' dir='ltr'><strong>trinitatis.</strong></span> <span class='ocrx_word' id='word_1_226' title='bbox 1492 2510 1571 2577; x_wconf 92' lang='lat' dir='ltr'><strong>Otto</strong></span> <span class='ocrx_word' id='word_1_227' title='bbox 1601 2511 1712 2577; x_wconf 91' lang='lat' dir='ltr'><strong>divina</strong></span> <span class='ocrx_word' id='word_1_228' title='bbox 1741 2511 1870 2576; x_wconf 91' lang='lat' dir='ltr'><strong>favente</strong></span> <span class='ocrx_word' id='word_1_229' title='bbox 1897 2511 2078 2576; x_wconf 88' lang='lat' dir='ltr'><strong>clementia</strong></span> 
     </span>
     <span class='ocr_line' id='line_1_20' title="bbox 420 2601 2075 2702; baseline 0.003 -26"><span class='ocrx_word' id='word_1_230' title='bbox 420 2613 643 2678; x_wconf 86' lang='lat' dir='ltr'><strong>Romanorum</strong></span> <span class='ocrx_word' id='word_1_231' title='bbox 666 2601 843 2701; x_wconf 82' lang='lat' dir='ltr'><strong>imperator</strong></span> <span class='ocrx_word' id='word_1_232' title='bbox 865 2626 1031 2701; x_wconf 90' lang='lat' dir='ltr'><strong>augustus.</strong></span> <span class='ocrx_word' id='word_1_233' title='bbox 1055 2621 1069 2702; x_wconf 65' lang='grc'><strong>1</strong></span> <span class='ocrx_word' id='word_1_234' title='bbox 1155 2617 1224 2681; x_wconf 87' lang='lat' dir='ltr'><strong>Nos</strong></span> <span class='ocrx_word' id='word_1_235' title='bbox 1248 2619 1303 2702; x_wconf 92' lang='lat' dir='ltr'><strong>qui</strong></span> <span class='ocrx_word' id='word_1_236' title='bbox 1326 2616 1444 2681; x_wconf 86' lang='lat' dir='ltr'><strong>cotidie</strong></span> <span class='ocrx_word' id='word_1_237' title='bbox 1467 2615 1641 2682; x_wconf 89' lang='lat' dir='ltr'><strong>multorum</strong></span> <span class='ocrx_word' id='word_1_238' title='bbox 1663 2615 1899 2681; x_wconf 87' lang='lat' dir='ltr'><strong>venerabilium</strong></span> <span class='ocrx_word' id='word_1_239' title='bbox 1914 2619 2075 2699; x_wconf 90' lang='lat' dir='ltr'><strong>virorum,</strong></span> 
     </span>
     <span class='ocr_line' id='line_1_21' title="bbox 422 2717 2129 2807; baseline 0.002 -28"><span class='ocrx_word' id='word_1_240' title='bbox 422 2717 650 2802; x_wconf 89' lang='lat' dir='ltr'><strong>episcoporum</strong></span> <span class='ocrx_word' id='word_1_241' title='bbox 672 2717 830 2783; x_wconf 90' lang='lat' dir='ltr'><strong>abbatum</strong></span> <span class='ocrx_word' id='word_1_242' title='bbox 853 2729 1100 2807; x_wconf 88' lang='lat' dir='ltr'><strong>ceterorumque</strong></span> <span class='ocrx_word' id='word_1_243' title='bbox 1122 2720 1267 2785; x_wconf 90' lang='lat' dir='ltr'><strong>fidelium</strong></span> <span class='ocrx_word' id='word_1_244' title='bbox 1290 2719 1411 2785; x_wconf 83' lang='lat' dir='ltr'><strong>Christi</strong></span> <span class='ocrx_word' id='word_1_245' title='bbox 1434 2723 1667 2785; x_wconf 91' lang='lat' dir='ltr'><strong>canonicorum</strong></span> <span class='ocrx_word' id='word_1_246' title='bbox 1692 2730 1724 2786; x_wconf 91' lang='lat' dir='ltr'><strong>et</strong></span> <span class='ocrx_word' id='word_1_247' title='bbox 1746 2718 1998 2802; x_wconf 88' lang='lat' dir='ltr'><strong>monachorum,</strong></span> <span class='ocrx_word' id='word_1_248' title='bbox 2030 2720 2076 2784; x_wconf 91' lang='lat' dir='ltr'><strong>ad</strong></span> <span class='ocrx_word' id='word_1_249' title='bbox 2095 2737 2129 2783; x_wconf 79' lang='grc'><strong>16</strong></span> 
     </span>
     <span class='ocr_line' id='line_1_22' title="bbox 422 2819 2076 2908; baseline 0.003 -26"><span class='ocrx_word' id='word_1_250' title='bbox 422 2819 661 2884; x_wconf 89' lang='lat' dir='ltr'><strong>omnebonum</strong></span> <span class='ocrx_word' id='word_1_251' title='bbox 686 2843 768 2906; x_wconf 90' lang='lat' dir='ltr'><strong>opus</strong></span> <span class='ocrx_word' id='word_1_252' title='bbox 792 2826 955 2908; x_wconf 86' lang='lat' dir='ltr'><strong>preceptis</strong></span> <span class='ocrx_word' id='word_1_253' title='bbox 978 2823 1182 2905; x_wconf 86' lang='lat' dir='ltr'><strong>instruimur,</strong></span> <span class='ocrx_word' id='word_1_254' title='bbox 1207 2823 1366 2908; x_wconf 82' lang='lat' dir='ltr'><strong>exemplis</strong></span> <span class='ocrx_word' id='word_1_255' title='bbox 1388 2823 1617 2902; x_wconf 88' lang='lat' dir='ltr'><strong>informamur,</strong></span> <span class='ocrx_word' id='word_1_256' title='bbox 1642 2823 1780 2888; x_wconf 84' lang='lat' dir='ltr'><strong>libenter</strong></span> <span class='ocrx_word' id='word_1_257' title='bbox 1802 2846 1843 2888; x_wconf 87' lang='lat' dir='ltr'><strong>ex</strong></span> <span class='ocrx_word' id='word_1_258' title='bbox 1865 2822 2076 2888; x_wconf 82' lang='lat' dir='ltr'><strong>habundanti</strong></span> 
     </span>
     <span class='ocr_line' id='line_1_23' title="bbox 420 2925 2076 3013; baseline 0.002 -27"><span class='ocrx_word' id='word_1_259' title='bbox 420 2945 527 2987; x_wconf 88' lang='lat' dir='ltr'><strong>rerum</strong></span> <span class='ocrx_word' id='word_1_260' title='bbox 548 2934 760 2989; x_wconf 75' lang='lat' dir='ltr'><strong>nostrorumt</strong></span> <span class='ocrx_word' id='word_1_261' title='bbox 782 2928 878 3010; x_wconf 88' lang='lat' dir='ltr'><strong>copia</strong></span> <span class='ocrx_word' id='word_1_262' title='bbox 902 2925 945 2991; x_wconf 96' lang='grc'><strong>66</strong></span> <span class='ocrx_word' id='word_1_263' title='bbox 968 2937 1119 2991; x_wconf 82' lang='lat' dir='ltr'><strong>aeternae</strong></span> <span class='ocrx_word' id='word_1_264' title='bbox 1142 2925 1354 2992; x_wconf 89' lang='lat' dir='ltr'><strong>beatitudinis</strong></span> <span class='ocrx_word' id='word_1_265' title='bbox 1377 2930 1480 2991; x_wconf 89' lang='lat' dir='ltr'><strong>vitam</strong></span> <span class='ocrx_word' id='word_1_266' title='bbox 1504 2928 1715 3013; x_wconf 84' lang='lat' dir='ltr'><strong>optinendam</strong></span> <span class='ocrx_word' id='word_1_267' title='bbox 1737 2938 1770 2992; x_wconf 97' lang='grc'><strong>61</strong></span> <span class='ocrx_word' id='word_1_268' title='bbox 1792 2927 1835 2992; x_wconf 88' lang='grc'><strong>66</strong></span> <span class='ocrx_word' id='word_1_269' title='bbox 1857 2925 2076 3012; x_wconf 87' lang='lat' dir='ltr'><strong>temporalem</strong></span> 
     </span>
     <span class='ocr_line' id='line_1_24' title="bbox 420 3027 2076 3119; baseline 0.001 -27"><span class='ocrx_word' id='word_1_270' title='bbox 420 3027 559 3094; x_wconf 83' lang='lat' dir='ltr'><strong>feliciter</strong></span> <span class='ocrx_word' id='word_1_271' title='bbox 573 3029 818 3116; x_wconf 85' lang='lat' dir='ltr'><strong>transigendam</strong></span> <span class='ocrx_word' id='word_1_272' title='bbox 833 3032 946 3097; x_wconf 85' lang='lat' dir='ltr'><strong>divina</strong></span> <span class='ocrx_word' id='word_1_273' title='bbox 961 3030 1139 3097; x_wconf 85' lang='lat' dir='ltr'><strong>auxiliante</strong></span> <span class='ocrx_word' id='word_1_274' title='bbox 1152 3033 1268 3115; x_wconf 87' lang='lat' dir='ltr'><strong>gratia,</strong></span> <span class='ocrx_word' id='word_1_275' title='bbox 1286 3030 1374 3119; x_wconf 90' lang='lat' dir='ltr'><strong>qnod</strong></span> <span class='ocrx_word' id='word_1_276' title='bbox 1386 3041 1518 3096; x_wconf 90' lang='lat' dir='ltr'><strong>nostrae</strong></span> <span class='ocrx_word' id='word_1_277' title='bbox 1530 3032 1678 3116; x_wconf 84' lang='lat' dir='ltr'><strong>felicitati</strong></span> <span class='ocrx_word' id='word_1_278' title='bbox 1690 3033 1895 3116; x_wconf 87' lang='lat' dir='ltr'><strong>aptissimum</strong></span> <span class='ocrx_word' id='word_1_279' title='bbox 1907 3029 2076 3095; x_wconf 87' lang='lat' dir='ltr'><strong>credimus</strong></span> 
     </span>
     <span class='ocr_line' id='line_1_25' title="bbox 420 3133 2076 3222; baseline 0.002 -26"><span class='ocrx_word' id='word_1_280' title='bbox 420 3134 563 3218; x_wconf 88' lang='lat' dir='ltr'><strong>incipere</strong></span> <span class='ocrx_word' id='word_1_281' title='bbox 587 3143 619 3199; x_wconf 93' lang='grc'><strong>61</strong></span> <span class='ocrx_word' id='word_1_282' title='bbox 640 3135 675 3199; x_wconf 91' lang='lat' dir='ltr'><strong>in</strong></span> <span class='ocrx_word' id='word_1_283' title='bbox 698 3133 829 3200; x_wconf 92' lang='lat' dir='ltr'><strong>domino</strong></span> <span class='ocrx_word' id='word_1_284' title='bbox 854 3135 1020 3222; x_wconf 86' lang='lat' dir='ltr'><strong>perficere,</strong></span> <span class='ocrx_word' id='word_1_285' title='bbox 1045 3144 1235 3200; x_wconf 83' lang='lat' dir='ltr'><strong>constanter</strong></span> <span class='ocrx_word' id='word_1_286' title='bbox 1257 3134 1475 3200; x_wconf 89' lang='lat' dir='ltr'><strong>elaboramus.</strong></span> <span class='ocrx_word' id='word_1_287' title='bbox 1514 3137 1602 3221; x_wconf 85' lang='lat' dir='ltr'><strong>Ergo</strong></span> <span class='ocrx_word' id='word_1_288' title='bbox 1620 3137 1829 3202; x_wconf 87' lang='lat' dir='ltr'><strong>manifestare</strong></span> <span class='ocrx_word' id='word_1_289' title='bbox 1845 3156 1884 3199; x_wconf 90' lang='lat' dir='ltr'><strong>ac</strong></span> <span class='ocrx_word' id='word_1_290' title='bbox 1899 3134 2076 3200; x_wconf 87' lang='lat' dir='ltr'><strong>notificare</strong></span> 
     </span>
     <span class='ocr_line' id='line_1_26' title="bbox 421 3235 2126 3324; baseline 0 -24"><span class='ocrx_word' id='word_1_291' title='bbox 421 3236 572 3301; x_wconf 91' lang='lat' dir='ltr'><strong>omnibus</strong></span> <span class='ocrx_word' id='word_1_292' title='bbox 588 3240 621 3301; x_wconf 93' lang='lat' dir='ltr'><strong>in</strong></span> <span class='ocrx_word' id='word_1_293' title='bbox 639 3235 769 3303; x_wconf 84' lang='lat' dir='ltr'><strong>Christo</strong></span> <span class='ocrx_word' id='word_1_294' title='bbox 787 3237 940 3304; x_wconf 89' lang='lat' dir='ltr'><strong>fidelibus</strong></span> <span class='ocrx_word' id='word_1_295' title='bbox 956 3247 1022 3302; x_wconf 91' lang='lat' dir='ltr'><strong>tam</strong></span> <span class='ocrx_word' id='word_1_296' title='bbox 1038 3238 1155 3302; x_wconf 88' lang='lat' dir='ltr'><strong>futuris</strong></span> <span class='ocrx_word' id='word_1_297' title='bbox 1174 3261 1273 3324; x_wconf 89' lang='lat' dir='ltr'><strong>quam</strong></span> <span class='ocrx_word' id='word_1_298' title='bbox 1296 3237 1523 3323; x_wconf 88' lang='lat' dir='ltr'><strong>praesentibus</strong></span> <span class='ocrx_word' id='word_1_299' title='bbox 1547 3261 1645 3323; x_wconf 90' lang='lat' dir='ltr'><strong>quam</strong></span> <span class='ocrx_word' id='word_1_300' title='bbox 1667 3239 1811 3304; x_wconf 86' lang='lat' dir='ltr'><strong>maxime</strong></span> <span class='ocrx_word' id='word_1_301' title='bbox 1834 3235 2073 3318; x_wconf 86' lang='lat' dir='ltr'><strong>desideramus,</strong></span> <span class='ocrx_word' id='word_1_302' title='bbox 2094 3255 2126 3301; x_wconf 80' lang='lat'><strong>25</strong></span> 
     </span>
     <span class='ocr_line' id='line_1_27' title="bbox 419 3337 2073 3425; baseline 0.002 -23"><span class='ocrx_word' id='word_1_303' title='bbox 419 3337 558 3423; x_wconf 88' lang='lat' dir='ltr'><strong>qualiter</strong></span> <span class='ocrx_word' id='word_1_304' title='bbox 573 3362 633 3404; x_wconf 92' lang='lat' dir='ltr'><strong>nos</strong></span> <span class='ocrx_word' id='word_1_305' title='bbox 649 3362 708 3425; x_wconf 93' lang='lat' dir='ltr'><strong>pro</strong></span> <span class='ocrx_word' id='word_1_306' title='bbox 728 3341 871 3406; x_wconf 88' lang='lat' dir='ltr'><strong>remedio</strong></span> <span class='ocrx_word' id='word_1_307' title='bbox 896 3349 928 3404; x_wconf 89' lang='lat' dir='ltr'><strong>et</strong></span> <span class='ocrx_word' id='word_1_308' title='bbox 951 3350 1109 3425; x_wconf 89' lang='lat' dir='ltr'><strong>perpetua</strong></span> <span class='ocrx_word' id='word_1_309' title='bbox 1132 3343 1277 3405; x_wconf 89' lang='lat' dir='ltr'><strong>omnium</strong></span> <span class='ocrx_word' id='word_1_310' title='bbox 1298 3339 1443 3405; x_wconf 89' lang='lat' dir='ltr'><strong>fidelium</strong></span> <span class='ocrx_word' id='word_1_311' title='bbox 1468 3342 1693 3409; x_wconf 86' lang='lat' dir='ltr'><strong>defunctorum</strong></span> <span class='ocrx_word' id='word_1_312' title='bbox 1717 3343 1898 3407; x_wconf 90' lang='lat' dir='ltr'><strong>animarum</strong></span> <span class='ocrx_word' id='word_1_313' title='bbox 1921 3339 2073 3425; x_wconf 90' lang='lat' dir='ltr'><strong>redemp-</strong></span> 
     </span>
     <span class='ocr_line' id='line_1_28' title="bbox 419 3445 2074 3531; baseline -0.001 -23"><span class='ocrx_word' id='word_1_314' title='bbox 419 3446 506 3508; x_wconf 88' lang='lat' dir='ltr'><strong>tione</strong></span> <span class='ocrx_word' id='word_1_315' title='bbox 522 3467 583 3510; x_wconf 89' lang='lat' dir='ltr'><strong>nec</strong></span> <span class='ocrx_word' id='word_1_316' title='bbox 599 3467 664 3510; x_wconf 92' lang='lat' dir='ltr'><strong>non</strong></span> <span class='ocrx_word' id='word_1_317' title='bbox 680 3467 739 3531; x_wconf 93' lang='lat' dir='ltr'><strong>pro</strong></span> <span class='ocrx_word' id='word_1_318' title='bbox 764 3455 875 3510; x_wconf 89' lang='lat' dir='ltr'><strong>nostra</strong></span> <span class='ocrx_word' id='word_1_319' title='bbox 899 3447 1097 3530; x_wconf 89' lang='lat' dir='ltr'><strong>sempiterna</strong></span> <span class='ocrx_word' id='word_1_320' title='bbox 1121 3445 1225 3512; x_wconf 88' lang='lat' dir='ltr'><strong>salute</strong></span> <span class='ocrx_word' id='word_1_321' title='bbox 1248 3468 1287 3511; x_wconf 91' lang='lat' dir='ltr'><strong>ac</strong></span> <span class='ocrx_word' id='word_1_322' title='bbox 1313 3445 1499 3530; x_wconf 77' lang='lat' dir='ltr'><strong>dulcissime</strong></span> <span class='ocrx_word' id='word_1_323' title='bbox 1523 3445 1731 3510; x_wconf 90' lang='lat' dir='ltr'><strong>conlateralis</strong></span> <span class='ocrx_word' id='word_1_324' title='bbox 1753 3455 1863 3529; x_wconf 89' lang='lat' dir='ltr'><strong>nostre</strong></span> <span class='ocrx_word' id='word_1_325' title='bbox 1886 3446 2074 3528; x_wconf 84' lang='lat' dir='ltr'><strong>carissime-</strong></span> 
     </span>
     <span class='ocr_line' id='line_1_29' title="bbox 419 3546 2075 3635; baseline 0.001 -24"><span class='ocrx_word' id='word_1_326' title='bbox 419 3568 482 3631; x_wconf 90' lang='lat' dir='ltr'><strong>que</strong></span> <span class='ocrx_word' id='word_1_327' title='bbox 504 3547 628 3613; x_wconf 90' lang='lat' dir='ltr'><strong>sobolis</strong></span> <span class='ocrx_word' id='word_1_328' title='bbox 651 3559 760 3632; x_wconf 87' lang='lat' dir='ltr'><strong>nostre</strong></span> <span class='ocrx_word' id='word_1_329' title='bbox 783 3551 918 3634; x_wconf 88' lang='lat' dir='ltr'><strong>perenni</strong></span> <span class='ocrx_word' id='word_1_330' title='bbox 941 3547 1096 3614; x_wconf 87' lang='lat' dir='ltr'><strong>felicitate</strong></span> <span class='ocrx_word' id='word_1_331' title='bbox 1119 3549 1314 3614; x_wconf 88' lang='lat' dir='ltr'><strong>aecclesiam</strong></span> <span class='ocrx_word' id='word_1_332' title='bbox 1338 3548 1503 3635; x_wconf 89' lang='lat' dir='ltr'><strong>quandam</strong></span> <span class='ocrx_word' id='word_1_333' title='bbox 1519 3552 1552 3613; x_wconf 92' lang='lat' dir='ltr'><strong>in</strong></span> <span class='ocrx_word' id='word_1_334' title='bbox 1567 3549 1688 3615; x_wconf 88' lang='lat' dir='ltr'><strong>Misina</strong></span> <span class='ocrx_word' id='word_1_335' title='bbox 1707 3550 1838 3615; x_wconf 89' lang='lat' dir='ltr'><strong>civitate</strong></span> <span class='ocrx_word' id='word_1_336' title='bbox 1857 3546 2017 3613; x_wconf 88' lang='lat' dir='ltr'><strong>collocari</strong></span> <span class='ocrx_word' id='word_1_337' title='bbox 2040 3557 2075 3612; x_wconf 89' lang='lat' dir='ltr'><strong>et</strong></span> 
     </span>
     <span class='ocr_line' id='line_1_30' title="bbox 419 3651 2074 3739; baseline 0.001 -25"><span class='ocrx_word' id='word_1_338' title='bbox 419 3653 565 3716; x_wconf 87' lang='lat' dir='ltr'><strong>construi</strong></span> <span class='ocrx_word' id='word_1_339' title='bbox 593 3654 837 3738; x_wconf 84' lang='lat' dir='ltr'><strong>praecepimus,</strong></span> <span class='ocrx_word' id='word_1_340' title='bbox 872 3651 929 3716; x_wconf 92' lang='lat' dir='ltr'><strong>ubi</strong></span> <span class='ocrx_word' id='word_1_341' title='bbox 951 3654 1049 3718; x_wconf 89' lang='lat' dir='ltr'><strong>etiam</strong></span> <span class='ocrx_word' id='word_1_342' title='bbox 1072 3664 1191 3738; x_wconf 88' lang='lat' dir='ltr'><strong>rogatu</strong></span> <span class='ocrx_word' id='word_1_343' title='bbox 1214 3665 1247 3719; x_wconf 91' lang='lat' dir='ltr'><strong>et</strong></span> <span class='ocrx_word' id='word_1_344' title='bbox 1270 3653 1406 3719; x_wconf 90' lang='lat' dir='ltr'><strong>consilio</strong></span> <span class='ocrx_word' id='word_1_345' title='bbox 1429 3655 1655 3718; x_wconf 89' lang='lat' dir='ltr'><strong>universorum</strong></span> <span class='ocrx_word' id='word_1_346' title='bbox 1677 3655 1860 3739; x_wconf 88' lang='lat' dir='ltr'><strong>principum</strong></span> <span class='ocrx_word' id='word_1_347' title='bbox 1883 3662 2074 3717; x_wconf 90' lang='lat' dir='ltr'><strong>nostrorum</strong></span> 
     </span>
     <span class='ocr_line' id='line_1_31' title="bbox 418 3755 2126 3843; baseline 0.001 -24"><span class='ocrx_word' id='word_1_348' title='bbox 418 3758 450 3819; x_wconf 91' lang='lat' dir='ltr'><strong>in</strong></span> <span class='ocrx_word' id='word_1_349' title='bbox 473 3755 596 3822; x_wconf 90' lang='lat' dir='ltr'><strong>honore</strong></span> <span class='ocrx_word' id='word_1_350' title='bbox 621 3760 726 3822; x_wconf 87' lang='lat' dir='ltr'><strong>sancti</strong></span> <span class='ocrx_word' id='word_1_351' title='bbox 750 3757 905 3822; x_wconf 91' lang='lat' dir='ltr'><strong>Iohannis</strong></span> <span class='ocrx_word' id='word_1_352' title='bbox 929 3756 1130 3842; x_wconf 81' lang='lat' dir='ltr'><strong>evangeliste</strong></span> <span class='ocrx_word' id='word_1_353' title='bbox 1156 3756 1510 3843; x_wconf 66' lang='lat' dir='ltr'><strong>sederns&#39;episcopalem</strong></span> <span class='ocrx_word' id='word_1_354' title='bbox 1538 3756 1607 3822; x_wconf 82' lang='lat' dir='ltr'><strong>fieri</strong></span> <span class='ocrx_word' id='word_1_355' title='bbox 1638 3757 1855 3837; x_wconf 86' lang='lat' dir='ltr'><strong>decrevimus,</strong></span> <span class='ocrx_word' id='word_1_356' title='bbox 1886 3758 1939 3821; x_wconf 91' lang='lat' dir='ltr'><strong>cui</strong></span> <span class='ocrx_word' id='word_1_357' title='bbox 1971 3779 2073 3842; x_wconf 91' lang='lat' dir='ltr'><strong>quen·</strong></span> <span class='ocrx_word' id='word_1_358' title='bbox 2093 3775 2126 3821; x_wconf 82' lang='lat' dir='ltr'><strong>ao</strong></span> 
     </span>
     <span class='ocr_line' id='line_1_32' title="bbox 419 3857 2073 3956; baseline 0 -34"><span class='ocrx_word' id='word_1_359' title='bbox 419 3857 496 3922; x_wconf 88' lang='lat' dir='ltr'><strong>dam</strong></span> <span class='ocrx_word' id='word_1_360' title='bbox 524 3871 633 3943; x_wconf 86' lang='lat' dir='ltr'><strong>nostre</strong></span> <span class='ocrx_word' id='word_1_361' title='bbox 663 3860 845 3926; x_wconf 86' lang='lat' dir='ltr'><strong>dilectionis</strong></span> <span class='ocrx_word' id='word_1_362' title='bbox 875 3863 1024 3925; x_wconf 90' lang='lat' dir='ltr'><strong>intimum</strong></span> <span class='ocrx_word' id='word_1_363' title='bbox 1050 3864 1181 3926; x_wconf 91' lang='lat' dir='ltr'><strong>nomine</strong></span> <span class='ocrx_word' id='word_1_364' title='bbox 1204 3862 1428 3927; x_wconf 88' lang='lat' dir='ltr'><strong>Bvrcbardvm</strong></span> <span class='ocrx_word' id='word_1_365' title='bbox 1453 3860 1590 3925; x_wconf 87' lang='lat' dir='ltr'><strong>electum</strong></span> <span class='ocrx_word' id='word_1_366' title='bbox 1613 3869 1645 3923; x_wconf 89' lang='grc'><strong>61</strong></span> <span class='ocrx_word' id='word_1_367' title='bbox 1667 3860 1710 3924; x_wconf 87' lang='grc'><strong>66</strong></span> <span class='ocrx_word' id='word_1_368' title='bbox 1734 3858 1941 3956; x_wconf 75' lang='lat' dir='ltr'><strong>praesulatus</strong></span> <span class='ocrx_word' id='word_1_369' title='bbox 1965 3858 2073 3943; x_wconf 90' lang='lat' dir='ltr'><strong>digni-</strong></span> 
     </span>
     <span class='ocr_line' id='line_1_33' title="bbox 419 3961 2072 4050; baseline 0.002 -25"><span class='ocrx_word' id='word_1_370' title='bbox 419 3972 518 4026; x_wconf 89' lang='lat' dir='ltr'><strong>tatem</strong></span> <span class='ocrx_word' id='word_1_371' title='bbox 542 3965 575 4026; x_wconf 91' lang='lat' dir='ltr'><strong>in</strong></span> <span class='ocrx_word' id='word_1_372' title='bbox 595 3961 724 4028; x_wconf 87' lang='lat' dir='ltr'><strong>Christo</strong></span> <span class='ocrx_word' id='word_1_373' title='bbox 749 3975 977 4031; x_wconf 86' lang='lat' dir='ltr'><strong>consecratum</strong></span> <span class='ocrx_word' id='word_1_374' title='bbox 999 3988 1019 4029; x_wconf 92' lang='lat' dir='ltr'><strong>a</strong></span> <span class='ocrx_word' id='word_1_375' title='bbox 1043 3975 1155 4048; x_wconf 84' lang='lat' dir='ltr'><strong>sancte</strong></span> <span class='ocrx_word' id='word_1_376' title='bbox 1171 3965 1412 4048; x_wconf 83' lang='lat' dir='ltr'><strong>lloguntiensis</strong></span> <span class='ocrx_word' id='word_1_377' title='bbox 1435 3964 1594 4050; x_wconf 87' lang='lat' dir='ltr'><strong>aecclesie</strong></span> <span class='ocrx_word' id='word_1_378' title='bbox 1618 3963 1796 4028; x_wconf 87' lang='lat' dir='ltr'><strong>venerabili</strong></span> <span class='ocrx_word' id='word_1_379' title='bbox 1819 3961 2072 4050; x_wconf 83' lang='lat' dir='ltr'><strong>archiepiscopo</strong></span> 
     </span>
     <span class='ocr_line' id='line_1_34' title="bbox 418 4065 2073 4153; baseline 0.001 -24"><span class='ocrx_word' id='word_1_380' title='bbox 418 4068 549 4130; x_wconf 89' lang='lat' dir='ltr'><strong>nomine</strong></span> <span class='ocrx_word' id='word_1_381' title='bbox 573 4065 758 4132; x_wconf 87' lang='lat' dir='ltr'><strong>Hildiberto</strong></span> <span class='ocrx_word' id='word_1_382' title='bbox 782 4070 815 4133; x_wconf 92' lang='lat' dir='ltr'><strong>in</strong></span> <span class='ocrx_word' id='word_1_383' title='bbox 839 4068 970 4134; x_wconf 89' lang='lat' dir='ltr'><strong>laudem</strong></span> <span class='ocrx_word' id='word_1_384' title='bbox 994 4070 1226 4153; x_wconf 90' lang='lat' dir='ltr'><strong>omnipotentis</strong></span> <span class='ocrx_word' id='word_1_385' title='bbox 1255 4067 1377 4131; x_wconf 93' lang='lat' dir='ltr'><strong>domini</strong></span> <span class='ocrx_word' id='word_1_386' title='bbox 1408 4067 1550 4150; x_wconf 81' lang='lat' dir='ltr'><strong>gloriose</strong></span> <span class='ocrx_word' id='word_1_387' title='bbox 1579 4066 1807 4150; x_wconf 87' lang='lat' dir='ltr'><strong>praefecimus.</strong></span> <span class='ocrx_word' id='word_1_388' title='bbox 1853 4065 1941 4130; x_wconf 92' lang='lat' dir='ltr'><strong>Huic</strong></span> <span class='ocrx_word' id='word_1_389' title='bbox 1970 4069 2073 4130; x_wconf 88' lang='lat' dir='ltr'><strong>etiam</strong></span> 
     </span>
     <span class='ocr_line' id='line_1_35' title="bbox 418 4169 2072 4255; baseline 0 -21"><span class='ocrx_word' id='word_1_390' title='bbox 418 4186 583 4249; x_wconf 84' lang='lat' dir='ltr'><strong>episcopatui</strong></span> <span class='ocrx_word' id='word_1_391' title='bbox 606 4203 678 4236; x_wconf 87' lang='lat' dir='ltr'><strong>more</strong></span> <span class='ocrx_word' id='word_1_392' title='bbox 701 4189 870 4252; x_wconf 87' lang='lat' dir='ltr'><strong>antiquorum</strong></span> <span class='ocrx_word' id='word_1_393' title='bbox 892 4189 1080 4252; x_wconf 85' lang='lat' dir='ltr'><strong>imperatorum</strong></span> <span class='ocrx_word' id='word_1_394' title='bbox 1104 4195 1130 4237; x_wconf 88' lang='grc'><strong>61</strong></span> <span class='ocrx_word' id='word_1_395' title='bbox 1152 4203 1243 4252; x_wconf 87' lang='lat' dir='ltr'><strong>regum</strong></span> <span class='ocrx_word' id='word_1_396' title='bbox 1266 4193 1357 4236; x_wconf 82' lang='lat' dir='ltr'><strong>nostra</strong></span> <span class='ocrx_word' id='word_1_397' title='bbox 1379 4169 1539 4255; x_wconf 79' lang='lat' dir='ltr'><strong>imperiali</strong></span> <span class='ocrx_word' id='word_1_398' title='bbox 1569 4191 1700 4250; x_wconf 87' lang='lat' dir='ltr'><strong>potestate</strong></span> <span class='ocrx_word' id='word_1_399' title='bbox 1722 4187 1862 4235; x_wconf 88' lang='lat' dir='ltr'><strong>terminum</strong></span> <span class='ocrx_word' id='word_1_400' title='bbox 1885 4186 2027 4248; x_wconf 86' lang='lat' dir='ltr'><strong>posuimus</strong></span> <span class='ocrx_word' id='word_1_401' title='bbox 2042 4203 2072 4234; x_wconf 68' lang='lat' dir='ltr'><strong>a:</strong></span> 
     </span>
     <span class='ocr_line' id='line_1_36' title="bbox 418 4273 2123 4360; baseline 0.001 -24"><span class='ocrx_word' id='word_1_402' title='bbox 418 4288 464 4337; x_wconf 80' lang='lat' dir='ltr'><strong>ubi</strong></span> <span class='ocrx_word' id='word_1_403' title='bbox 489 4275 590 4338; x_wconf 90' lang='lat' dir='ltr'><strong>oritur</strong></span> <span class='ocrx_word' id='word_1_404' title='bbox 611 4273 730 4338; x_wconf 91' lang='lat' dir='ltr'><strong>fluvius</strong></span> <span class='ocrx_word' id='word_1_405' title='bbox 754 4277 808 4360; x_wconf 90' lang='lat' dir='ltr'><strong>qui</strong></span> <span class='ocrx_word' id='word_1_406' title='bbox 832 4275 950 4340; x_wconf 90' lang='lat' dir='ltr'><strong>dieitur</strong></span> <span class='ocrx_word' id='word_1_407' title='bbox 973 4275 1246 4352; x_wconf 76' lang='lat' dir='ltr'><strong>orientalis&#39;Milda‚</strong></span> <span class='ocrx_word' id='word_1_408' title='bbox 1269 4274 1344 4338; x_wconf 89' lang='lat' dir='ltr'><strong>inde</strong></span> <span class='ocrx_word' id='word_1_409' title='bbox 1369 4305 1452 4355; x_wconf 83' lang='lat' dir='ltr'><strong>usqne</strong></span> <span class='ocrx_word' id='word_1_410' title='bbox 1468 4296 1531 4358; x_wconf 93' lang='lat' dir='ltr'><strong>quo</strong></span> <span class='ocrx_word' id='word_1_411' title='bbox 1548 4273 1636 4338; x_wconf 91' lang='lat' dir='ltr'><strong>idem</strong></span> <span class='ocrx_word' id='word_1_412' title='bbox 1650 4273 1767 4338; x_wconf 89' lang='lat' dir='ltr'><strong>fluvius</strong></span> <span class='ocrx_word' id='word_1_413' title='bbox 1782 4291 1864 4338; x_wconf 77' lang='lat' dir='ltr'><strong>intrat</strong></span> <span class='ocrx_word' id='word_1_414' title='bbox 1878 4289 1905 4336; x_wconf 85' lang='lat' dir='ltr'><strong>in</strong></span> <span class='ocrx_word' id='word_1_415' title='bbox 1920 4287 2030 4338; x_wconf 68' lang='lat' dir='ltr'><strong>,albiam</strong></span> <span class='ocrx_word' id='word_1_416' title='bbox 2046 4306 2071 4352; x_wconf 65' lang='lat' dir='ltr'><strong>e,</strong></span> <span class='ocrx_word' id='word_1_417' title='bbox 2091 4291 2123 4338; x_wconf 81' lang='grc'><strong>36</strong></span> 
     </span>
     <span class='ocr_line' id='line_1_37' title="bbox 418 4392 2071 4459; baseline -0.001 -17"><span class='ocrx_word' id='word_1_418' title='bbox 418 4399 444 4442; x_wconf 87' lang='grc'><strong>61</strong></span> <span class='ocrx_word' id='word_1_419' title='bbox 466 4394 504 4442; x_wconf 89' lang='lat' dir='ltr'><strong>sic</strong></span> <span class='ocrx_word' id='word_1_420' title='bbox 527 4409 630 4442; x_wconf 87' lang='lat' dir='ltr'><strong>sursum</strong></span> <span class='ocrx_word' id='word_1_421' title='bbox 654 4401 680 4444; x_wconf 90' lang='grc'><strong>61</strong></span> <span class='ocrx_word' id='word_1_422' title='bbox 702 4394 772 4443; x_wconf 87' lang='lat' dir='ltr'><strong>ultra</strong></span> <span class='ocrx_word' id='word_1_423' title='bbox 795 4395 957 4459; x_wconf 86' lang='lat' dir='ltr'><strong>provinciam</strong></span> <span class='ocrx_word' id='word_1_424' title='bbox 973 4395 1057 4444; x_wconf 84' lang='lat' dir='ltr'><strong>Nizini</strong></span> <span class='ocrx_word' id='word_1_425' title='bbox 1080 4395 1114 4444; x_wconf 87' lang='lat' dir='ltr'><strong>ad</strong></span> <span class='ocrx_word' id='word_1_426' title='bbox 1138 4395 1250 4444; x_wconf 88' lang='lat' dir='ltr'><strong>eundem</strong></span> <span class='ocrx_word' id='word_1_427' title='bbox 1273 4395 1414 4444; x_wconf 87' lang='lat' dir='ltr'><strong>terminum</strong></span> <span class='ocrx_word' id='word_1_428' title='bbox 1437 4395 1493 4444; x_wconf 89' lang='lat' dir='ltr'><strong>sine</strong></span> <span class='ocrx_word' id='word_1_429' title='bbox 1515 4393 1596 4442; x_wconf 88' lang='lat' dir='ltr'><strong>dubio</strong></span> <span class='ocrx_word' id='word_1_430' title='bbox 1612 4407 1661 4442; x_wconf 89' lang='lat' dir='ltr'><strong>nec</strong></span> <span class='ocrx_word' id='word_1_431' title='bbox 1676 4409 1730 4442; x_wconf 90' lang='grc'><strong>666</strong></span> <span class='ocrx_word' id='word_1_432' title='bbox 1742 4394 1771 4441; x_wconf 92' lang='lat' dir='ltr'><strong>in</strong></span> <span class='ocrx_word' id='word_1_433' title='bbox 1786 4392 1869 4442; x_wconf 85' lang='lat' dir='ltr'><strong>altera</strong></span> <span class='ocrx_word' id='word_1_434' title='bbox 1884 4399 1961 4456; x_wconf 83' lang='lat' dir='ltr'><strong>parts</strong></span> <span class='ocrx_word' id='word_1_435' title='bbox 1976 4393 2071 4442; x_wconf 85' lang='lat' dir='ltr'><strong>Luzizi</strong></span> 
     </span>
     <span class='ocr_line' id='line_1_38' title="bbox 418 4495 2072 4562; baseline 0.001 -17"><span class='ocrx_word' id='word_1_436' title='bbox 418 4503 444 4545; x_wconf 90' lang='grc'><strong>61</strong></span> <span class='ocrx_word' id='word_1_437' title='bbox 466 4495 574 4562; x_wconf 80' lang='lat' dir='ltr'><strong>Selpoli,</strong></span> <span class='ocrx_word' id='word_1_438' title='bbox 598 4515 614 4545; x_wconf 77' lang='lat' dir='ltr'><strong>s</strong></span> <span class='ocrx_word' id='word_1_439' title='bbox 636 4497 709 4546; x_wconf 89' lang='lat' dir='ltr'><strong>illam</strong></span> <span class='ocrx_word' id='word_1_440' title='bbox 732 4498 857 4548; x_wconf 86' lang='lat' dir='ltr'><strong>videlicet</strong></span> <span class='ocrx_word' id='word_1_441' title='bbox 878 4499 948 4547; x_wconf 87' lang='lat' dir='ltr'><strong>infra</strong></span> <span class='ocrx_word' id='word_1_442' title='bbox 971 4497 1083 4548; x_wconf 89' lang='lat' dir='ltr'><strong>eundem</strong></span> <span class='ocrx_word' id='word_1_443' title='bbox 1107 4499 1255 4559; x_wconf 85' lang='lat' dir='ltr'><strong>terminum,</strong></span> <span class='ocrx_word' id='word_1_444' title='bbox 1279 4502 1305 4546; x_wconf 89' lang='lat' dir='ltr'><strong>et</strong></span> <span class='ocrx_word' id='word_1_445' title='bbox 1326 4497 1388 4546; x_wconf 89' lang='lat' dir='ltr'><strong>inde</strong></span> <span class='ocrx_word' id='word_1_446' title='bbox 1411 4498 1439 4545; x_wconf 91' lang='lat' dir='ltr'><strong>in</strong></span> <span class='ocrx_word' id='word_1_447' title='bbox 1463 4512 1558 4562; x_wconf 85' lang='lat' dir='ltr'><strong>uquam</strong></span> <span class='ocrx_word' id='word_1_448' title='bbox 1582 4513 1633 4562; x_wconf 89' lang='lat' dir='ltr'><strong>qne</strong></span> <span class='ocrx_word' id='word_1_449' title='bbox 1656 4497 1752 4546; x_wconf 84' lang='lat' dir='ltr'><strong>dicitur</strong></span> <span class='ocrx_word' id='word_1_450' title='bbox 1769 4495 1856 4546; x_wconf 87' lang='lat' dir='ltr'><strong>Odsra</strong></span> <span class='ocrx_word' id='word_1_451' title='bbox 1879 4501 1905 4545; x_wconf 92' lang='lat' dir='ltr'><strong>et</strong></span> <span class='ocrx_word' id='word_1_452' title='bbox 1923 4497 1963 4546; x_wconf 89' lang='lat' dir='ltr'><strong>sic</strong></span> <span class='ocrx_word' id='word_1_453' title='bbox 1981 4496 2072 4546; x_wconf 85' lang='lat' dir='ltr'><strong>Odera</strong></span> 
     </span>
     <span class='ocr_line' id='line_1_39' title="bbox 417 4599 2071 4667; baseline 0.001 -18"><span class='ocrx_word' id='word_1_454' title='bbox 417 4617 521 4650; x_wconf 89' lang='lat' dir='ltr'><strong>sursnm</strong></span> <span class='ocrx_word' id='word_1_455' title='bbox 544 4617 628 4666; x_wconf 84' lang='lat' dir='ltr'><strong>nsque</strong></span> <span class='ocrx_word' id='word_1_456' title='bbox 651 4601 685 4650; x_wconf 86' lang='lat' dir='ltr'><strong>nd</strong></span> <span class='ocrx_word' id='word_1_457' title='bbox 708 4609 788 4666; x_wconf 88' lang='lat' dir='ltr'><strong>caput</strong></span> <span class='ocrx_word' id='word_1_458' title='bbox 811 4605 868 4653; x_wconf 89' lang='lat' dir='ltr'><strong>eius</strong></span> <span class='ocrx_word' id='word_1_459' title='bbox 891 4602 1005 4667; x_wconf 87' lang='lat' dir='ltr'><strong>indeque</strong></span> <span class='ocrx_word' id='word_1_460' title='bbox 1027 4604 1103 4667; x_wconf 88' lang='lat' dir='ltr'><strong>quasi</strong></span> <span class='ocrx_word' id='word_1_461' title='bbox 1126 4607 1199 4651; x_wconf 88' lang='lat' dir='ltr'><strong>recta</strong></span> <span class='ocrx_word' id='word_1_462' title='bbox 1221 4602 1266 4650; x_wconf 85' lang='lat' dir='ltr'><strong>via</strong></span> <span class='ocrx_word' id='word_1_463' title='bbox 1287 4616 1371 4665; x_wconf 87' lang='lat' dir='ltr'><strong>usque</strong></span> <span class='ocrx_word' id='word_1_464' title='bbox 1395 4601 1428 4650; x_wconf 88' lang='grc'><strong>66</strong></span> <span class='ocrx_word' id='word_1_465' title='bbox 1453 4607 1533 4666; x_wconf 87' lang='lat' dir='ltr'><strong>capnt</strong></span> <span class='ocrx_word' id='word_1_466' title='bbox 1554 4600 1646 4666; x_wconf 78' lang='lat' dir='ltr'><strong>Albie,</strong></span> <span class='ocrx_word' id='word_1_467' title='bbox 1669 4599 1731 4650; x_wconf 89' lang='lat' dir='ltr'><strong>inde</strong></span> <span class='ocrx_word' id='word_1_468' title='bbox 1753 4599 1875 4650; x_wconf 89' lang='lat' dir='ltr'><strong>deorsum</strong></span> <span class='ocrx_word' id='word_1_469' title='bbox 1896 4601 1924 4648; x_wconf 92' lang='lat' dir='ltr'><strong>iu</strong></span> <span class='ocrx_word' id='word_1_470' title='bbox 1947 4601 2071 4651; x_wconf 87' lang='lat' dir='ltr'><strong>occiden-</strong></span> 
     </span>
     <span class='ocr_line' id='line_1_40' title="bbox 417 4699 2071 4770; baseline 0.001 -18"><span class='ocrx_word' id='word_1_471' title='bbox 417 4704 496 4754; x_wconf 87' lang='lat' dir='ltr'><strong>talem</strong></span> <span class='ocrx_word' id='word_1_472' title='bbox 519 4710 620 4769; x_wconf 86' lang='lat' dir='ltr'><strong>partem</strong></span> <span class='ocrx_word' id='word_1_473' title='bbox 643 4707 690 4755; x_wconf 90' lang='lat' dir='ltr'><strong>ubi</strong></span> <span class='ocrx_word' id='word_1_474' title='bbox 713 4705 808 4756; x_wconf 87' lang='lat' dir='ltr'><strong>divisio</strong></span> <span class='ocrx_word' id='word_1_475' title='bbox 833 4713 859 4756; x_wconf 91' lang='lat' dir='ltr'><strong>et</strong></span> <span class='ocrx_word' id='word_1_476' title='bbox 881 4705 1024 4756; x_wconf 87' lang='lat' dir='ltr'><strong>confinium</strong></span> <span class='ocrx_word' id='word_1_477' title='bbox 1047 4699 1097 4755; x_wconf 77' lang='lat' dir='ltr'><strong>est</strong></span> <span class='ocrx_word' id='word_1_478' title='bbox 1120 4705 1232 4755; x_wconf 89' lang='lat' dir='ltr'><strong>duarum</strong></span> <span class='ocrx_word' id='word_1_479' title='bbox 1256 4707 1393 4770; x_wconf 84' lang='lat' dir='ltr'><strong>regionum</strong></span> <span class='ocrx_word' id='word_1_480' title='bbox 1415 4706 1514 4755; x_wconf 82' lang='lat' dir='ltr'><strong>Belrem</strong></span> <span class='ocrx_word' id='word_1_481' title='bbox 1538 4711 1564 4754; x_wconf 87' lang='grc'><strong>61</strong></span> <span class='ocrx_word' id='word_1_482' title='bbox 1586 4704 1715 4766; x_wconf 89' lang='lat' dir='ltr'><strong>Nisenen,</strong></span> <span class='ocrx_word' id='word_1_483' title='bbox 1747 4702 1845 4753; x_wconf 89' lang='lat' dir='ltr'><strong>ibidem</strong></span> <span class='ocrx_word' id='word_1_484' title='bbox 1867 4701 1939 4752; x_wconf 88' lang='lat' dir='ltr'><strong>ultra</strong></span> <span class='ocrx_word' id='word_1_485' title='bbox 1961 4703 2071 4753; x_wconf 71' lang='lat' dir='ltr'><strong>Albiana</strong></span> 
     </span>
     <span class='ocr_line' id='line_1_41' title="bbox 416 4791 2124 4879; baseline 0.003 -22"><span class='ocrx_word' id='word_1_486' title='bbox 416 4813 443 4857; x_wconf 86' lang='lat' dir='ltr'><strong>at</strong></span> <span class='ocrx_word' id='word_1_487' title='bbox 465 4824 511 4872; x_wconf 91' lang='lat' dir='ltr'><strong>per</strong></span> <span class='ocrx_word' id='word_1_488' title='bbox 534 4808 627 4857; x_wconf 89' lang='lat' dir='ltr'><strong>silvam</strong></span> <span class='ocrx_word' id='word_1_489' title='bbox 649 4809 677 4856; x_wconf 92' lang='lat' dir='ltr'><strong>in</strong></span> <span class='ocrx_word' id='word_1_490' title='bbox 701 4809 890 4859; x_wconf 87' lang='lat' dir='ltr'><strong>occidentalem</strong></span> <span class='ocrx_word' id='word_1_491' title='bbox 914 4814 1014 4873; x_wconf 83' lang='lat' dir='ltr'><strong>partem</strong></span> <span class='ocrx_word' id='word_1_492' title='bbox 1038 4826 1121 4874; x_wconf 88' lang='lat' dir='ltr'><strong>usque</strong></span> <span class='ocrx_word' id='word_1_493' title='bbox 1145 4809 1178 4858; x_wconf 88' lang='lat' dir='ltr'><strong>nd</strong></span> <span class='ocrx_word' id='word_1_494' title='bbox 1201 4815 1283 4874; x_wconf 88' lang='lat' dir='ltr'><strong>caput</strong></span> <span class='ocrx_word' id='word_1_495' title='bbox 1305 4793 1464 4879; x_wconf 79' lang='lat' dir='ltr'><strong>praedicti</strong></span> <span class='ocrx_word' id='word_1_496' title='bbox 1487 4794 1630 4857; x_wconf 80' lang='lat' dir='ltr'><strong>fluminis</strong></span> <span class='ocrx_word' id='word_1_497' title='bbox 1654 4791 1819 4858; x_wconf 78' lang='lat' dir='ltr'><strong>orientalis</strong></span> <span class='ocrx_word' id='word_1_498' title='bbox 1843 4805 1934 4871; x_wconf 77' lang='lat' dir='ltr'><strong>Milde.</strong></span> <span class='ocrx_word' id='word_1_499' title='bbox 1970 4807 2072 4858; x_wconf 85' lang='lat' dir='ltr'><strong>Omnes</strong></span> <span class='ocrx_word' id='word_1_500' title='bbox 2091 4815 2124 4862; x_wconf 80' lang='lat' dir='ltr'><strong>to</strong></span> 
     </span>
     <span class='ocr_line' id='line_1_42' title="bbox 416 4896 2071 4981; baseline 0.001 -22"><span class='ocrx_word' id='word_1_501' title='bbox 416 4927 478 4960; x_wconf 85' lang='lat' dir='ltr'><strong>vero</strong></span> <span class='ocrx_word' id='word_1_502' title='bbox 512 4913 557 4976; x_wconf 87' lang='lat' dir='ltr'><strong>qui</strong></span> <span class='ocrx_word' id='word_1_503' title='bbox 588 4911 657 4960; x_wconf 85' lang='lat' dir='ltr'><strong>infra</strong></span> <span class='ocrx_word' id='word_1_504' title='bbox 686 4896 888 4981; x_wconf 76' lang='lat' dir='ltr'><strong>praedictum</strong></span> <span class='ocrx_word' id='word_1_505' title='bbox 918 4913 1057 4962; x_wconf 89' lang='lat' dir='ltr'><strong>terminum</strong></span> <span class='ocrx_word' id='word_1_506' title='bbox 1087 4913 1222 4974; x_wconf 87' lang='lat' dir='ltr'><strong>habitant,</strong></span> <span class='ocrx_word' id='word_1_507' title='bbox 1256 4914 1283 4962; x_wconf 89' lang='lat' dir='ltr'><strong>in</strong></span> <span class='ocrx_word' id='word_1_508' title='bbox 1312 4914 1383 4962; x_wconf 89' lang='lat' dir='ltr'><strong>omni</strong></span> <span class='ocrx_word' id='word_1_509' title='bbox 1412 4913 1547 4962; x_wconf 84' lang='lat' dir='ltr'><strong>fertilitate</strong></span> <span class='ocrx_word' id='word_1_510' title='bbox 1576 4917 1645 4976; x_wconf 85' lang='lat' dir='ltr'><strong>terre</strong></span> <span class='ocrx_word' id='word_1_511' title='bbox 1673 4911 1779 4976; x_wconf 80' lang='lat' dir='ltr'><strong>frugrrm</strong></span> <span class='ocrx_word' id='word_1_512' title='bbox 1807 4915 1834 4959; x_wconf 89' lang='grc'><strong>61</strong></span> <span class='ocrx_word' id='word_1_513' title='bbox 1860 4907 2012 4973; x_wconf 88' lang='lat' dir='ltr'><strong>peccudum</strong></span> <span class='ocrx_word' id='word_1_514' title='bbox 2043 4913 2071 4960; x_wconf 92' lang='lat' dir='ltr'><strong>iu</strong></span> 
     </span>
     <span class='ocr_line' id='line_1_43' title="bbox 416 5001 2145 5082; baseline 0.002 -19"><span class='ocrx_word' id='word_1_515' title='bbox 416 5019 525 5080; x_wconf 84' lang='lat' dir='ltr'><strong>argento</strong></span> <span class='ocrx_word' id='word_1_516' title='bbox 553 5015 710 5064; x_wconf 87' lang='lat' dir='ltr'><strong>vestimento</strong></span> <span class='ocrx_word' id='word_1_517' title='bbox 740 5032 789 5065; x_wconf 89' lang='grc'><strong>666</strong></span> <span class='ocrx_word' id='word_1_518' title='bbox 818 5032 872 5066; x_wconf 89' lang='grc'><strong>666</strong></span> <span class='ocrx_word' id='word_1_519' title='bbox 895 5016 966 5081; x_wconf 89' lang='lat' dir='ltr'><strong>quod</strong></span> <span class='ocrx_word' id='word_1_520' title='bbox 988 5017 1129 5066; x_wconf 84' lang='lat' dir='ltr'><strong>Teutonici</strong></span> <span class='ocrx_word' id='word_1_521' title='bbox 1156 5016 1249 5065; x_wconf 82' lang='lat' dir='ltr'><strong>dicunt</strong></span> <span class='ocrx_word' id='word_1_522' title='bbox 1271 5031 1461 5082; x_wconf 83' lang='lat' dir='ltr'><strong>ouercapunga</strong></span> <span class='ocrx_word' id='word_1_523' title='bbox 1484 5021 1510 5066; x_wconf 89' lang='grc'><strong>61</strong></span> <span class='ocrx_word' id='word_1_524' title='bbox 1533 5016 1643 5080; x_wconf 78' lang='lat' dir='ltr'><strong>telunga</strong></span> <span class='ocrx_word' id='word_1_525' title='bbox 1669 5014 1842 5076; x_wconf 86' lang='lat' dir='ltr'><strong>familiarum,</strong></span> <span class='ocrx_word' id='word_1_526' title='bbox 1873 5015 1984 5078; x_wconf 88' lang='lat' dir='ltr'><strong>iusuper</strong></span> <span class='ocrx_word' id='word_1_527' title='bbox 2013 5021 2072 5066; x_wconf 88' lang='lat' dir='ltr'><strong>tota</strong></span> <span class='ocrx_word' id='word_1_528' title='bbox 2143 5001 2145 5004; x_wconf 33' lang='lat'>⁵</span> 
     </span>
     <span class='ocr_line' id='line_1_44' title="bbox 415 5117 2072 5184; baseline 0.002 -18"><span class='ocrx_word' id='word_1_529' title='bbox 415 5117 530 5167; x_wconf 81' lang='lat' dir='ltr'><strong>utilitato</strong></span> <span class='ocrx_word' id='word_1_530' title='bbox 554 5117 629 5167; x_wconf 89' lang='lat' dir='ltr'><strong>etin</strong></span> <span class='ocrx_word' id='word_1_531' title='bbox 653 5118 775 5167; x_wconf 88' lang='lat' dir='ltr'><strong>omnibns</strong></span> <span class='ocrx_word' id='word_1_532' title='bbox 798 5119 877 5169; x_wconf 88' lang='lat' dir='ltr'><strong>rebus</strong></span> <span class='ocrx_word' id='word_1_533' title='bbox 900 5119 998 5184; x_wconf 91' lang='lat' dir='ltr'><strong>quibus</strong></span> <span class='ocrx_word' id='word_1_534' title='bbox 1021 5118 1145 5168; x_wconf 82' lang='lat' dir='ltr'><strong>mortales</strong></span> <span class='ocrx_word' id='word_1_535' title='bbox 1168 5123 1280 5168; x_wconf 87' lang='lat' dir='ltr'><strong>utuntur</strong></span> <span class='ocrx_word' id='word_1_536' title='bbox 1309 5118 1421 5168; x_wconf 86' lang='lat' dir='ltr'><strong>diversis</strong></span> <span class='ocrx_word' id='word_1_537' title='bbox 1450 5119 1549 5182; x_wconf 88' lang='lat' dir='ltr'><strong>modis,</strong></span> <span class='ocrx_word' id='word_1_538' title='bbox 1577 5119 1766 5168; x_wconf 82' lang='lat' dir='ltr'><strong>decimationes</strong></span> <span class='ocrx_word' id='word_1_539' title='bbox 1796 5133 1862 5182; x_wconf 86' lang='lat' dir='ltr'><strong>quas</strong></span> <span class='ocrx_word' id='word_1_540' title='bbox 1891 5117 1941 5168; x_wconf 87' lang='lat' dir='ltr'><strong>deo</strong></span> <span class='ocrx_word' id='word_1_541' title='bbox 1971 5125 2072 5170; x_wconf 87' lang='lat' dir='ltr'><strong>cuncta</strong></span> 
     </span>
     <span class='ocr_line' id='line_1_45' title="bbox 415 5219 2072 5290; baseline 0.004 -21"><span class='ocrx_word' id='word_1_542' title='bbox 415 5221 574 5286; x_wconf 79' lang='lat' dir='ltr'><strong>gubernanti</strong></span> <span class='ocrx_word' id='word_1_543' title='bbox 598 5219 702 5282; x_wconf 88' lang='lat' dir='ltr'><strong>debent,</strong></span> <span class='ocrx_word' id='word_1_544' title='bbox 726 5221 760 5270; x_wconf 87' lang='lat' dir='ltr'><strong>ad</strong></span> <span class='ocrx_word' id='word_1_545' title='bbox 775 5222 951 5272; x_wconf 89' lang='lat' dir='ltr'><strong>Misenensem</strong></span> <span class='ocrx_word' id='word_1_546' title='bbox 975 5224 1132 5273; x_wconf 87' lang='lat' dir='ltr'><strong>aecclesiam</strong></span> <span class='ocrx_word' id='word_1_547' title='bbox 1154 5225 1239 5288; x_wconf 85' lang='lat' dir='ltr'><strong>primo</strong></span> <span class='ocrx_word' id='word_1_548' title='bbox 1263 5224 1321 5286; x_wconf 90' lang='lat' dir='ltr'><strong>deo,</strong></span> <span class='ocrx_word' id='word_1_549' title='bbox 1346 5224 1441 5275; x_wconf 87' lang='lat' dir='ltr'><strong>deinde</strong></span> <span class='ocrx_word' id='word_1_550' title='bbox 1464 5231 1555 5275; x_wconf 87' lang='lat' dir='ltr'><strong>sancto</strong></span> <span class='ocrx_word' id='word_1_551' title='bbox 1572 5225 1684 5274; x_wconf 85' lang='lat' dir='ltr'><strong>iohanni</strong></span> <span class='ocrx_word' id='word_1_552' title='bbox 1708 5223 1870 5290; x_wconf 83' lang='lat' dir='ltr'><strong>evangeliste</strong></span> <span class='ocrx_word' id='word_1_553' title='bbox 1893 5240 1916 5284; x_wconf 75' lang='lat' dir='ltr'><strong>s,</strong></span> <span class='ocrx_word' id='word_1_554' title='bbox 1940 5226 2072 5276; x_wconf 86' lang='lat' dir='ltr'><strong>universa</strong></span> 
     </span>
     <span class='ocr_line' id='line_1_46' title="bbox 416 5311 2125 5396; baseline 0.004 -24"><span class='ocrx_word' id='word_1_555' title='bbox 416 5324 551 5374; x_wconf 87' lang='lat' dir='ltr'><strong>dubietate</strong></span> <span class='ocrx_word' id='word_1_556' title='bbox 573 5322 667 5388; x_wconf 90' lang='lat' dir='ltr'><strong>procul</strong></span> <span class='ocrx_word' id='word_1_557' title='bbox 690 5331 803 5388; x_wconf 89' lang='lat' dir='ltr'><strong>remota,</strong></span> <span class='ocrx_word' id='word_1_558' title='bbox 826 5311 965 5395; x_wconf 75' lang='lat' dir='ltr'><strong>pleniter</strong></span> <span class='ocrx_word' id='word_1_559' title='bbox 989 5328 1141 5392; x_wconf 88' lang='lat' dir='ltr'><strong>persolvant</strong></span> <span class='ocrx_word' id='word_1_560' title='bbox 1164 5329 1279 5378; x_wconf 88' lang='lat' dir='ltr'><strong>referant</strong></span> <span class='ocrx_word' id='word_1_561' title='bbox 1302 5335 1328 5378; x_wconf 90' lang='grc'><strong>61</strong></span> <span class='ocrx_word' id='word_1_562' title='bbox 1351 5328 1469 5378; x_wconf 89' lang='lat' dir='ltr'><strong>reddant.</strong></span> <span class='ocrx_word' id='word_1_563' title='bbox 1503 5330 1539 5378; x_wconf 78' lang='lat' dir='ltr'><strong>Et</strong></span> <span class='ocrx_word' id='word_1_564' title='bbox 1561 5330 1583 5376; x_wconf 89' lang='lat' dir='ltr'><strong>si</strong></span> <span class='ocrx_word' id='word_1_565' title='bbox 1606 5329 1665 5393; x_wconf 89' lang='lat' dir='ltr'><strong>quis</strong></span> <span class='ocrx_word' id='word_1_566' title='bbox 1687 5328 1738 5377; x_wconf 86' lang='lat' dir='ltr'><strong>hoe</strong></span> <span class='ocrx_word' id='word_1_567' title='bbox 1760 5312 1863 5375; x_wconf 78' lang='lat' dir='ltr'><strong>nostri</strong></span> <span class='ocrx_word' id='word_1_568' title='bbox 1887 5312 2072 5396; x_wconf 81' lang='lat' dir='ltr'><strong>imperialis</strong></span> <span class='ocrx_word' id='word_1_569' title='bbox 2091 5333 2125 5378; x_wconf 73' lang='lat'><strong>45</strong></span> 
     </span>
     <span class='ocr_line' id='line_1_47' title="bbox 413 5412 2071 5501; baseline 0.005 -26"><span class='ocrx_word' id='word_1_570' title='bbox 413 5413 559 5496; x_wconf 73' lang='lat' dir='ltr'><strong>precepti</strong></span> <span class='ocrx_word' id='word_1_571' title='bbox 583 5427 756 5475; x_wconf 73' lang='lat' dir='ltr'><strong>constitutum</strong></span> <span class='ocrx_word' id='word_1_572' title='bbox 778 5414 963 5498; x_wconf 84' lang='lat' dir='ltr'><strong>transgredi</strong></span> <span class='ocrx_word' id='word_1_573' title='bbox 986 5431 1028 5480; x_wconf 78' lang='lat' dir='ltr'><strong>vel</strong></span> <span class='ocrx_word' id='word_1_574' title='bbox 1052 5431 1215 5495; x_wconf 72' lang='lat' dir='ltr'><strong>«inrumpere</strong></span> <span class='ocrx_word' id='word_1_575' title='bbox 1237 5426 1420 5501; x_wconf 78' lang='lat' dir='ltr'><strong>presumat,</strong></span> <span class='ocrx_word' id='word_1_576' title='bbox 1451 5438 1526 5480; x_wconf 90' lang='lat' dir='ltr'><strong>cum</strong></span> <span class='ocrx_word' id='word_1_577' title='bbox 1544 5415 1675 5480; x_wconf 79' lang='lat' dir='ltr'><strong>Anania</strong></span> <span class='ocrx_word' id='word_1_578' title='bbox 1698 5425 1729 5478; x_wconf 91' lang='grc'><strong>61</strong></span> <span class='ocrx_word' id='word_1_579' title='bbox 1751 5412 1892 5498; x_wconf 88' lang='lat' dir='ltr'><strong>Saphira</strong></span> <span class='ocrx_word' id='word_1_580' title='bbox 1914 5437 1977 5478; x_wconf 90' lang='lat' dir='ltr'><strong>nee</strong></span> <span class='ocrx_word' id='word_1_581' title='bbox 2000 5439 2071 5483; x_wconf 90' lang='lat' dir='ltr'><strong>non</strong></span> 
     </span>
     <span class='ocr_line' id='line_1_48' title="bbox 414 5513 2066 5605; baseline 0.004 -27"><span class='ocrx_word' id='word_1_582' title='bbox 414 5537 489 5578; x_wconf 89' lang='lat' dir='ltr'><strong>cum</strong></span> <span class='ocrx_word' id='word_1_583' title='bbox 511 5513 595 5578; x_wconf 90' lang='lat' dir='ltr'><strong>Iuda</strong></span> <span class='ocrx_word' id='word_1_584' title='bbox 619 5513 775 5579; x_wconf 87' lang='lat' dir='ltr'><strong>traditore</strong></span> <span class='ocrx_word' id='word_1_585' title='bbox 798 5516 965 5582; x_wconf 89' lang='lat' dir='ltr'><strong>infernalis</strong></span> <span class='ocrx_word' id='word_1_586' title='bbox 988 5519 1128 5583; x_wconf 89' lang='lat' dir='ltr'><strong>incendii</strong></span> <span class='ocrx_word' id='word_1_587' title='bbox 1152 5527 1346 5584; x_wconf 90' lang='lat' dir='ltr'><strong>tormentum</strong></span> <span class='ocrx_word' id='word_1_588' title='bbox 1369 5521 1513 5605; x_wconf 88' lang='lat' dir='ltr'><strong>patiatur</strong></span> <span class='ocrx_word' id='word_1_589' title='bbox 1533 5541 1594 5583; x_wconf 89' lang='grc'><strong>666</strong></span> <span class='ocrx_word' id='word_1_590' title='bbox 1617 5517 1707 5601; x_wconf 87' lang='lat' dir='ltr'><strong>inde,</strong></span> <span class='ocrx_word' id='word_1_591' title='bbox 1730 5518 1792 5580; x_wconf 89' lang='lat' dir='ltr'><strong>nisi</strong></span> <span class='ocrx_word' id='word_1_592' title='bbox 1814 5516 2007 5602; x_wconf 87' lang='lat' dir='ltr'><strong>resipiscat,</strong></span> <span class='ocrx_word' id='word_1_593' title='bbox 2031 5522 2066 5584; x_wconf 91' lang='lat' dir='ltr'><strong>in</strong></span> 
     </span>
    </p>
   </div>
   <div class='ocr_carea' id='block_1_5' title="bbox 501 5700 874 5770">
    <p class='ocr_par' dir='ltr' id='par_1_6' title="bbox 501 5700 874 5770">
     <span class='ocr_line' id='line_1_49' title="bbox 501 5700 874 5770; baseline 0.008 -17"><span class='ocrx_word' id='word_1_594' title='bbox 501 5700 559 5755; x_wconf 74' lang='lat'><strong>4³7.</strong></span> <span class='ocrx_word' id='word_1_595' title='bbox 588 5700 695 5769; x_wconf 78' lang='lat' dir='ltr'><strong>[sickel]</strong></span> <span class='ocrx_word' id='word_1_596' title='bbox 800 5705 825 5770; x_wconf 90' lang='grc'><strong>6)</strong></span> <span class='ocrx_word' id='word_1_597' title='bbox 842 5704 874 5756; x_wconf 78' lang='grc' dir='ltr'><strong>Δ.</strong></span> 
     </span>
    </p>
   </div>
   <div class='ocr_carea' id='block_1_6' title="bbox 0 0 2284 6436">
    <p class='ocr_par' dir='ltr' id='par_1_7' title="bbox 0 0 2284 6436">
     <span class='ocr_line' id='line_1_50' title="bbox 0 0 2284 6436; baseline 0 4"><span class='ocrx_word' id='word_1_598' title='bbox 0 0 2284 6436; x_wconf 95' lang='lat' dir='ltr'><strong> </strong></span> 
     </span>
    </p>
   </div>
  </div>
 </body>
</html>
