4560 6436
1028 421 1481 478 xnrsnausxuunnn.
1519 397 1524 402 “

535 607 631 663 dieser·
659 607 906 678 toleratorer'tlielren
931 607 1101 678 Fe'tlsolrnaq
1129 604 1163 682 (a.
1189 606 1287 666 Wuite
1314 603 1394 676 Verf.
1423 606 1523 663 eeseo.
1547 609 1576 674 8,
1601 605 1676 678 117)
1703 587 1813 677 perilot
1836 623 1864 662 es
1888 606 1953 661 bier
1976 622 2029 660 rem
2054 620 2090 659 so

534 712 614 768 rnebr
636 711 693 768 dea
715 713 748 766 io
771 712 796 766 st
818 711 974 782 oeboteneo
996 729 1035 767 so
1058 709 1300 780 eerbfferttliehen,
1325 709 1363 767 do
1387 710 1438 767 der
1459 709 1568 767 eadere
1586 711 1690 767 bereits
1706 711 1741 766 ia
1755 709 1811 766 dea
1827 709 1879 768 SS.
1898 709 1915 764 l.
1933 728 1957 766 c.
1980 724 2089 779 yetus

533 815 710 887 obpedruckt
735 815 852 872 worden
875 817 921 871 ist.
961 815 1008 871 Im-
1032 815 1157 885 ttbriyea
1179 813 1230 871 hot
1252 831 1323 870 mun
1346 815 1387 869 im
1403 812 1526 870 Kloster
1548 811 1786 870 reelirsclreinlieb
1809 811 1927 870 desbulb
1946 810 2015 870 Otto
2040 810 2090 868 als

533 919 698 977 Aasstelter
720 919 814 978 dieses
837 919 1047 992 Priviteqioms
1067 917 1201 991 yewoolt,
1226 916 1291 975 weil
1313 917 1361 974 die
1382 916 1449 975 Vua
1471 933 1494 975 s.
1521 914 1676 976 Oudolrtor'
1698 913 1763 992 (SS.
1788 918 1818 986 l,
1842 913 1916 992 409)
1938 916 2005 972 eine
2025 915 2088 974 Ur·

533 1022 632 1081 losada
654 1021 802 1081 desselben
824 1021 879 1094 fur
901 1021 956 1081 dos
978 1021 1101 1080 Kloster
1123 1019 1262 1080 auolat.
1403 1063 1405 1066 -
2107 1031 2124 1078 5

523 1208 549 1290 ,ξ
571 1205 609 1270 In
632 1208 763 1271 nomine
788 1215 899 1290 sancte
923 1215 954 1270 ct
977 1204 1142 1289 individue
1166 1206 1329 1269 trinitatis.
1375 1202 1454 1269 Otto
1478 1202 1591 1268 divina
1617 1204 1749 1268 tructus
1779 1202 1952 1270 elementia
1979 1206 2088 1290 impe-

431 1320 523 1373 rator
537 1319 705 1392 augustus.
729 1335 742 1362 s
828 1310 948 1374 Notum
964 1311 1102 1373 facimus
1119 1310 1207 1374 omni
1222 1331 1322 1392 regno
1339 1319 1450 1373 nostro
1475 1310 1667 1394 cunctisque
1692 1309 1935 1374 successoribus
1958 1313 2088 1374 nostris

431 1411 579 1496 regibus,
613 1411 750 1498 qualiter
777 1435 837 1477 nos
866 1413 1016 1477 adierunt
1044 1393 1218 1478 &delricus
1243 1413 1460 1498 Augustensis
1488 1411 1625 1496 ecclesie
1654 1413 1828 1498 epiecopus
1852 1424 1884 1477 et
1908 1411 2088 1484 Cbnradus

432 1513 693 1580 Constantiensis
721 1515 859 1598 ecclesis
889 1517 1064 1600 episcopus
1094 1525 1126 1580 et
1152 1516 1358 1580 Purehardvs
1381 1515 1449 1580 dux
1472 1516 1732 1582 Alamannorum
1755 1528 1787 1581 et
1809 1519 1907 1580 ceteri
1930 1527 2089 1601 potentes

431 1617 691 1684 Alamannorum
719 1621 920 1683 insinuantes
949 1619 1157 1684 notificantes
1186 1622 1317 1705 copiam
1346 1629 1379 1683 et
1405 1621 1551 1704 inopiam
1574 1643 1613 1683 ac
1640 1621 1783 1703 regionis
1806 1619 1965 1685 duriciam
1990 1600 2089 1685 litin-
2110 1632 2143 1679 10

431 1721 582 1785 burensis
605 1721 753 1806 abbatie,
778 1721 1001 1807 supplicantes
1025 1733 1196 1807 precantes
1219 1734 1251 1786 et
1272 1722 1483 1786 consiliantes
1506 1725 1659 1808 quatinus
1683 1744 1742 1807 pro
1762 1722 1813 1786 dei
1833 1722 1957 1787 honore
1974 1735 2007 1787 et
2023 1745 2087 1808 pro

431 1836 545 1890 nostra
567 1827 674 1909 gratia
697 1847 736 1889 ac
760 1848 818 1911 pro
843 1829 966 1891 meritis
989 1829 1095 1892 sancti
1111 1825 1292 1890 Alexandri
1316 1829 1372 1912 qui
1394 1825 1439 1892 ibi
1463 1826 1676 1910 corporaliter
1698 1827 1882 1910 requiescit,
1906 1848 1979 1890 cam
2003 1825 2087 1890 libe·

432 1950 502 1992 ram
526 1951 546 1991 a
568 1939 682 1992 nostra
705 1939 736 1992 et
759 1929 801 1992 ab
826 1931 912 1992 omni
940 1931 1031 2012 regia
1061 1931 1239 1994 servitate'*
1267 1931 1465 2010 faceremus,
1496 1930 1530 1994 id
1552 1939 1601 1994 est
1623 1928 1665 1993 ab
1690 1930 1898 2014 expeditione
1920 1929 2027 2014 regali
2054 1941 2088 1993 et

434 2032 602 2098 exercitali
626 2032 677 2097 vel
700 2032 809 2098 hostili
833 2033 939 2119 clipeo
964 2045 996 2098 et
1017 2057 1037 2098 a
1061 2034 1174 2098 curiali
1198 2035 1404 2098 itineratione
1428 2046 1461 2098 et
1476 2033 1518 2098 ab
1536 2035 1623 2096 omni
1639 2034 1730 2118 regni
1745 2035 1886 2116 negotio.
1921 2032 1976 2096 Ad
1993 2033 2089 2118 quod

435 2134 663 2221 respondimus
693 2157 805 2200 eorum
834 2134 1014 2220 peticionib
1043 2159 1248 2223 nequaquam
1277 2137 1359 2203 velle
1390 2141 1573 2202 consentire
1602 2159 1662 2201 nee
1688 2136 1757 2200 fieri
1781 2158 1877 2221 posse
1901 2139 1971 2201 sine
1994 2159 2088 2202 com·
2113 2158 2144 2203 rs

432 2243 521 2304 muni
545 2240 728 2325 principum
746 2243 836 2324 regni
856 2240 992 2305 consilio
1010 2245 1223 2326 permissione
1241 2242 1473 2308 deliberatione
1490 2251 1586 2327 atque
1604 2241 1845 2326 dispositione.'
1862 2242 1951 2326 Ergo
1970 2265 2090 2308 eorum

433 2343 658 2408 deliberationi
682 2343 819 2408 consilio
844 2367 883 2408 ac
907 2344 1027 2409 indicio
1051 2347 1274 2409 concessimus
1298 2345 1497 2426 dimisimus,
1527 2345 1573 2407 ita
1597 2366 1675 2408 sane
1699 2353 1734 2408 ut
1757 2345 1912 2429 quicquid
1934 2346 1983 2407 eis
2008 2345 2089 2410 inde

433 2443 593 2530 placuerit
622 2444 766 2529 placeat,
797 2445 886 2531 quod
916 2446 1118 2531 displicuerit
1147 2446 1321 2532 displiceat
1348 2457 1380 2511 et
1409 2446 1564 2532 quicquid
1592 2469 1634 2510 ex
1658 2446 1708 2510 his
1731 2445 1886 2530 elegerint
1908 2446 2089 2512 laudamus

433 2550 653 2612 consentimus
676 2550 874 2634 precipimus
897 2550 1122 2634 permittimus.
1166 2551 1269 2634 Igitur
1290 2553 1323 2614 in
1348 2573 1449 2616 unum
1472 2561 1694 2617 convenerunt
1716 2562 1748 2615 et
1770 2562 2008 2616 consenserunt
2032 2576 2088 2617 ne

434 2675 598 2738 quaquam
621 2653 655 2717 id
678 2652 772 2718 aliter
794 2653 864 2716 fieri
888 2676 985 2739 posse
1008 2677 1068 2719 nec
1092 2655 1202 2721 deberi
1226 2678 1245 2720 a
1267 2656 1394 2740 regalie
1417 2657 1574 2742 obsequio
1598 2655 1712 2738 avelli,
1742 2657 1806 2720 nisi
1835 2665 1927 2741 parte
1954 2655 2088 2741 predio·
2109 2673 2143 2720 20

432 2779 504 2822 rum
533 2757 657 2842 prefate
686 2758 818 2843 abbatie
848 2759 1016 2824 abstracta
1043 2759 1139 2824 nobis
1162 2758 1347 2842 tradantur,
1379 2759 1439 2826 sub
1463 2782 1503 2823 ea
1526 2759 1719 2825 condicione
1741 2769 1778 2823 ut
1799 2782 1820 2822 a
1842 2768 1956 2823 nostra
1978 2761 2087 2845 regali

432 2863 578 2946 potentia
608 2862 683 2926 duci
713 2861 951 2928 Alamanorum
980 2863 1169 2928 Purchardo
1201 2865 1332 2949 suisque
1369 2863 1614 2928 successoribus
1646 2861 1784 2926 ducibus
1818 2859 2017 2946 Alamanniq
2052 2865 2088 2927 in

432 2964 626 3031 beneficium
657 2966 893 3050 concedantur,
927 2969 1032 3052 sitque
1063 2970 1094 3031 in
1127 2966 1276 3031 omnibus
1304 2969 1397 3050 regni
1427 2969 1567 3050 negotiis
1598 2988 1725 3049 semper
1753 2974 1887 3050 paratus
1910 2966 2024 3032 verbis
2055 2978 2089 3032 et

434 3070 530 3133 factis
554 3079 629 3134 ante
653 3071 777 3154 prefate
800 3071 933 3155 abbatie
961 3071 1130 3152 abbatem,
1162 3073 1296 3156 ipseque
1325 3070 1426 3135 libere
1449 3071 1510 3138 deo
1535 3081 1568 3135 et
1591 3073 1713 3135 sanctis
1737 3072 1805 3134 eius
1829 3094 1903 3136 eum
1927 3074 1996 3136 suis
2021 3074 2087 3137 sra-

433 3174 536 3238 tribus
565 3172 741 3256 deserviat,
774 3183 806 3238 et
835 3185 909 3258 post
938 3174 1068 3240 abbatis
1098 3174 1272 3240 cuiuslibet
1295 3174 1420 3239 obitum
1450 3176 1512 3258 ipsi
1536 3175 1651 3239 fratres
1674 3173 1810 3238 liberam
1833 3187 1865 3239 et
1886 3179 2088 3242 canonicam
2108 3190 2141 3236 25

434 3277 626 3342 electionem
649 3279 682 3343 in
705 3277 804 3342 alium
831 3277 990 3360 habeant,
1020 3278 1116 3343 nobis
1145 3279 1330 3363 nostrisque
1360 3277 1605 3342 successoribus
1634 3287 1837 3362 presentetur
1859 3287 1892 3341 et
1912 3279 2044 3364 regalia
2067 3305 2089 3344 a

431 3378 528 3444 nobis
551 3382 693 3465 accipiat
715 3390 747 3445 et
769 3403 827 3465 per
849 3402 910 3445 nos
934 3381 1124 3446 sublimetur
1147 3404 1186 3445 ae
1209 3381 1362 3445 firmetur.
1398 3383 1442 3445 Et
1457 3404 1497 3445 ne
1511 3382 1596 3446 forte
1612 3381 1729 3466 aliquis
1745 3391 1882 3445 vocatus
1897 3391 1957 3445 ant
1971 3393 2088 3467 tyran-

432 3506 493 3571 pus
517 3505 555 3548 eo
579 3482 735 3548 licencius
763 3483 824 3548 sibi
853 3495 988 3568 usurpet
1016 3495 1072 3550 aut
1094 3483 1244 3549 vendicet
1267 3484 1392 3570 aliquid
1414 3507 1456 3548 ex
1479 3484 1529 3548 his
1553 3507 1616 3570 que
1640 3494 1715 3549 sunt
1737 3484 1865 3549 abbatis
1889 3495 1922 3548 et
1945 3485 2089 3552 framrm

432 3588 557 3671 prefate
581 3586 728 3670 abbatie„
752 3590 843 3672 quasi
868 3589 971 3652 nostri
995 3590 1073 3652 iuris
1096 3612 1161 3654 non
1185 3589 1241 3669 sit,
1265 3591 1416 3653 noverint
1439 3611 1551 3653 omnes
1574 3588 1687 3653 fideles
1710 3590 1828 3670 nostri,
1860 3591 1956 3653 sicuti
1980 3589 2087 3655 domi·

432 3712 494 3754 nus
510 3688 653 3753 Karolvs
672 3692 850 3776 imperator
865 3693 1013 3774 primitus
1033 3692 1136 3775 magis
1160 3713 1219 3777 pro
1244 3690 1432 3755 defensione
1456 3714 1552 3777 quam
1576 3694 1741 3756 servitutis
1763 3691 1902 3756 utilitate
1926 3697 2087 3779 suscepit,
2107 3715 2141 3761 30

432 3797 478 3857 ita
493 3802 525 3856 et
540 3815 600 3856 nos
618 3795 882 3858 strennuissimos
899 3806 931 3858 et
944 3796 1140 3860 iustissimos
1163 3805 1306 3858 rectores
1329 3805 1362 3859 et
1385 3795 1572 3859 defensores
1596 3795 1726 3860 illorum
1748 3819 1819 3860 esse
1843 3797 1958 3861 sciant.
1992 3799 2086 3883 Ergo

433 3898 578 3981 quisquis
602 3896 706 3960 abbas
729 3897 808 3960 inibi
832 3899 1064 3980 constituatur,
1096 3899 1293 3983 precipimus
1322 3901 1494 3963 statuimus
1517 3910 1641 3964 utnon
1664 3900 1804 3985 amplius
1828 3911 1903 3985 post
1926 3901 2088 3988 adeptam

433 4001 625 4083 dignitatem
649 3999 690 4063 ab
714 4023 753 4064 eo
776 4002 928 4083 exigatur
951 4025 1049 4088 quam
1073 4002 1136 4066 duo
1161 4023 1259 4065 canes
1283 4022 1378 4085 pares
1401 4013 1459 4065 aut
1480 4003 1657 4066 unicoloris
1680 4003 1803 4068 bestias
1826 4005 1966 4068 etseras
1999 4006 2088 4072 bene

432 4114 663 4188 persequentes
686 4105 730 4168 ad
752 4116 900 4170 nostrum
923 4117 955 4170 et
980 4127 1204 4171 successorum
1227 4114 1412 4172 nostrorum
1434 4105 1610 4188 honorem,
1641 4129 1708 4172 non
1735 4106 1863 4190 longius
1893 4106 2089 4174 deferantur

432 4209 493 4271 nisi
520 4208 562 4271 ad
583 4208 670 4271 fores
693 4209 766 4293 aule
790 4212 823 4274 in
846 4209 945 4275 Ulum
968 4211 1019 4274 vel
1042 4211 1086 4274 ad
1109 4209 1326 4293 Augustensis
1349 4210 1436 4293 curie
1460 4220 1603 4295 portam,
1636 4209 1681 4273 ibi
1707 4233 1728 4275 a
1752 4209 1963 4274 venatoribus
1996 4215 2139 4296 regisse

434 4313 663 4396 suscipiantur.
702 4312 772 4396 Heu
797 4323 873 4378 sunt
895 4315 1009 4399 predia
1033 4336 1094 4400 que
1118 4336 1176 4398 pro
1201 4312 1348 4398 predicta
1370 4313 1521 4378 libertate
1545 4335 1564 4376 a
1587 4314 1714 4398 prefata
1737 4313 1870 4378 abbatia
1893 4335 1969 4376 eum
1993 4337 2087 4380 man·

432 4416 526 4499 cipiis
542 4426 574 4479 et
589 4415 739 4482 omnibus
757 4417 961 4501 appendiciis
985 4421 1051 4481 suis
1076 4427 1150 4481 sunt
1173 4416 1357 4481 abstracta:
1382 4416 1538 4502 oppidum
1555 4395 1765 4500 (lmintingen
1788 4437 1862 4482 cum
1878 4414 1956 4480 vic‘l
1979 4418 2087 4482 Tum-

432 4519 621 4605 kenesperc,
652 4519 802 4605 predium
825 4523 857 4584 in
881 4520 994 4586 Hbsen
1019 4523 1124 4602 situm,
1148 4521 1240 4584 vicus
1265 4521 1318 4605 qui
1342 4519 1460 4584 dicitur
1483 4519 1821 4601 Titherischeshouen,
1845 4519 1925 4584 villa
1947 4519 2088 4606 Wigen-

431 4621 533 4686 huscn
556 4633 588 4686 et
612 4622 758 4707 predium
777 4623 872 4687 Wale
897 4623 1025 4709 aliaque
1048 4624 1163 4709 predia
1187 4645 1248 4707 que
1272 4626 1440 4688 nominare
1462 4624 1596 4706 longum
1620 4623 1790 4704 duximus3
1813 4633 1845 4687 et
1868 4622 1997 4688 decima
2022 4646 2087 4709 que

431 4725 471 4788 de
489 4736 599 4811 pago⁰
618 4726 855 4811 Hilargowensi
881 4751 983 4812 usqne
1006 4729 1039 4792 in
1062 4727 1147 4791 hane
1171 4727 1257 4792 diem
1281 4727 1320 4790 de
1343 4726 1522 4792 elemosina
1545 4725 1667 4790 domini
1684 4725 1799 4791 Karoli
1815 4727 1926 4810 magni
1941 4728 2088 4813 impera·
2107 4755 2140 4802 to

430 4830 510 4893 toris
533 4829 687 4894 tratribus
711 4831 828 4914 prefati
851 4832 1039 4896 monasterii
1069 4833 1102 4895 in
1125 4854 1220 4895 usum
1249 4842 1299 4895 est
1322 4853 1497 4912 concessa,
1529 4853 1614 4894 nune
1638 4852 1696 4915 pro
1721 4830 1836 4894 eadem
1857 4830 2012 4897 libertate
2036 4845 2089 4898 est

431 4942 573 5017 recepta.
611 4933 772 4998 Fautores
796 4943 828 4997 et
851 4934 1075 4998 consiliatores
1099 4937 1164 4999 iam
1188 4935 1274 5018 dicte
1298 4933 1456 4998 libertatis
1480 4936 1578 4998 etiam
1602 4933 1830 5016 decreverunt,
1860 4942 1897 4997 ut
1919 4935 2088 5018 predicto-

431 5059 503 5100 rum
525 5036 713 5121 prediorum
735 5037 859 5122 decime
883 5053 945 5125 que
968 5049 1064 5104 antea
1091 5062 1188 5124 quam
1217 5049 1326 5122 nostre
1356 5038 1475 5102 dicioni
1505 5038 1724 5120 traderentur,
1756 5039 1789 5102 in
1818 5037 2087 5106 elemosinariam

433 5138 565 5204 domum
588 5142 704 5225 prefati
730 5143 919 5206 monasterii
942 5143 986 5207 ad
1008 5143 1201 5208 reficiendos
1225 5164 1386 5227 pauperes
1410 5141 1448 5205 de
1472 5142 1595 5206 eisdem
1622 5140 1743 5226 prediis
1773 5140 1951 5223 dabantur,
1983 5145 2088 5210 etiam

432 5264 518 5305 nune
548 5245 633 5328 regis
665 5247 858 5310 auctoritate
885 5258 917 5310 et
946 5248 1062 5331 prefati
1094 5227 1240 5312 (ldalrici
1271 5248 1418 5331 episcopi
1450 5247 1582 5310 licentia
1613 5246 1822 5330 omniumque
1854 5265 2089 5313 successorum
2106 5272 2139 5319 ra

432 5365 544 5408 eorum
574 5349 786 5411 concessione
814 5348 1019 5414 solummodo
1049 5372 1070 5414 a
1098 5351 1198 5413 curtis
1221 5348 1404 5412 villicorum
1428 5359 1461 5414 et
1483 5371 1542 5435 pro
1565 5349 1751 5414 testimonio
1780 5347 1941 5413 libertatis
1966 5361 2002 5414 et
2025 5373 2088 5436 pro

431 5467 612 5531 pauperum
633 5448 811 5513 refectione
833 5450 876 5514 ad
898 5452 964 5515 iam
988 5451 1109 5516 dictam
1132 5451 1265 5516 domum
1289 5451 1415 5516 dentur.

518 5615 577 5670 45³.
608 5616 739 5686 [Grauert]
828 5621 853 5686 a)
873 5621 895 5670 A
913 5627 974 5672 rtott
993 5624 1119 5672 servitute
1205 5625 1233 5692 b)
1250 5642 1315 5676 corr.
1335 5641 1382 5674 ares
1400 5628 1551 5692 peticieioni
1639 5627 1663 5690 c)
1680 5641 1746 5675 eon.
1765 5640 1812 5672 aas
1830 5624 1922 5688 regiali
2015 5628 2043 5689 d)
2065 5627 2090 5679 A

605 5693 668 5737 etutt
685 5689 745 5738 rico
851 5693 874 5754 e)
892 5690 918 5742 d.
936 5707 961 5756 p.
979 5691 1043 5740 tiber
1059 5691 1107 5742 der
1124 5691 1194 5743 Zeila
1211 5694 1399 5759 mcbpetrupea
1417 5696 1446 5744 in
1464 5695 1495 5744 A.
