4576 6420
913 437 1038 494 ΟΤΤΟ
1060 439 1084 493 I.
1110 433 1181 495 961.
1810 434 1869 498 301

225 636 293 699 regit
316 649 347 684 ac
370 616 530 684 monachisb
553 637 658 697 praeest
680 633 729 684 deo
752 633 789 683 ibi
812 634 861 683 sub
885 633 1000 700 regulari
1023 634 1165 700 disciplina
1187 635 1371 700 militantibus,
1395 639 1564 704 privilegium
1582 646 1688 692 nostrae
1706 642 1873 690 auctoritatis

224 743 304 803 utrque
333 739 488 787 munitatem
518 751 597 802 quam
626 738 737 787 caeteris
765 738 933 788 monasteriis
962 754 1114 790 concessam
1142 739 1271 790 habemus
1300 740 1507 806 electionemque
1534 743 1745 794 concederemus.
1791 743 1874 793 Cuius

224 843 379 906 petitionem
402 842 516 906 benigne
539 841 714 906 suscipientes
737 841 771 891 ob
794 855 908 892 amorem
932 842 1032 893 domini
1054 845 1138 894 nostri
1160 844 1222 895 Iesu
1246 845 1344 895 Christi
1366 852 1525 913 nostraeque
1546 849 1675 900 mercedis
1703 852 1874 915 augmentum

225 947 349 996 iussimus
371 945 422 995 hoc
444 951 550 996 nostrae
573 946 740 996 auctoritatis
763 961 794 996 ac
816 947 954 996 munitatis
976 946 1145 1012 privilegium
1168 951 1300 1000 conscribi
1322 967 1369 1015 per
1390 951 1463 1017 quod
1480 952 1603 1003 volumus
1621 952 1781 1018 firmiterque
1801 953 1874 1002 iube·

190 1047 205 1096 ὅ
224 1067 291 1113 mus,
314 1054 345 1099 ut
359 1055 419 1115 post
434 1049 536 1100 obitum
551 1067 567 1098 s
582 1051 694 1114 praelati
710 1037 814 1119 patris
832 1034 1001 1100 Diellandl
1024 1052 1147 1102 monachi
1170 1037 1315 1104 eiusdem
1334 1039 1436 1105 cellae
1458 1057 1504 1122 qni
1527 1057 1722 1121 supervixerint
1740 1055 1873 1106 monachi-

224 1171 335 1222 cumque
357 1157 440 1206 vitam
463 1155 512 1206 deo
536 1160 644 1206 auctore
666 1157 695 1205 in
716 1156 839 1220 praefata
861 1155 929 1206 cella
951 1139 1133 1206 Eberhardr'
1156 1142 1242 1228 bone
1265 1145 1443 1208 memoriae
1472 1160 1685 1224 observaverint,
1714 1176 1745 1210 ac
1768 1160 1875 1210 illorum

223 1275 389 1310 successores
412 1259 507 1310 amodo
530 1275 562 1310 ac
585 1259 709 1324 deinceps
732 1257 908 1308 firmissimam
931 1264 1040 1310 teneant
1061 1266 1219 1325 potestatem
1243 1262 1358 1328 eligendi
1381 1280 1572 1330 quemcumque
1595 1267 1664 1316 inter
1686 1281 1732 1316 eos
1751 1265 1875 1315 abbatem

223 1363 369 1426 voluerint,
398 1368 424 1414 et
452 1369 482 1412 ut
509 1362 599 1412 nullus
628 1379 660 1413 ex
689 1361 830 1412 iudiciaria
857 1367 989 1428 potestate
1016 1366 1176 1416 constitutus
1199 1367 1316 1432 aliquam
1340 1383 1419 1432 super
1441 1383 1486 1418 eos
1509 1353 1629 1419 habeat
1651 1373 1810 1434 potestatem
1832 1367 1875 1417 vel

223 1483 302 1533 super
325 1484 415 1518 eorum
438 1482 533 1518 causas
556 1482 603 1518 seu
626 1482 706 1532 super
728 1467 857 1517 familiam
881 1449 1011 1540 illorum
1034 1468 1106 1518 intus
1129 1468 1172 1519 vel
1195 1469 1260 1519 foris
1283 1454 1344 1519 sibi
1372 1486 1539 1535 concessam,
1573 1472 1620 1523 sed
1648 1472 1765 1523 eiusdem
1792 1470 1874 1521 cellae

175 1573 207 1622 10
225 1573 308 1622 abbas
330 1573 488 1636 potestative
512 1587 572 1622 curn
595 1572 650 1621 suis
673 1570 809 1630 monachis
832 1570 866 1620 ad
892 1569 997 1620 illorum
1027 1573 1191 1622 necessarios
1220 1589 1284 1624 usus
1313 1573 1473 1641 finniterque
1501 1577 1636 1641 possideat
1664 1577 1764 1641 absque
1794 1575 1875 1624 ullius

225 1676 434 1727 contradictione
457 1681 484 1727 et
506 1676 555 1726 sub
578 1680 669 1725 nostra
692 1674 846 1725 defensione
868 1690 899 1725 ac
922 1677 1060 1725 munitatis
1083 1677 1195 1728 tuitione
1224 1694 1266 1728 res
1295 1678 1402 1730 illorum
1429 1669 1615 1751 perenniter
1641 1686 1814 1746 permaneant
1841 1680 1875 1730 ad

224 1780 329 1830 illorum
359 1784 390 1830 ut
419 1795 500 1844 supra
528 1779 643 1829 diximus
671 1779 835 1829 necessarios
866 1795 938 1829 usus.
983 1779 1019 1828 Et
1047 1783 1077 1829 ut
1105 1781 1170 1831 haec
1200 1783 1344 1832 auctoritas
1367 1801 1383 1831 s
1405 1788 1511 1835 nostrae
1540 1783 1748 1835 confirmationis
1777 1783 1876 1834 firmior

226 1869 438 1955 stabiliorque
461 1885 591 1934 habeatur
614 1899 645 1934 ac
668 1899 715 1948 per
738 1868 947 1933 suecedeniia
970 1888 1090 1948 tempora
1112 1900 1128 1934 a
1150 1872 1276 1934 eunetis
1299 1887 1389 1937 verius
1411 1888 1534 1938 credatur
1556 1903 1588 1939 ac
1611 1889 1765 1955 diligentius
1788 1889 1875 1939 obser-

224 1993 309 2052 vetur,
332 2004 412 2038 manu
434 1983 547 2037 nostra
570 2002 628 2038 eam
652 1985 866 2038 confirmavimus
890 1992 916 2038 et
939 1987 1019 2038 anulo
1042 1993 1133 2039 nostro
1156 1989 1269 2054 sigillari
1290 1991 1423 2040 iussimus.

175 2125 207 2173 15
326 2116 340 2198 1
363 2110 500 2197 Signum
523 2109 633 2176 domni
656 2109 788 2176 Ottonis
813 2113 878 2193 (M.)
903 2113 1108 2178 invictissimi
1131 2114 1264 2198 regia}

326 2213 536 2301 {Lindullus
559 2214 776 2280 cancellarius
798 2215 948 2281 advicem
970 2216 1180 2283 Unillehelmi
1202 2213 1456 2304 archicapellani
1481 2217 1664 2284 subnotavi.
1688 2223 1702 2305 Ξ
1723 2219 1780 2300 (81.
1799 2219 1877 2299 D.)⁰

1793 2322 1876 2402 (SR)

327 2457 417 2523 Data
439 2474 490 2522 111.
514 2480 589 2523 non.
612 2457 768 2523 februarii
791 2480 877 2524 anno
909 2459 1092 2525 dominicae
1121 2461 1356 2526 incarnationis
1387 2475 1576 2543 Dccccuxl,
1611 2459 1789 2525 indictione
1811 2476 1876 2541 1111,

225 2571 382 2647 regnante
404 2563 459 2647 pio
483 2583 558 2646 rege
582 2560 704 2628 Ottone
728 2584 815 2628 anno
839 2580 944 2646 xxva
968 2571 1078 2628 actum
1093 2563 1302 2648 Radisbona3
1325 2567 1359 2629 in
1382 2565 1433 2630 dei
1456 2566 1587 2630 nomine
1610 2563 1747 2628 feliciter
1769 2585 1875 2628 amen.

176 2788 209 2836 20
1009 2768 1095 2842 219.

235 2922 314 3001 Ouo
337 2923 478 2999 sdrenlrt
498 2923 578 2997 dem
600 2923 744 2997 Kloster
766 2920 804 2998 S.
825 2922 1036 2997 emmeram
1058 2951 1104 2998 aa
1127 2925 1357 3025 Repensburp
1380 2925 1459 3000 dent
1481 2925 1654 2999 Diotmar
1677 2925 1878 3024 9010111101

227 3059 413 3146 cntzopeue
435 3046 674 3143 Besitzunqeu
699 3071 745 3118 zu
767 3044 972 3142 Premberp.
1344 3084 1537 3157 wenis
1560 3084 1620 3143 961
1644 3082 1782 3142 Februa,
1805 3087 1833 3142 4.

331 3255 580 3330 Onyinuldiplorn
602 3257 644 3314 im
666 3255 694 3315 1.
718 3255 926 3316 Reiclusarchr'v
947 3273 988 3314 eu
1009 3255 1160 3315 1001101011
1185 3253 1248 3334 (Α).

327 3395 387 3454 Per
411 3395 493 3454 raes.
518 3399 559 3466 10,
584 3396 622 3455 51
647 3399 681 3452 n⁰
704 3398 721 3453 1
752 3411 808 3453 aus
831 3394 861 3452 B
883 3417 922 3446 =
945 3393 1136 3467 10019110.
1160 3389 1225 3466 21⁶,
1250 3399 1314 3455 107
1340 3398 1469 3467 01102,
1495 3419 1536 3448 =
1558 3394 1766 3454 Fulclceusteiu
1792 3393 1877 3453 Aac·

329 3499 646 3573 lectaNordffoveusiu
669 3497 976 3576 (8010010011784)
1002 3501 1030 3558 6.
1060 3533 1102 3542 -
1131 3500 1225 3560 Liber
1240 3501 1325 3574 prob.
1350 3500 1466 3559 uatus.
1490 3501 1555 3559 112
1575 3503 1609 3556 u⁰
1632 3502 1673 3557 44
1696 3514 1753 3556 aas
1776 3497 1812 3555 A.
1836 3529 1879 3540 -

304 3603 406 3662 Ι111011
423 3601 485 3663 OD.
500 3603 617 3663 Rutisb.
634 3608 663 3674 1,
680 3606 721 3662 99
743 3609 777 3659 n⁰
792 3605 854 3662 105
878 3621 934 3662 aus
949 3602 988 3664 A.
1011 3637 1054 3646 -
1076 3605 1161 3664 Men.
1178 3604 1271 3662 Boion
1285 3606 1352 3674 28⁰,
1377 3605 1441 3664 188
1462 3609 1496 3661 01
1514 3607 1577 3663 180
1599 3619 1656 3662 aas
1671 3600 1709 3662 A.
1734 3634 1776 3646 —
1798 3602 1877 3661 Bou-

328 3724 390 3766 mer
411 3708 484 3780 Req.
508 3710 581 3767 238.
605 3740 647 3750 -
671 3704 799 3779 Stamps
817 3707 890 3780 Req.
913 3710 988 3768 278.

329 3847 391 3906 Von
406 3845 472 3904 Μ’.
487 3847 680 3918 percurreres.
714 3844 784 3905 Fr'tr
799 3845 852 3905 dne
867 3847 970 3905 Dictat
992 3846 1061 3905 sind
1083 3845 1282 3905 naschiedcue
1304 3847 1346 3904 im
1361 3844 1465 3918 Lause
1487 3846 1537 3905 des
1560 3843 1666 3904 teretes
1681 3844 1792 3904 Joures
1808 3861 1878 3903 uus-

325 3951 454 4025 restante
476 3950 614 4023 Diptonu
636 3952 756 4009 beuutrt
779 3950 906 4010 worden.

176 4158 208 4204 so
329 4139 388 4220 (0.)
412 4137 426 4221 ἒ
448 4137 487 4201 In
508 4138 639 4202 nomine
663 4145 796 4201 sanctae
819 4147 851 4201 et
873 4135 1061 4202 individuae
1088 4139 1251 4202 trinitatis.
1298 4135 1376 4202 Otto
1408 4136 1520 4202 divina
1548 4137 1677 4201 favente
1707 4134 1879 4200 elementia

226 4265 295 4306 rex.
396 4241 519 4306 Notum
543 4242 584 4305 sit
607 4239 757 4305 omnibus
782 4249 914 4304 sanctae
938 4240 991 4305 dei
1014 4239 1173 4306 ecclesiae
1196 4239 1347 4306 fidelibus
1370 4243 1554 4327 nostrisque
1582 4249 1649 4304 tarn
1676 4238 1880 4324 presentibus

227 4368 325 4433 quam
348 4355 380 4409 et
403 4345 528 4428 futuris,
552 4343 565 4424 1
588 4343 725 4430 qualiter
740 4365 801 4407 nos
817 4353 944 4429 partem
958 4342 1148 4408 hereditatis
1165 4343 1335 4408 cuiusdam
1355 4344 1475 4410 nobilis
1491 4345 1553 4409 viri
1568 4345 1721 4409 Diotmar
1735 4351 1880 4408 vocator

227 4453 260 4515 in
282 4450 356 4516 loco
380 4449 590 4536 Priemperch
612 4458 801 4534 nuncupato
825 4450 858 4512 in
881 4469 966 4534 pago
989 4448 1180 4532 Nortgouue
1202 4451 1236 4513 in
1259 4449 1414 4513 comitatu
1436 4446 1583 4512 Bertoldi
1611 4448 1740 4512 comitis
1769 4457 1879 4532 nostre

226 4557 313 4640 regie
336 4557 489 4641 potestati
513 4554 633 4618 iudicio
658 4551 886 4617 scabineorum
909 4574 984 4618 eum
1008 4552 1157 4617 omnibus
1182 4575 1243 4638 que
1266 4553 1368 4636 ipsius
1391 4553 1470 4615 iuris
1494 4560 1602 4632 erant,
1625 4573 1685 4636 pro
1710 4572 1767 4615 suo
1792 4572 1880 4615 com-

176 4673 209 4720 35
227 4659 328 4724 missu
356 4657 535 4723 iudicatam
566 4657 609 4722 ad
637 4656 810 4722 ecclesiam
839 4657 944 4720 sancti
974 4657 1205 4721 Emmerammi
1233 4656 1375 4720 martiris
1406 4664 1503 4741 atque
1533 4653 1696 4738 pontificis
1724 4676 1789 4740 qua
1811 4655 1880 4718 eius

226 4764 373 4847 eorporis
397 4761 475 4826 almi
504 4763 623 4847 pignus
646 4770 834 4844 veneratur,
869 4782 928 4846 pro
952 4758 1097 4825 remedio
1121 4762 1227 4844 anime
1250 4761 1480 4843 prememorati
1503 4758 1667 4822 Diotmari
1691 4755 1735 4820 ad
1756 4759 1881 4822 victum

227 4865 351 4931 scilicet
372 4867 608 4931 monachorum
633 4867 687 4952 qui
710 4865 832 4930 ibidem
856 4863 917 4929 deo
941 4872 1120 4950 sanctoque
1136 4864 1377 4928 Emmerammo
1397 4862 1430 4926 in
1450 4860 1567 4926 divinis
1588 4859 1703 4924 officiis
1726 4869 1759 4924 et
1778 4862 1880 4946 operi-

226 4968 288 5034 bus
315 4969 412 5035 bonis
447 4980 479 5034 et
510 4980 697 5035 sanctarum
731 4971 966 5054 scripturarum
1001 4967 1116 5032 studiis
1152 4967 1361 5032 devotissime
1395 4967 1553 5049 serviunt,
1589 4963 1748 5031 donamus
1783 4975 1880 5051 atque

227 5073 385 5138 tradimus
414 5096 489 5138 cum
519 5074 669 5140 omnibus
698 5073 741 5138 ad
769 5075 985 5160 prescriptam
1013 5071 1226 5138 hereditatem
1248 5073 1282 5136 in
1305 5070 1378 5135 loco
1402 5069 1611 5156 Priemperch
1633 5069 1879 5155 pertinentibus,

179 5193 212 5240 40
230 5176 366 5242 edificiis
389 5179 562 5263 mancipiis
585 5179 678 5243 terris
701 5176 797 5242 cultis
820 5187 852 5242 et
874 5176 1004 5242 incultis
1028 5178 1115 5260 agris
1139 5177 1265 5260 campis
1286 5176 1389 5260 pratis
1408 5176 1540 5260 pascuis
1559 5173 1649 5238 silvis
1668 5175 1762 5260 aquis
1781 5196 1882 5260 aqua·

226 5303 339 5346 rumve
370 5281 561 5347 decursibus
591 5281 787 5347 molendinis
819 5280 1104 5366 molendinumque
1137 5279 1219 5345 locis
1250 5277 1426 5344 mobilibus
1456 5288 1487 5343 01
1517 5277 1728 5344 inmobilibus
1760 5277 1881 5364 prediis

227 5383 364 5470 peculiis
387 5384 562 5471 pecoribus
584 5387 647 5450 viis
671 5393 702 5450 et
728 5386 825 5450 inviis
849 5382 1017 5449 exitibusb
1046 5393 1078 5448 et
1106 5382 1263 5448 reditibus
1293 5383 1427 5467 quesitis
1458 5392 1490 5448 et
1518 5382 1737 5469 inquirendis,
1773 5383 1882 5447 omnia

313 5555 372 5612 218.
400 5559 428 5621 1))
447 5557 475 5607 hi
490 5557 551 5622 aas
561 5558 651 5610 Rasar
753 5559 778 5618 0)
796 5559 846 5610 das
865 5557 949 5625 Sicysl
967 5560 1001 5608 ist
1019 5556 1163 5623 abqesallen
1180 5557 1235 5608 aad
1251 5556 1320 5608 wird
1337 5558 1366 5606 iu
1383 5558 1453 5607 0100·
1471 5555 1573 5621 Kaprai
1589 5559 1635 5607 mit
1655 5554 1769 5621 91010101·
1787 5554 1881 5620 Sipun-

400 5633 442 5679 tor
459 5629 508 5678 wia
525 5627 568 5679 die
586 5627 708 5680 Urkunde
726 5627 889 5692 ausbacahrt
907 5649 940 5673 =
959 5627 997 5679 sl.
1013 5631 1036 5678 1.

176 5729 210 5778 45
316 5730 375 5786 alt.
404 5729 511 5800 [Siekel]
621 5730 691 5798 a)A
801 5733 829 5795 b)
848 5733 947 5783 ritibus
965 5731 1018 5795 aas
1029 5730 1125 5782 Bucar.
