4576 6428
423 371 487 437 362
1018 378 1472 437 KAISERURKUNDEN.

424 579 582 629 discernitur
604 580 632 627 in
654 579 751 642 scripto
775 592 791 626 a
813 578 865 626 iam
890 577 1025 626 nominato
1044 576 1122 626 Petro
1145 577 1269 641 episeopo
1292 571 1394 638 iacto⁰‚
1424 576 1562 628 ecclesiam
1584 592 1689 642 quoque
1712 579 1796 627 sancti
1815 578 1888 630 Petri
1909 579 1937 626 in
1960 577 2071 628 castello

424 697 504 747 quam
526 682 587 733 dive
609 683 734 746 memorie
753 681 898 730 Letharius
919 698 936 728 r
957 696 1005 744 pro
1028 679 1143 730 remedio
1166 682 1253 747 animq
1276 697 1323 748 sup
1345 683 1487 732 canonicos
1509 683 1547 731 ibi
1569 657 1714 732 servientes
1735 681 1832 732 habere
1855 684 1993 744 concessit,
2020 697 2072 733 nec

424 804 478 838 non
500 794 526 838 et
548 787 625 836 villas
647 793 700 836 tres
722 801 833 851 quarum
857 800 910 834 una
933 786 1083 834 nominatur
1105 785 1207 848 Durna,
1230 785 1313 836 altera
1334 787 1417 846 Plica,
1439 788 1518 836 tertia
1540 784 1645 851 Spegia,
1673 801 1739 850 quas
1760 770 1926 855 predictus
1948 769 2072 835 Lollia·

423 876 489 939 rius
512 891 646 940 canonicis
674 887 850 948 confirmavit,
884 893 1027 939 mercatum
1054 890 1163 952 insuper
1186 905 1267 938 unum
1289 890 1361 955 quod
1384 890 1534 940 celebratur
1554 891 1582 938 in
1605 891 1685 940 missa
1707 891 1792 940 sancti
1813 889 1935 953 Ilariani,
1970 897 2070 940 cortem

424 994 502 1042 etiam
530 975 605 1057 qucr
631 994 782 1042 nominatur
804 991 948 1041 Camenina
975 997 1002 1042 et
1024 997 1064 1040 est
1085 993 1113 1040 in
1135 987 1245 1043 castro
1268 993 1415 1044 Felicitatis
1438 1009 1498 1042 cum
1526 992 1638 1042 ecclesia
1666 993 1693 1040 in
1719 993 1818 1043 honore
1841 994 1925 1042 sancti
1947 992 2071 1043 Andreae
2091 997 2109 1042 ὅ

423 1095 546 1145 edificata
567 1112 626 1145 cum
650 1097 721 1146 omni
744 1087 802 1154 [sua
823 1086 991 1159 pertiuelntia
1011 1110 1092 1160 quam
1115 1081 1260 1165 prefatus
1287 1083 1465 1167 imperator
1493 1097 1628 1146 canonicis
1650 1097 1788 1158 concessit,
1817 1112 1939 1160 campum
1962 1098 2073 1161 insuper

423 1215 504 1248 unum
527 1199 573 1263 qui
596 1205 706 1250 vocatur
727 1198 846 1264 Pisinulq
869 1203 895 1248 et
918 1200 1039 1248 consistit
1061 1201 1089 1249 iu
1110 1215 1180 1264 pago
1202 1200 1335 1250 Aritiense
1357 1217 1417 1250 cum
1440 1201 1563 1250 omnibus
1586 1200 1640 1248 suis
1663 1199 1831 1264 appenditiis,
1861 1193 1897 1248 ut
1918 1194 2072 1270 pretaxa-

422 1296 474 1352 tus
497 1289 674 1374 imperator
689 1289 735 1352 eis
759 1304 896 1364 concessit,
920 1307 1018 1352 cortem
1041 1318 1155 1368 namque
1178 1305 1223 1368 qui
1246 1309 1358 1353 vocatur
1381 1281 1523 1352 colonaria
1545 1318 1605 1352 cum
1627 1304 1698 1352 omni
1720 1317 1769 1351 sua
1791 1303 1951 1366 pertinentia
1971 1319 2001 1364 a,
2024 1318 2073 1366 per

421 1406 472 1455 hoc
494 1411 613 1457 nostrum
636 1390 803 1475 imperiale
825 1411 978 1470 preceptum
1002 1407 1136 1456 canonicis
1159 1407 1205 1471 qui
1227 1422 1298 1456 nunc
1321 1406 1359 1455 ibi
1382 1408 1508 1468 serviunt,
1531 1404 1634 1455 scilicet
1652 1387 1807 1455 (irr'asulfo
1826 1389 2071 1473 archidiacono,

422 1492 599 1559 Suauerico
623 1493 906 1579 archipresbytero
931 1503 963 1558 et
986 1495 1186 1579 primicerio,
1217 1493 1363 1579 Sapienti
1386 1494 1581 1577 gramatice,
1612 1492 1728 1557 Erolfo
1751 1492 1952 1578 presbytero,
1980 1493 2070 1559 Stra
2092 1510 2124 1557 10

420 1598 504 1662 tario
527 1600 643 1662 maiori
667 1596 765 1679 scole,
788 1597 951 1662 Iohannes
974 1596 1111 1661 clericus
1135 1606 1168 1660 et
1190 1605 1311 1679 custos,
1334 1595 1498 1661 Iohannes
1521 1596 1722 1682 presbytero,
1749 1595 1911 1681 Altiperto
1934 1597 2071 1683 presby-

421 1709 508 1784 tero,
541 1700 684 1765 Michael
717 1710 749 1765 ct
778 1696 964 1786 [lohannes]
1002 1709 1034 1764 ct
1056 1699 1173 1784 Agimo
1210 1687 1402 1764 diaconibus(
1426 1719 1452 1764 et
1480 1715 1588 1780 reliquis
1617 1717 1663 1782 qui
1691 1716 1729 1764 ibi
1751 1717 1780 1763 in
1807 1717 1922 1779 presenti
1951 1718 2073 1766 serviunt

421 1813 563 1885 eorumque
579 1820 776 1870 successoribus
792 1821 837 1885 qui
854 1820 950 1874 futuris
965 1819 1129 1883 temporibus
1144 1820 1181 1868 ibi
1198 1820 1344 1882 servierint,
1367 1819 1531 1869 restituimus
1546 1802 1777 1867 confirmamus
1799 1817 1964 1883 pleniterque
1983 1835 2071 1868 corro-

421 1915 572 1983 borlalmus.
616 1924 658 1972 De
680 1925 737 1972 iure
759 1924 868 1987 insuper
890 1924 964 1988 regni
986 1925 1070 1974 nostri
1093 1922 1222 1973 donamus
1244 1922 1356 1988 predicti
1379 1924 1431 1973 loci
1454 1923 1588 1972 canonicis
1618 1905 1844 1990 [coriilccllam
1866 1929 1965 1972 unam
1989 1905 2072 1992 qui¹¹

368 2057 372 2066 «
421 2013 571 2075 conjacet
593 2013 626 2075 in
650 2007 858 2075 avocabuloh
881 2010 998 2095 Toppo
1021 2033 1087 2074 una
1110 2032 1184 2074 cum
1207 2011 1279 2095 ipsa
1302 2011 1385 2074 silva
1408 2009 1490 2096 quih
1513 2011 1632 2076 dicitur
1646 2009 1847 2076 Arborornm
1863 2021 1894 2076 et
1910 2034 1976 2076 una
1993 2034 2071 2076 cum
2092 2033 2123 2080 15

423 2117 510 2180 omni
533 2117 728 2200 pertinentia
751 2125 783 2179 et
805 2112 989 2179 adiacentia
1012 2136 1071 2178 sua
1093 2123 1125 2177 et
1148 2136 1222 2177 cum
1245 2115 1317 2199 ipsa
1339 2112 1588 2198 gualdemaniai
1619 2115 1674 2198 qui
1703 2116 1852 2178 coniacet
1873 2116 1907 2178 in
1929 2114 2014 2180 Uico
2038 2125 2072 2179 et

421 2219 455 2282 in
471 2217 639 2291 Policiano
658 2228 690 2283 et
707 2219 740 2280 in
756 2217 896 2283 Peciano
920 2227 952 2281 et
974 2240 1034 2303 per
1055 2216 1183 2281 illorum
1205 2215 1421 2299 vocabulash,
1445 2227 1477 2282 et
1499 2248 1621 2297 campum
1643 2249 1725 2282 unum
1747 2235 1792 2297 qui
1816 2233 1912 2283 dicitur
1934 2234 2072 2299 Longoria

421 2338 575 2387 coniacente
597 2353 679 2401 prope
694 2337 851 2386 Perilasium
874 2337 919 2402 qui
944 2351 1038 2401 capere
1057 2336 1163 2386 videtur
1184 2337 1274 2387 modia
1294 2338 1399 2402 viginti,
1422 2338 1460 2387 ita
1482 2337 1606 2387 videlicet
1629 2342 1658 2386 ut
1679 2353 1729 2387 nec
1749 2344 1836 2388 rector
1858 2337 1976 2388 eiusdem
1999 2337 2071 2388 sedis

421 2454 470 2490 nec
498 2439 641 2490 cuiuslibet
668 2441 807 2504 potestatis
835 2455 949 2504 persona
976 2439 1008 2490 de
1036 2439 1145 2504 prefatis
1174 2440 1253 2490 rebus
1275 2440 1319 2489 vel
1348 2439 1380 2490 de
1409 2457 1500 2491 eorum
1528 2442 1694 2505 pertinentiis
1716 2457 1763 2491 seu
1785 2441 1818 2492 de
1840 2442 1881 2492 his
1902 2457 1955 2507 quq
1978 2442 2071 2492 divina

420 2545 506 2608 pietas
528 2544 595 2593 inibi
617 2524 717 2608 agerik
738 2543 853 2594 voluerit
874 2543 928 2591 illis
950 2543 1066 2608 aliquam
1089 2542 1186 2592 inferre
1208 2549 1343 2607 presumat
1365 2546 1577 2604 contrarietatem
1600 2544 1643 2594 vel
1666 2544 1899 2594 deminorationem
1922 2545 2004 2594 ullam
2028 2547 2068 2594 in·
2087 2553 2122 2600 20

419 2662 510 2712 gerere
538 2646 690 2711 adtemptat.
736 2629 973 2695 confirmamus
1003 2631 1049 2693 eis
1080 2629 1205 2694 scilieet
1232 2640 1353 2695 terram
1382 2654 1480 2717 qnam
1503 2631 1601 2716 Hugo
1629 2655 1689 2697 rex
1718 2630 1758 2696 de
1782 2655 1841 2698 sua
1869 2634 2068 2718 proprietate

420 2733 543 2798 eisdem
565 2735 731 2798 canonicis
755 2736 927 2816 concessit,
950 2732 984 2797 id
1006 2743 1056 2799 est
1078 2765 1200 2815 campum
1223 2751 1255 2802 de
1278 2751 1377 2802 Piunta
1399 2756 1425 2802 et
1447 2753 1569 2816 campum
1592 2753 1624 2802 de
1647 2752 1793 2802 Graticiata
1814 2769 1844 2815 r,
1868 2759 1897 2802 ut
1919 2737 1984 2804 illis
2007 2754 2068 2804 abs-

420 2867 472 2917 que
494 2851 584 2918 aliqua
605 2853 781 2903 minoratione
803 2858 851 2902 aut
873 2853 1016 2902 cuiuslibet
1032 2855 1172 2918 potestatis
1190 2855 1376 2906 contrarietate
1391 2855 1533 2919 perhennis
1547 2861 1698 2919 perseveret
1712 2856 1882 2919 temporibus.
1920 2855 2068 2907 Statuimua

419 2973 525 3023 quoquc
553 2961 583 3006 ut
610 2959 644 3006 sit
672 2959 731 3022 ipsa
759 2958 889 3007 canonica
916 2973 976 3008 cum
1005 2958 1139 3008 canonicis
1169 2959 1254 3022 ipsius
1276 2958 1328 3009 loci
1351 2959 1400 3008 sub
1423 2960 1575 3025 magisterio
1598 2965 1624 3008 et
1646 2960 1773 3024 regimine
1796 2942 1938 3008 Graculfi
1962 2944 2067 3009 archi·

419 3046 550 3111 diaconi
569 3055 601 3111 ct
617 3045 785 3111 Suauerici
809 3045 1080 3132 archipresbyteri
1103 3077 1247 3127 eorumque
1270 3078 1460 3125 successorum,
1483 3062 1610 3112 facientes
1632 3064 1690 3126 pari
1711 3069 1774 3113 voto
1797 3064 1982 3128 communique
2004 3080 2066 3113 eon·
2086 3075 2120 3122 25

419 3182 498 3216 sensu
527 3166 559 3216 de
589 3166 710 3232 frugibus
738 3171 765 3216 et
791 3165 921 3224 reditibus
950 3164 1022 3229 quod
1050 3165 1079 3213 in
1106 3167 1166 3229 ipsa
1193 3168 1322 3216 canonica
1338 3165 1500 3216 annualiter
1523 3165 1644 3216 dominus
1667 3167 1769 3217 dederit
1790 3181 1836 3216 seu
1860 3167 1893 3216 de
1916 3165 2067 3218 elemosinis

418 3270 540 3320 absolute
558 3275 584 3320 et
598 3270 689 3331 libere,
711 3264 747 3318 ui
769 3269 890 3319 canonici
905 3268 991 3318 facere
1007 3267 1111 3330 debent,
1136 3269 1236 3334 absque
1258 3253 1356 3319 ullius
1379 3269 1588 3320 contradictione
1604 3270 1645 3320 vel
1661 3270 1853 3321 molestatione.
1887 3271 1958 3332 Quia
1971 3271 2067 3321 Tuscis

418 3374 581 3425 cousuetudo
604 3379 644 3424 est
667 3378 710 3437 ut,
743 3377 852 3436 accepto
875 3372 908 3421 ab
932 3371 1045 3421 ecclesia
1066 3371 1166 3434 libello,
1188 3373 1216 3420 in
1239 3373 1429 3422 contumatiam
1455 3377 1643 3422 convertantur
1671 3379 1763 3423 contra
1790 3373 1942 3436 ecclesiam,
1975 3374 2015 3422 ita
2037 3381 2068 3423 ut

417 3478 462 3526 vix
484 3483 531 3527 aut
553 3492 696 3543 numquam
718 3477 891 3526 constitutum
914 3474 1028 3525 reddant
1049 3490 1171 3537 censum,
1193 3461 1354 3539 precipimus
1376 3475 1513 3541 modisque
1537 3477 1660 3526 omuibus
1682 3478 1816 3540 iubemus,
1838 3483 1869 3526 ut
1890 3493 1944 3527 non
1965 3479 2066 3541 episco-

416 3596 467 3644 pus
489 3581 532 3631 vel
555 3583 699 3633 canonicus
724 3580 844 3631 libellum
867 3585 915 3628 aut
936 3577 1044 3643 aliquod
1066 3579 1193 3642 scriptum
1222 3577 1303 3628 alicui
1325 3579 1424 3628 homini
1446 3579 1559 3642 faciant,
1589 3581 1641 3629 nisi
1663 3579 1858 3631 laboratoribus
1880 3582 1926 3646 qui
1948 3581 2065 3630 fructum
2084 3589 2119 3638 30

416 3690 485 3750 terre
508 3685 635 3735 ecclesiae
658 3689 684 3734 et
706 3676 850 3744 cainonicis
878 3683 963 3746 ipsius
990 3672 1053 3740 loc]i
1081 3680 1194 3730 reddant
1222 3682 1279 3731 sine
1301 3681 1422 3732 molestia
1444 3681 1488 3732 vel
1510 3673 1727 3743 contradictionis
1749 3675 1856 3748 aliqlua.
1901 3681 2066 3747 precipimus

416 3804 521 3853 quoque
543 3794 574 3838 ut
595 3789 624 3837 in
645 3789 704 3854 ipsa
726 3787 855 3836 canonica
876 3785 951 3834 nulla
972 3775 1106 3849 [deinceps
1129 3776 1270 3844 adiicietur
1291 3801 1406 3851 persona
1427 3785 1528 3851 absque
1543 3803 1558 3834 s
1574 3788 1706 3836 communi
1729 3803 1873 3851 consensu,
1903 3803 1935 3838 ne
1957 3793 2067 3852 propter

415 3892 467 3942 hoc
495 3892 587 3957 aliqua
613 3893 682 3940 inter
712 3890 773 3939 illos
804 3890 904 3938 oriatur
932 3887 1072 3938 discordia
1117 3888 1168 3938 Pro
1197 3889 1291 3968 maiori
1319 3905 1425 3954 quoque
1454 3889 1560 3940 illorum
1589 3893 1729 3942 securitate
1758 3893 1899 3957 recipimus
1920 3891 1981 3943 illos
2004 3908 2065 3942 cum

417 3994 539 4044 omnibus
560 3994 667 4044 illorum
689 3993 833 4044 mobilibus
849 3997 875 4042 et
889 3991 1062 4042 inmobilibus
1083 3991 1163 4041 rebus
1185 3992 1239 4040 illis
1261 3993 1330 4042 iuste
1353 3997 1379 4043 et
1401 3967 1521 4059 legaliter
1543 3995 1737 4058 pertinentibus
1759 3995 1809 4045 sub
1832 4001 1921 4061 nostre
1943 3995 2065 4044 tuitionis

416 4100 575 4163 munburdo,
598 4105 728 4165 quatenus
747 4112 844 4162 ,secure
865 4097 955 4146 vivere
978 4095 1080 4160 deoque
1102 4097 1200 4146 servire
1223 4101 1250 4146 et
1271 4112 1319 4160 pro
1342 4097 1419 4147 nobis
1442 4101 1565 4164 statuque
1587 4100 1661 4164 regni
1684 4099 1766 4148 nostri
1789 4097 1957 4162 remedioque
1974 4099 2063 4163 anime
2082 4093 2116 4142 35

415 4209 504 4269 nostre
526 4221 544 4252 s
566 4218 640 4253 orare
667 4203 721 4252 iilis
751 4203 848 4267 iugiter
877 4200 998 4250 delectet.
1051 4199 1079 4249 Si
1108 4201 1166 4264 quis
1195 4201 1276 4265 igitur
1304 4201 1383 4250 huius
1408 4205 1497 4267 nostre
1528 4201 1735 4252 confirmationis
1764 4204 1880 4266 precepti
1910 4195 1943 4250 el
1970 4207 2063 4251 mun·

342 4315 343 4318 ’
413 4291 510 4357 burdi
534 4307 648 4357 violator
670 4311 717 4356 aut
739 4305 918 4356 contradictor
940 4305 1065 4366 extiterit,
1088 4305 1156 4353 sciat
1178 4319 1206 4354 se
1229 4306 1436 4368 compositurum
1459 4305 1518 4354 auri
1540 4306 1633 4369 optimi
1654 4305 1736 4355 libras
1759 4311 1873 4368 centum,
1895 4303 2064 4355 medietatem

413 4411 520 4478 kamere
542 4417 631 4477 nostrq
654 4415 681 4462 et
702 4409 868 4460 medietatem
890 4393 1026 4478 prefatis
1049 4408 1184 4456 canonicis
1206 4408 1252 4473 qui
1275 4393 1309 4457 in
1332 4391 1471 4457 ecclesia
1492 4392 1580 4458 beati
1603 4393 1726 4459 Donati
1755 4425 1803 4474 pro
1826 4415 1943 4474 tempore
1966 4409 2063 4460 sarvie

413 4515 474 4564 rint.
518 4515 596 4576 Quod
619 4519 649 4564 ut
670 4515 760 4565 verius
782 4513 905 4563 credatur
928 4502 1152 4576 diligelutilusque
1180 4511 1213 4560 ab
1243 4493 1366 4561 clunibus
1396 4513 1567 4575 observetur,
1601 4528 1681 4562 mauu
1709 4514 1817 4576 propria
1846 4514 2001 4564 roborantes
2030 4511 2064 4563 de

412 4619 493 4670 anulo
516 4625 606 4670 nostro
629 4619 720 4670 subter
742 4611 869 4669 enotariss
891 4617 1024 4666 iussimus.
2082 4617 2117 4666 40

515 4755 687 4846 {Signum
711 4760 822 4824 domni
847 4757 977 4824 Ottonis
1000 4756 1110 4839 magni
1134 4755 1426 4839 imperatoriam.)
1451 4757 1590 4840 augusti.
1614 4754 1628 4836 i

515 4862 736 4950 {Lintgerius
759 4864 975 4929 cancellarius
998 4860 1149 4926 advicem
1170 4857 1333 4924 Uuidonis
1357 4861 1504 4945 episcopi
1527 4868 1559 4923 et
1582 4857 1860 4924 archicancellarii
1886 4858 2064 4943 recognovi

412 4977 445 5032 et
467 4966 656 5053 subscripsi.
679 4965 693 5047 ᾖ
1937 4968 1995 5042 (sl.
2013 4967 2066 5041 D.)

514 5123 604 5187 Data
627 5139 673 5186 vr.
695 5120 769 5186 idus
792 5123 868 5186 mai.
891 5143 977 5186 anno
1002 5119 1186 5187 dominicae
1208 5120 1444 5185 incarnationis
1467 5136 1676 5203 nccccnxm,
1699 5120 1878 5185 indictione
1897 5137 1949 5203 vr,
1974 5141 2062 5184 anno

410 5229 538 5313 imperii
568 5226 678 5310 magni
708 5224 839 5290 Ottonis
869 5227 1074 5311 imperatoris
1103 5225 1234 5308 augusti
1264 5240 1306 5305 113
1341 5231 1451 5288 aetum
1483 5233 1592 5288 monte
1625 5223 1803 5289 Feretrano
1835 5221 1880 5287 ad
1911 5231 2062 5288 sanctum
2081 5241 2117 5290 45

411 5331 569 5396 Leonem.

447 5581 448 5585 .
480 5535 550 5590 25³.
567 5538 591 5601 e)
611 5536 673 5592 aar
694 5536 767 5588 raca
869 5535 955 5600 aaa
977 5501 1392 5596 lassantlassant,
1418 5551 1446 5584 ,ο
1464 5532 1526 5584 aaa,
1548 5501 1616 5583 aaa
1637 5534 1683 5599 qui
1704 5532 1805 5598 quaen
1827 5531 1930 5582 wem
1953 5531 2063 5597 esea,-

575 5604 673 5672 jadocb
696 5621 747 5672 qne
770 5604 849 5656 schoa
872 5608 901 5654 in
918 5604 972 5657 VU.
1075 5607 1102 5672 g)
1122 5603 1146 5656 A
1165 5625 1198 5650 =
1217 5604 1273 5655 VU.
1377 5603 1447 5666 hid
1551 5604 1570 5664 i)
1589 5601 1723 5666 oueicber,
1749 5601 1785 5651 dc
1806 5598 1991 5666 aripriinglicb
2018 5605 2064 5652 ein

582 5673 698 5738 aedua,
715 5674 788 5726 dom
805 5674 964 5725 medina
988 5673 1059 5725 Wort
1073 5673 1237 5739 yaaebricllm
1253 5690 1310 5723 war
1412 5671 1442 5738 h)
1459 5670 1483 5723 A
1502 5693 1535 5716 =
1553 5669 1607 5722 VU.
1624 5677 1685 5722 etatt
1703 5673 1804 5738 augeri.
