4546 6420
421 406 490 472 ‘562
1019 413 1475 472 KAISERURKUNDEN.

428 605 648 663 constructum
676 599 710 661 in
738 594 863 660 bonore
891 594 980 659 beati
1007 594 1094 659 Petri
1124 594 1280 680 principis
1310 591 1549 679 apostolorum,
1580 591 1637 656 ubi
1666 591 1876 657 beatissimus
1908 591 2088 656 confessor

427 697 548 765 Christi
562 697 784 765 colombanus
800 721 937 785 corpore
953 699 1100 784 quiescit,
1125 695 1399 783 quemadmodum
1423 697 1637 780 imperatores
1661 698 1729 760 sive
1751 717 1846 780 reges
1862 696 1971 762 nostri
1988 695 2086 778 regni

426 811 650 868 antecessores
673 801 805 866 illorum
826 811 1010 887 temporum
1031 799 1217 886 presulibus
1239 801 1466 885 preceptiones
1489 820 1529 864 ac
1553 821 1685 863 suarum
1706 799 1900 865 firmitatum
1921 819 2085 864 manuum

427 903 720 971 coroborationesd
749 904 970 987 contulerunt,
999 906 1046 968 ita
1069 914 1101 969 et
1123 926 1183 969 nos
1206 926 1265 989 pro
1289 902 1433 968 remedio
1457 904 1564 967 anime
1587 913 1720 969 uostre⁸
1749 913 1782 968 et
1810 925 1925 968 amore
1951 902 2100 988 prefate

426 1006 673 1074 amantissime¹
703 1019 813 1074 nostre
847 1009 1011 1093 coniugis,
1047 1006 1088 1071 ob
1119 1005 1331 1072 stabilitatem
1360 1016 1393 1070 et
1419 1008 1538 1090 prefati
1572 1007 1636 1072 loci
1665 1007 1853 1073 firmitatem
1875 1006 2120 1072 Ebobiensiso

426 1121 537 1177 nostre
559 1113 763 1177 auctoritatis
786 1114 1025 1197 pragmaticum
1048 1109 1312 1175 concederemus.
1350 1125 1406 1175 Nos
1427 1127 1518 1191 itaquo
1537 1127 1733 1178 considerantes
1751 1127 1936 1177 retributionis
1957 1131 2085 1174 merce-

427 1214 542 1301 disque
564 1215 671 1280 future
693 1217 835 1299 gratiam
858 1232 892 1280 ob
915 1231 1093 1280 reverenciam
1115 1247 1132 1277 s
1153 1235 1305 1279 sanctorum
1328 1229 1510 1280 confessorum
1533 1229 1706 1292 Columbani,
1737 1230 1824 1280 Atalle
1853 1235 1936 1294 atque
1965 1226 2081 1278 Bertulli

426 1334 473 1397 qni
493 1333 593 1382 ibidem
615 1334 717 1383 humati
740 1335 944 1399 conquiescunt,
973 1339 1081 1397 propter
1107 1335 1286 1384 interventum
1315 1326 1446 1398 quoqueg
1474 1317 1618 1402 predicte
1648 1337 1736 1383 nostre
1754 1333 1880 1398 coniugis
1903 1314 2082 1400 Adelayde

426 1436 540 1487 libenter
560 1451 684 1488 aseneum
706 1438 860 1502 prebuimus
883 1441 909 1486 et
931 1436 1010 1486 huius
1033 1441 1121 1487 nostre
1145 1439 1311 1488 auctoritatis
1334 1429 1524 1506 preceptum
1546 1419 1722 1501 perenniter1²
1744 1442 1772 1486 et
1792 1435 1996 1486 immutabiliter
2018 1451 2080 1484 ocn-

427 1541 585 1592 servandum
606 1539 664 1591 fieri
685 1542 820 1602 iussimus,
843 1546 869 1590 et
890 1554 924 1590 ea
944 1555 996 1605 que
1019 1555 1163 1606 congruere
1186 1546 1266 1606 atque
1289 1539 1413 1604 expedire
1436 1540 1639 1589 necessitatibus
1658 1555 1747 1590 corum
1763 1539 1895 1602 videntur,
1918 1540 1970 1588 hac
1986 1543 2080 1588 nonna
2101 1536 2134 1584 io

424 1642 567 1708 largitione
589 1643 779 1693 iuviolabiliter
800 1625 984 1706 persistendoi
1008 1643 1149 1704 sancimus,
1172 1658 1219 1707 per
1241 1643 1313 1708 quod
1327 1660 1344 1690 e
1359 1643 1448 1692 omnia
1469 1659 1521 1707 que
1543 1643 1655 1693 interius
1678 1647 1821 1693 anomntnr
1835 1660 1851 1690 a
1867 1643 1970 1708 absque
1989 1643 2080 1691 cuius-

426 1760 506 1811 quam
528 1746 712 1812 inquietudine
735 1728 808 1796 seult
832 1747 1014 1796 immutatione
1037 1745 1207 1796 concedimus
1229 1745 1353 1796 habenda
1375 1751 1401 1795 et
1424 1745 1571 1796 ordinanda
1593 1761 1640 1811 per
1662 1745 1785 1796 abbatem
1807 1747 1853 1810 qui
1880 1761 1929 1809 pro
1959 1751 2081 1808 tempore

426 1849 508 1899 inerit
528 1853 620 1899 ucoca
641 1849 782 1914 largitione
805 1855 831 1898 et
853 1864 944 1898 eorum
975 1848 1105 1898 electione
1133 1850 1184 1913 ipsi
1213 1853 1304 1899 sancto
1333 1848 1393 1898 loco
1423 1834 1635 1897 constitutum
1665 1847 1810 1898 secundum
1840 1847 1882 1896 dei
1911 1847 2081 1897 voluntatem

426 1967 569 2017 eorumque
592 1953 619 2001 in
643 1953 766 2003 omnibus
788 1957 980 2016 competentem
1002 1952 1153 2002 utilitatem.
1186 1953 1219 2002 Id
1241 1935 1300 2004 est¹
1322 1953 1512 2002 monasterium
1526 1968 1587 2002 cum
1602 1952 1706 2002 cellulis
1721 1953 1791 2001 infra
1804 1951 1904 2001 vallem
1917 1957 1978 2021 per
1993 1934 2078 2000 fines

427 2039 468 2105 de
490 2039 633 2104 Pretalia
655 2049 688 2105 et
710 2039 750 2104 de
773 2039 847 2127 alpe
869 2039 985 2105 Pinino
998 2049 1018 2078 Μ
1047 2062 1120 2105 cum
1152 2040 1335 2106 confinibus
1364 2041 1447 2122 suis,
1478 2039 1729 2105 descendentem
1750 2039 1783 2102 in
1806 2047 1902 2124 petra
1925 2037 2051 2103 Groam
2065 2047 2080 2074 ¹¹
2099 2052 2132 2098 lo

426 2145 594 2228 perviam
623 2143 790 2229 publicam
819 2141 973 2208 desubter
1001 2153 1095 2228 petra
1116 2142 1260 2226 Pedere,
1295 2144 1478 2208 venientem
1507 2145 1540 2206 in
1568 2151 1694 2207 costam
1721 2140 1985 2226 Thansdignam,
2020 2162 2080 2224 per

427 2268 589 2312 summam
612 2257 739 2312 costam
762 2246 1015 2313 descendentem
1038 2249 1073 2312 in
1094 2246 1194 2312 fluvio
1217 2247 1352 2326 Treuia,
1375 2246 1452 2312 inde
1474 2245 1561 2310 ultra
1582 2246 1664 2310 fines
1687 2246 1727 2310 de
1750 2244 1933 2310 Barbarino
1957 2265 2080 2308 exeun·

426 2357 492 2414 tem
516 2349 678 2415 defluvio
701 2351 822 2415 Treuia
845 2350 889 2415 ad
906 2349 1090 2416 Membrata
1113 2373 1188 2416 cum
1210 2352 1284 2436 ipsa
1306 2349 1422 2432 insula,
1447 2348 1643 2415 ascendente
1665 2372 1724 2438 per
1740 2348 1914 2434 Clapetum
1937 2358 1970 2412 et
1993 2371 2079 2411 sum-

425 2475 514 2517 mam
536 2475 660 2519 serram
681 2456 838 2519 maiorem
855 2453 895 2518 de
911 2451 1073 2519 Oassiollo
1096 2457 1130 2519 in
1153 2455 1245 2519 fossa
1259 2453 1439 2539 Lupparia,
1463 2453 1581 2518 deinde
1604 2451 1826 2518 ambulantem
1844 2474 1900 2537 per
1916 2472 2080 2515 summam

427 2553 657 2623 Combreuiam
684 2580 789 2645 usque
819 2559 852 2623 in
874 2566 1000 2642 petram
1023 2556 1211 2621 Ursicinam
1234 2557 1321 2620 etin
1344 2567 1455 2622 monte
1478 2553 1581 2621 Caluo
1605 2563 1702 2641 atque
1723 2555 1800 2620 inde
1822 2576 1882 2639 per
1905 2553 2080 2637 designata
2098 2565 2132 2613 ιο

426 2658 501 2724 loca
523 2662 556 2724 in
578 2661 660 2726 'Fies
684 2660 847 2746 petrellae,
869 2660 945 2725 inde
968 2663 1002 2725 in
1018 2658 1203 2724 Ganeualia
1214 2668 1236 2742 ⁰,
1260 2659 1477 2725 descendente
1500 2680 1602 2745 usque
1624 2662 1659 2723 in
1681 2658 1862 2723 Teleohiot
1885 2653 1978 2723 trans
1996 2655 2079 2721 (ira-

425 2761 566 2827 marolaq
587 2762 630 2828 ad
651 2763 750 2829 finem
774 2764 813 2828 de
836 2763 982 2828 Metellia
1003 2783 1106 2848 usque
1128 2761 1172 2826 ad
1194 2760 1305 2826 casale
1328 2759 1514 2826 ltodolinor
1543 2784 1604 2847 que
1633 2771 1712 2847 per·
1742 2762 1913 2825 circuitum
1943 2782 2003 2844 per
2026 2756 2080 2821 de-

427 2867 557 2949 signata
583 2867 658 2932 loca
685 2876 719 2933 et
747 2865 924 2932 teclaturas
946 2872 1149 2951 percurrunt.
1186 2862 1405 2930 Concedimus
1428 2866 1527 2930 etiam
1549 2865 1649 2929 cellas
1672 2874 1706 2929 et
1729 2864 1863 2930 oracula
1887 2873 2079 2928 sanctorum

427 2989 489 3051 que
512 2968 687 3034 hedificata
710 2978 786 3034 sunt
808 2990 867 3054 per
888 2970 1040 3033 universa
1061 2968 1136 3033 loca
1159 2968 1218 3034 sub
1236 2969 1359 3034 ditione
1375 2977 1498 3050 nostra,
1522 2969 1557 3033 id
1580 2968 1652 3033 estt
1673 2969 1754 3034 fines
1776 2968 1816 3032 de
1832 2977 1985 3048 Boouiio¹¹,
2009 2982 2080 3030 Tmo

425 3071 478 3135 vel
501 3071 587 3138 ultra
608 3073 695 3138 Taro
720 3073 894 3138 ecclesiam
917 3074 1021 3136 sancti
1042 3071 1176 3156 Georgii
1199 3095 1274 3137 cum
1297 3072 1480 3137 confinibus
1504 3073 1580 3154 suis,
1605 3081 1773 3137 suonsno'
1795 3091 1922 3136 montona
1944 3099 1976 3134 so
2000 3085 2078 3132 nari-
2097 3081 2129 3128 2⁶

425 3192 490 3241 tima
512 3207 572 3241 cnm
595 3191 700 3242 cellulis
723 3191 816 3242 Carice
838 3197 865 3241 et
887 3191 978 3254 Turio,
1001 3190 1144 3256 Gomcrga,
1171 3174 1406 3262 Oenpenticem
1428 3196 1455 3242 et
1478 3191 1636 3253 Castalione,
1667 3191 1752 3240 Ranci
1774 3195 1801 3240 et
1823 3182 1975 3240 Caniano'
1998 3193 2079 3253 atque

424 3294 531 3358 anoni,
558 3279 716 3345 Barbatio
737 3289 770 3343 et
792 3295 908 3346 uniunt
936 3311 997 3346 oon
1025 3294 1138 3345 scotori
1166 3297 1251 3345 onon
1280 3295 1359 3345 aaut
1390 3297 1418 3345 tn
1444 3294 1512 3344 uua
1540 3299 1567 3343 ot
1597 3297 1682 3344 sonos
1711 3294 1809 3346 stoan
1834 3295 1862 3342 tn
1886 3292 2044 3342 unisono
2056 3285 2078 3352 ¹,

425 3399 543 3450 Mentem
566 3399 675 3466 longum
698 3416 758 3450 cum
779 3393 961 3451 Memoriolay
984 3405 1012 3449 et
1033 3399 1155 3448 omnibus
1178 3399 1343 3465 appendiciis
1365 3399 1429 3460 suis,
1452 3399 1597 3448 Touaciam
1620 3404 1749 3468 quoque
1771 3413 1831 3446 cum
1854 3396 1970 3446 ecclesia
1993 3397 2078 3444 sancti

425 3502 504 3552 Pauli
526 3504 554 3552 in
574 3501 726 3554 Snunsno
739 3497 759 3566 ²,
782 3504 921 3554 ecclesiam
944 3503 1028 3552 sancti
1042 3501 1171 3552 Antonini
1194 3508 1222 3552 et
1243 3503 1328 3552 sancti
1351 3501 1443 3553 Seueri
1466 3489 1635 3572 sanctique
1651 3486 1870 3571 Slnphorlanl,
1893 3493 2079 3550 Peccoraria¹

425 3621 486 3654 cnm
506 3605 645 3656 Pallantes
667 3611 694 3656 et
715 3607 824 3671 propria
847 3588 1010 3657 Guntelinib
1039 3611 1066 3656 et
1088 3599 1233 3658 Paderno⁰
1261 3621 1293 3656 ae
1315 3607 1465 3674 (tassiano,¹
1486 3606 1624 3667 Trauano,
1647 3586 1819 3655 [lacianod
1848 3609 1874 3654 et
1896 3604 2077 3664 Anchariano,
2096 3601 2128 3650 30

426 3708 565 3760 ecclesiam
592 3709 692 3759 domini
722 3709 868 3762 Salvator-is
896 3712 925 3760 in
947 3710 1097 3772 cunnus,
1127 3703 1284 3760 Rouaclus⁸
1307 3695 1406 3758 etlam
1430 3715 1456 3760 et
1478 3709 1617 3760 ecclesiam
1638 3726 1655 3757 s
1677 3713 1768 3759 sancte
1790 3709 1991 3758 Resursctionis
2018 3722 2079 3756 cum

425 3812 467 3860 his
489 3827 541 3876 que
563 3811 598 3863 ad
619 3827 678 3862 eam
700 3813 847 3876 pertinent,
869 3814 1028 3874 Aulianum,
1052 3794 1226 3862 Sorlascumf
1251 3806 1284 3861 et
1313 3795 1549 3861 senodochium
1571 3798 1605 3860 in
1627 3796 1737 3861 casale
1760 3796 1907 3882 Lupani,
1938 3795 2079 3860 senodo-

427 3896 536 3963 chium
559 3901 659 3964 etiam
682 3903 786 3964 saneti
802 3901 880 3966 Vroi
904 3910 936 3965 ct
952 3900 1139 3982 Clementis,
1162 3915 1297 3964 Lucanos
1307 3908 1329 3976 Β,
1353 3913 1469 3964 cunam
1492 3931 1551 3965 onn
1574 3915 1899 3978 exhortamentum
1922 3919 2079 3978 otpertum

424 3999 637 4081 Mantuanumh,
665 4019 854 4084 propriumque
877 4001 968 4084 quodi
991 4019 1135 4070 Sabatinus
1157 4019 1304 4070 Ueneticae
1327 4021 1355 4068 in
1378 4001 1528 4070 Comaclol
1550 4024 1643 4070 sancto
1667 4020 1831 4070 Columbsno
1853 4017 1974 4080 tradidit,
2003 4033 2078 4068 seno

425 4119 550 4170 dochium
572 4123 601 4170 in
622 4123 696 4188 Bega
719 4139 779 4172 cum
802 4123 947 4189 apendiciis
969 4124 1025 4173 suis
1054 4129 1133 4189 atque
1156 4124 1291 4188 Genuam,
1322 4122 1512 4174 senodochium
1539 4125 1568 4173 in
1595 4124 1681 4190 Papia
1709 4140 1770 4173 cum
1797 4123 1921 4173 omnibus
1950 4122 1987 4172 ad
2015 4137 2076 4172 eum
2094 4125 2127 4172 85

423 4225 626 4288 pertinentibus.
661 4225 836 4276 concedimus
851 4228 931 4276 etiam
947 4226 981 4277 ob
997 4227 1140 4278 utilitatem
1155 4234 1182 4278 et
1197 4229 1322 4278 honorem
1338 4229 1422 4292 ipsius
1439 4227 1523 4276 sancti
1544 4227 1596 4278 loci
1619 4232 1650 4277 ut
1672 4241 1754 4277 nares
1776 4226 1894 4277 eiusdem
1916 4208 2077 4290 potestatis¹

424 4343 472 4392 per
486 4327 608 4378 Paudum
619 4323 640 4351 ¹¹³
662 4334 689 4379 et
703 4330 826 4379 Ticinum
841 4329 978 4394 publicum
993 4333 1134 4382 transitum
1149 4333 1273 4394 habeant,
1297 4348 1343 4382 seu
1359 4337 1387 4381 et
1400 4330 1581 4380 molendinum
1603 4330 1675 4396 quod
1696 4313 1913 4399 Berengarius
1936 4316 2076 4398 impera·

425 4425 478 4482 tor
500 4418 666 4503 quondam
688 4429 799 4484 oidsn¹¹
821 4422 1020 4486 monasterio
1045 4436 1183 4486 concessit.
1219 4417 1374 4484 Similiter
1397 4420 1594 4484 conferimus
1617 4427 1737 4484 terram
1760 4440 1858 4504 quam
1873 4416 2077 4482 Benedictus

424 4531 517 4606 pater
538 4524 642 4607 ipsius
659 4519 797 4588 Guberti
821 4525 977 4608 prepositi
1000 4524 1035 4586 in
1056 4522 1130 4586 loco
1146 4521 1307 4587 Frafricio
1331 4521 1437 4585 eidem
1459 4521 1656 4587 monasterio
1681 4521 1853 4602 concessit,
1875 4540 1938 4584 nec
1958 4540 2026 4582 non
2044 4527 2077 4580 et

426 4647 500 4690 eam
522 4647 618 4710 quam
641 4624 713 4690 Ano
737 4634 770 4689 et
792 4625 963 4711 Aripertus
986 4628 1132 4711 germani
1155 4628 1189 4690 in
1212 4626 1319 4691 viculo
1345 4625 1439 4691 (ioco
1463 4649 1592 4713 quoque
1617 4637 1649 4690 et
1669 4625 1855 4692 Bernardus
1871 4622 1913 4687 de
1931 4621 2075 4708 Spinelle
2095 4639 2128 4686 to

425 4729 553 4815 prefato
569 4739 683 4793 sancto
700 4728 774 4794 loco
791 4727 966 4811 dederunt3
988 4739 1086 4815 atque
1103 4731 1212 4794 omnia
1228 4753 1290 4816 que
1306 4739 1423 4815 postea
1438 4731 1558 4815 inipso
1574 4729 1760 4795 venerando
1780 4729 1854 4793 loco
1872 4725 1986 4791 colata
2002 4735 2077 4789 sunt

425 4842 459 4898 et
479 4855 566 4898 nunc
588 4835 729 4918 presenti
752 4841 898 4919 tempore
921 4833 1088 4918 possidere
1103 4833 1263 4916 videntur,
1285 4854 1348 4898 nec
1370 4854 1437 4897 non
1459 4833 1615 4919 quicquid
1636 4833 1723 4897 intus
1746 4840 1780 4896 et
1800 4830 1879 4895 foris
1898 4827 2024 4893 habent
2041 4830 2075 4891 in

512 4984 571 5040 iit.
599 4988 626 5050 d)
645 4994 858 5053 preceptores-
872 4989 1070 5039 coroboratores
1092 4987 1115 5039 0
1220 4990 1244 5052 e)
1261 4987 1331 5050 fehlt
1348 4985 1421 5038 inc
1518 4985 1539 5054 ll
1560 4986 1764 5038 snatnsimsc
1873 4984 1902 5050 g)
1921 4979 2080 5048 quoran

597 5057 625 5119 h)
644 5059 776 5122 promovit
797 5057 819 5110 0
919 5057 940 5124 i)
959 5057 1124 5123 presistaudo
1145 5056 1169 5109 0
1267 5057 1296 5118 k)
1315 5055 1388 5108 seO
1493 5055 1513 5122 l)
1533 5055 1603 5106 idern
1625 5055 1648 5107 0
1751 5056 1786 5116 m)
1808 5050 1842 5114 O,
1868 5053 1989 5104 Peninae
2013 5050 2074 5102 DF.

597 5125 888 5192 >
906 5129 1049 5259 ειιιι
1669 5115 2126 5255 eamn

594 5263 674 5328 aas
696 5263 765 5313 mss
787 5232 847 5315 nn
881 5232 887 5244 ’
942 5269 968 5330 q)
991 5197 1296 5326 norilolliliih
1326 5233 1333 5258 '
1382 5209 1614 5326 libidinoso
1634 5194 1731 5312 nup)
1780 5263 1803 5322 i)
1821 5257 1889 5320 nn,
1908 5257 1983 5321 suu
2004 5257 2078 5309 no

596 5332 616 5396 t)
632 5331 742 5383 idemO
833 5334 861 5397 u)
880 5332 907 5396 0,
926 5334 999 5384 Boeo
1017 5331 1072 5385 Vc.
1166 5334 1193 5399 r)
1210 5332 1272 5397 VU,
1292 5329 1473 5384 SalamancO
1571 5334 1606 5393 w)
1624 5330 1686 5395 Vc,
1705 5326 1865 5382 CauranoO
1965 5329 1994 5392 x)
2012 5325 2076 5390 Vc,

597 5401 731 5452 Cadubrio
752 5400 776 5452 0
873 5404 902 5468 y)
922 5401 986 5464 Vn,
1009 5401 1224 5454 MermoriolaO
1329 5403 1353 5460 ιι)
1372 5400 1435 5464 VU,
1460 5401 1604 5452 Sartirianc
1625 5399 1649 5451 0
1753 5401 1779 5462 a)
1797 5396 1861 5458 Vri,
1883 5395 2080 5447 IeccorariaO

597 5470 625 5530 b)
644 5469 730 5532 Diti,
760 5470 896 5522 Guntelmi
919 5470 987 5534 Via,
1018 5472 1146 5523 Geutilini
1173 5470 1196 5522 0
1304 5472 1329 5532 c)
1353 5469 1422 5533 Vri,
1453 5469 1486 5520 de
1512 5471 1610 5521 Dercic
1637 5467 1661 5520 0
1772 5467 1800 5530 d)
1818 5465 1880 5517 cde
1909 5466 2028 5515 Numano
2055 5463 2127 5516 050

599 5543 623 5598 e)
641 5537 704 5602 Vn,
723 5541 751 5588 in
768 5541 885 5590 Drizano
904 5539 1065 5592 RouacasO
1165 5541 1187 5602 f)
1205 5537 1285 5603 DW,
1305 5540 1456 5590 Sarlascum
1474 5537 1537 5602 Va,
1556 5538 1726 5590 Flolaschnm
1741 5534 1765 5587 0
1864 5537 1892 5602 g)
1910 5534 2076 5584 Luliaticum

598 5607 680 5668 Dia,
707 5609 845 5660 Luriatica
861 5608 925 5672 Via,
951 5608 1132 5660 LiuraticaO
1231 5609 1257 5672 h)
1277 5608 1341 5669 Vc,
1364 5607 1576 5660 MantranumO
1674 5607 1693 5670 i)
1703 5603 1774 5668 fehlt
1790 5600 1861 5656 soc
1962 5602 1992 5666 k)
2011 5601 2075 5666 Vc,

599 5676 718 5728 Comado
739 5677 763 5730 0
844 5679 864 5744 l)
881 5680 968 5746 pontis
988 5677 1013 5732 0
1099 5680 1136 5745 m)
1155 5677 1183 5744 0,
1201 5677 1304 5729 Padum
1322 5677 1376 5730 VU.
1469 5679 1497 5744 ιι)
1513 5679 1577 5743 imp.
1595 5693 1656 5727 cum
1673 5674 1768 5726 eodem
1788 5673 1817 5726 0.
