4560 6426
254 420 275 484 8
848 429 1304 487 KAISERURKUNDEN.

357 612 506 676 Daton.
530 612 573 676 id.
589 613 684 698 april.
706 636 793 678 anno
815 615 1050 678 incarnationis
1072 613 1195 678 domini
1211 628 1385 694 Dccccxn,
1406 613 1621 677 indictionum
1637 630 1694 694 xv,
1717 635 1804 676 anno
1827 635 1906 677 vero

253 718 345 801 regni
367 717 573 782 invictissimi
594 720 682 803 regis
705 717 893 783 Chaonradi
915 736 944 801 13
971 728 1082 783 aetum
1102 717 1147 783 ad
1168 719 1403 783 monasterium
1427 717 1610 800 Fuldensc3
1631 719 1665 782 in
1689 715 1832 802 [Christi]
1849 740 1906 782 no-

254 821 341 887 miue
366 819 529 906 [felicilter
550 845 657 888 amen.

1061 1015 1097 1088 7.

253 1168 414 1240 Konrod
433 1168 573 1242 selrealt
594 1169 673 1241 derra
695 1169 838 1241 Kloster
859 1170 983 1242 Fuldo
1005 1170 1244 1269 Besitzanpeu
1273 1171 1313 1242 in
1340 1169 1638 1242 Helmershouseu
1657 1170 1747 1242 'arrd
1771 1172 1812 1242 io
1840 1169 1942 1244 ders
1999 1247 2004 1252 ,

255 1289 367 1364 Mart
388 1289 590 1390 Psersdors
611 1290 895 1390 (Heuqistdorf).
1482 1328 1587 1388 Md,
1610 1332 1676 1388 912
1695 1327 1788 1402 Amr
1811 1332 1863 1389 12·

360 1499 615 1574 Oripiaoldr'ptom
638 1505 679 1561 ira
702 1504 731 1564 lr.
754 1503 965 1563 Stoutscrcbio
986 1520 1027 1560 sa
1049 1503 1202 1582 Merrbarp
1226 1501 1237 1580 (
1266 1503 1289 1580 ).

354 1641 512 1701 Setarrnnt
537 1641 630 1703 Trod.
646 1641 741 1703 Fora.
765 1644 828 1702 226
850 1648 886 1699 πθ
908 1643 969 1700 551
993 1658 1052 1700 aas
1076 1641 1103 1698 A
1127 1639 1171 1719 (a)
1197 1665 1238 1694 =
1261 1643 1391 1700 Kremer
1408 1639 1494 1715 Oria.
1511 1642 1604 1703 Noss.
1625 1645 1658 1722 2,
1681 1645 1722 1700 44
1746 1645 1845 1702 u⁰27.
1864 1677 1907 1685 -

355 1745 480 1805 aronae
503 1746 568 1807 01).
591 1746 684 1807 Fora.
707 1749 770 1806 304
793 1752 828 1804 ἰθ
850 1747 914 1805 657
936 1763 994 1803 aas
1017 1745 1047 1803 A
1071 1743 1124 1823 (b).
1146 1780 1189 1788 —
1212 1745 1344 1806 Bohmer
1364 1748 1404 1808 A.
1429 1746 1520 1808 Cenr.
1544 1749 1586 1806 12
1608 1752 1643 1804 η’
1665 1750 1685 1806 6
1713 1765 1773 1806 aas
1795 1747 1844 1808 ob.
1862 1782 1906 1790 -

356 1851 446 1913 Face.
469 1853 503 1909 in
526 1850 685 1910 &bonnet
705 1851 861 1912 Vindictae
883 1850 944 1912 tob.
967 1852 999 1911 8.
1021 1884 1065 1892 -
1087 1849 1220 1910 Bebmer
1242 1853 1319 1926 Rea.
1342 1852 1421 1925 Imp.
1444 1854 1475 1932 5,
1498 1853 1574 1931 Κεφ.
1597 1852 1677 1912 Καν.
1702 1853 1796 1912 1237.
1926 1873 1961 1922 10

355 1990 492 2063 Versosst
513 1990 580 2049 aad
599 1991 794 2064 perstrictae
815 2009 874 2048 oea
895 1991 957 2052 SA.
981 2025 1023 2033 -
1046 1990 1156 2049 Ficker
1170 1990 1265 2052 Beitr.
1290 1995 1319 2072 1,
1344 1993 1407 2050 17⁶
1429 1991 1542 2051 berieht
1564 1992 1622 2051 dos
1637 1992 1756 2050 Datum
1778 1993 1841 2064 aas
1857 1991 1908 2050 die

355 2094 527 2169 Hondtuap
545 2093 611 2153 aad
626 2097 733 2153 rriramt
748 2101 867 2168 spraere
886 2091 1089 2169 Verbriefuoy
1103 2113 1155 2156 on.
1185 2094 1276 2154 Folle
1291 2095 1427 2175 daqepea
1442 2095 1559 2154 erktdrt
1573 2097 1645 2158 ΒΚ.
1662 2099 1682 2156 7
1698 2096 1776 2154 rraeb
1792 2095 1909 2168 Sela-ist

355 2199 422 2257 aad
445 2195 535 2257 Tiate
556 2200 612 2269 [tir
631 2198 818 2273 pleicbreitrp
842 2200 899 2257 mit
921 2200 992 2260 ΒΚ.
1015 2202 1052 2279 6,
1079 2199 1186 2273 yloubt
1208 2199 1279 2258 aber
1301 2200 1375 2259 dass
1398 2218 1430 2259 es
1451 2200 1623 2272 [rebastens
1646 2202 1687 2259 im
1711 2201 1742 2261 J.
1766 2203 1829 2259 913
1851 2202 1907 2258 mit

355 2303 421 2361 (lem
445 2302 543 2376 Siepel
565 2304 705 2363 tersehcu
728 2304 846 2364 worden
869 2307 928 2384 sei,
962 2304 1027 2362 aad
1055 2307 1138 2363 weist
1163 2283 1254 2364 selbot
1283 2305 1333 2363 die
1354 2305 1517 2364 Autrahme
1539 2307 1660 2364 tertul:
1682 2305 1755 2363 dass
1778 2304 1827 2363 die
1847 2305 1907 2364 Ur·

354 2408 457 2467 kunde
479 2426 579 2482 wepea
599 2408 780 2482 Verletsapp
803 2409 856 2468 des
878 2408 1138 2484 urspraapltcaen
1154 2409 1270 2482 Siepels
1293 2412 1341 2468 eia
1362 2412 1481 2470 arorites
1497 2409 1563 2468 arat
1585 2410 1652 2469 arrd
1668 2429 1752 2468 arear
1766 2412 1821 2468 ruit
1838 2409 1907 2468 dero
1926 2427 1961 2476 15

354 2512 494 2572 irrdessea
516 2515 738 2587 anpesertiqten
760 2533 858 2573 rwaeo
880 2514 1012 2588 Stempel
1033 2513 1174 2587 besiepett
1198 2515 1319 2574 worden
1342 2517 1397 2575 sei.

356 2702 416 2782 (Ο.)
439 2700 454 2782 ξ
475 2701 514 2764 ln
536 2701 667 2765 nomine
691 2711 825 2765 sauctae
848 2711 881 2764 et
904 2701 1092 2766 individuae
1115 2702 1280 2766 trinitatis
1315 2700 1532 2767 Chuouradus
1556 2702 1667 2766 diviua
1690 2702 1821 2767 favente
1843 2703 1908 2766 ele·

250 2808 373 2869 mentia
395 2829 466 2870 rex.
565 2803 754 2890 Cognoscat
777 2805 908 2870 devotio
932 2807 1075 2870 omnium
1098 2806 1242 2871 fidelium
1265 2815 1450 2871 nostrorum
1475 2817 1542 2870 tam
1566 2809 1786 2891 praesentium
1808 2830 1908 2892 quam

171 2971 177 2984 ,
250 2909 444 2992 absentium,
469 2909 558 2995 quod
580 2911 614 2974 in
637 2911 740 2995 primo
764 2933 851 2975 anno
875 2913 966 2996 regni
989 2913 1091 2975 nostri
1116 2911 1176 2976 sub
1201 2911 1253 2975 die
1275 2908 1290 2990 ξ
1313 2911 1417 2996 pridie
1440 2912 1552 2976 iduum
1570 2911 1720 2996 aprilium
1737 2912 1781 2977 ad
1795 2935 1908 2977 mona-

251 3016 384 3080 sterium
406 3015 562 3079 Fultcnse
586 3038 645 3100 pro
669 3015 774 3079 salute
797 3017 926 3080 animae
948 3025 1080 3080 nostrae
1103 3025 1136 3079 et
1158 3016 1346 3080 visitatione
1369 3015 1513 3081 fidelium
1535 3016 1770 3081 monachorum
1785 3015 1908 3081 ibidem
1927 3033 1964 3080 20

250 3118 312 3184 deo
336 3119 564 3184 famulantium
587 3122 772 3184 venerimus
795 3119 905 3205 ibique
927 3119 1105 3185 honorifice
1130 3119 1336 3206 benigneque
1365 3123 1509 3206 suscepti
1538 3144 1660 3185 sumus.
1699 3121 1910 3208 Quapropter

250 3226 434 3309 cogitantes
457 3248 516 3310 pro
539 3225 683 3290 remedio
706 3226 835 3290 futmae
857 3227 946 3290 vitae
969 3234 1002 3290 et
1025 3225 1182 3290 memoria
1204 3235 1318 3290 nostra
1342 3225 1437 3290 simul
1459 3235 1492 3290 et
1514 3236 1759 3291 antecessorum
1781 3236 1909 3291 nostro·

249 3353 335 3412 ram,
360 3331 639 3395 serenissimorum
668 3330 822 3396 videlicet
844 3333 1042 3416 principum,
1066 3330 1226 3416 quasdam
1248 3354 1301 3394 res
1323 3331 1404 3393 iuris
1426 3332 1538 3420 nostri
1552 3331 1586 3394 in
1612 3340 1721 3416 pago⁸
1747 3329 1908 3415 Grapfeld

249 3444 438 3520 nuncupato
462 3436 496 3498 in
518 3435 591 3499 loeo
614 3437 670 3519 qui
693 3445 831 3499 vocatur
854 3434 1162 3500 Helmerieheshusa
1191 3443 1257 3498 tres
1286 3434 1391 3498 hobas
1417 3435 1545 3520 rega-les
1568 3458 1628 3500 nec
1651 3457 1718 3500 nou
1739 3437 1772 3498 iu
1794 3457 1908 3499 marea

250 3561 334 3624 quae
357 3539 476 3604 dicitur
502 3538 722 3624 Hengistdorf
740 3539 895 3624 quicquid
921 3539 1076 3604 Ramuolt
1098 3540 1264 3624 quondam
1286 3539 1451 3604 vassallus
1473 3550 1585 3604 noster
1607 3539 1729 3605 ibidem
1751 3541 1785 3603 in
1810 3538 1907 3604 bene·
1926 3553 1963 3601 aa

249 3643 359 3708 ficium
385 3642 515 3726 habuit,
550 3666 625 3707 curn
653 3642 823 3708 curtilibus
851 3643 1010 3708 aedificiis
1039 3645 1212 3729 mancipiis
1242 3645 1336 3708 terris
1359 3643 1456 3707 cultis
1478 3653 1511 3706 et
1533 3643 1664 3707 incultis
1691 3645 1779 3728 agris
1802 3645 1907 3730 pra-tis

250 3749 376 3833 campis
399 3750 532 3832 pascuis
555 3746 647 3811 silvis
669 3750 764 3833 aquis
787 3770 988 3834 aquanunve
1018 3747 1210 3812 deerusibus
1237 3748 1433 3813 molendinis
1456 3749 1693 3832 piseationibus
1715 3751 1778 3812 viis
1801 3758 1834 3812 et
1859 3750 1906 3813 in-

248 3854 311 3916 viis
338 3852 481 3917 exitibus
511 3875 553 3917 ac
574 3852 734 3917 reditibus
757 3853 914 3937 quaesitis
936 3862 969 3916 et
990 3852 1191 3937 inquirendis
1220 3853 1435 3939 omnibusque
1457 3853 1555 3917 rebus
1578 3852 1622 3917 ad
1645 3853 1831 3938 praedictas
1853 3876 1907 3916 res

248 3959 309 4023 rite
332 3957 626 4043 conspicientibus,
650 3957 695 4023 ad
711 3967 861 4021 sanctum
876 3957 1084 4023 Bonifacium
1106 3959 1306 4043 praetiosum
1332 3961 1499 4023 martirem
1515 3956 1635 4022 Christi
1659 3960 1715 4043 qui
1737 3959 1770 4021 in
1793 3980 1906 4043 supra-

249 4064 416 4127 nominato
439 4065 638 4127 monasterio
662 4085 799 4148 corpore
822 4063 1012 4147 requiescit,
1047 4085 1106 4148 pro
1133 4063 1293 4147 augendis
1317 4063 1437 4128 divinis
1460 4063 1602 4128 cultibus
1625 4072 1658 4127 et
1680 4061 1906 4128 consolatione
1925 4073 1961 4121 30

249 4166 426 4232 eorrmdem
449 4167 586 4233 fratrarm
608 4169 643 4232 iu
664 4177 855 4254 perpetuam
885 4167 1119 4250 proprietatem
1150 4166 1355 4231 donavimus.
1393 4167 1553 4232 Iussimus
1576 4190 1705 4253 quoque
1727 4167 1790 4231 hoc
1812 4189 1906 4252 prae·

249 4281 380 4357 ceptum
403 4272 478 4337 inde
501 4272 664 4337 conscribi
688 4296 747 4358 per
768 4273 857 4359 quod
882 4270 1033 4334 volumus
1056 4270 1255 4357 firmiterque
1278 4272 1444 4355 iubemus,
1467 4281 1628 4357 quatenus
1643 4274 1694 4337 vir
1708 4269 1906 4335 venerabilis

249 4375 382 4459 Huoggi
411 4374 500 4439 abba
527 4376 674 4441 eiusdem
701 4375 852 4440 coenobii
881 4397 1154 4461 successoresque
1183 4377 1270 4440 illius
1299 4377 1399 4444 talem
1429 4378 1503 4442 inde
1526 4377 1661 4442 ulterius
1683 4377 1828 4442 habeant
1849 4399 1907 4462 po·

248 4488 401 4543 testatem
424 4480 508 4544 sicut
523 4488 556 4544 et
571 4480 612 4544 dc
634 4479 709 4544 aliis
731 4479 829 4544 rebus
849 4502 933 4565 quae
955 4481 1100 4565 antiquis
1122 4481 1325 4567 temporibus
1348 4483 1393 4548 ad
1414 4483 1598 4568 praefatum
1622 4493 1771 4547 sanetum
1792 4503 1906 4546 mona·

249 4584 383 4648 sterium
398 4585 559 4668 pertinere
574 4583 780 4650 videbantur.
813 4583 859 4648 Et
873 4592 910 4647 ut
923 4583 987 4647 hoc
1002 4582 1185 4669 largitionis
1204 4595 1337 4650 nostrae
1361 4597 1571 4672 pracceptum
1594 4610 1615 4651 a
1637 4587 1726 4651 nullo
1749 4607 1906 4671 umquam
1924 4594 1960 4643 ³5
1984 4614 1991 4628 ·

249 4709 438 4752 successore
461 4697 573 4753 nostro
595 4689 736 4753 violetur
759 4712 816 4752 scu
831 4687 948 4752 violari
967 4689 1152 4773 incipiatur,
1177 4688 1236 4753 sed
1251 4688 1381 4755 firmum
1396 4712 1437 4754 ae
1453 4690 1570 4755 stabile
1586 4715 1645 4777 per
1660 4691 1904 4756 succedentium

248 4799 431 4876 temporum
446 4792 609 4856 curricula
624 4794 800 4874 consistat,
823 4815 922 4856 mauu
949 4801 1062 4856 nostra
1086 4794 1218 4876 propria
1242 4792 1357 4857 subtus
1380 4794 1462 4859 illud
1483 4794 1677 4860 roborantes
1699 4795 1905 4860 confirmavi·

247 4919 320 4961 mus
342 4896 496 4983 anulique
519 4898 623 4961 nostri
646 4899 860 4982 impressione
882 4898 1029 4980 insigniri
1057 4899 1292 4982 praecepimus.

354 5033 369 5116 ξ
391 5037 528 5121 Signum
553 5035 663 5100 domui
687 5034 876 5101 Chuonradi
901 5037 990 5115 (ΜΡ.)
1016 5035 1211 5099 serenissimi
1235 5039 1331 5120 regis.
1353 5030 1368 5116 Ξ

353 5138 585 5241 {Odalffidus
607 5159 755 5222 notarius
778 5159 927 5222 advicem
951 5157 1107 5241 Piligrimi
1131 5158 1407 5244 archicappellani
1431 5163 1608 5245 recognovi
1632 5167 1700 5248 etp
1925 5185 1961 5232 ro

1499 5267 1570 5346 (su
1594 5267 1670 5345 su.)
1779 5269 1835 5348 (si.
1861 5269 1905 5346 a.)

349 5400 438 5464 Data
462 5419 499 5464 11.
523 5401 566 5466 id.
589 5398 683 5486 april.
707 5423 793 5464 auno
817 5402 1051 5464 incarnationis
1075 5400 1198 5465 domini
1220 5418 1397 5484 Decccxll,
1427 5402 1642 5468 indictionum
1666 5421 1723 5485 xv,
1746 5414 1906 5488 regnante

246 5503 483 5587 gloriosissimo
505 5529 583 5590 rege
606 5504 804 5570 Chuourado
828 5527 914 5568 anuo
938 5523 966 5586 13
1004 5513 1113 5568 actum
1136 5505 1179 5570 ad
1202 5505 1309 5570 locum
1334 5507 1538 5588 Fulteuseu13
1573 5508 1606 5570 in
1629 5505 1749 5571 Christi
1773 5510 1905 5573 neruiue

247 5609 387 5675 feliciter
408 5632 514 5674 amen.

367 5764 392 5816 7.
420 5763 515 5834 [Folo]
618 5767 645 5828 a)
663 5765 729 5815 noch
747 5781 817 5836 pago
835 5766 877 5814 an
895 5763 1041 5814 Baehetatr
1058 5765 1199 5815 mmdirt.
1924 5773 1960 5820 45
