4508 6428
413 397 478 463 354
533 491 535 496 Α
1008 402 1463 462 KAISERURKUNDEN.

413 596 524 652 nostre
546 586 745 652 defensionis
767 584 972 650 mundburdo
996 593 1029 649 et
1050 595 1164 649 nostra
1186 584 1392 670 preceptali⁸
1414 587 1608 650 auctoritate
1624 586 1911 650 confirmaremus
1929 595 1967 648 et
1984 605 2101 647 corro-

413 689 603 755 boraremus
626 686 900 775 quemadmodum
924 710 944 751 a
966 685 1220 752 decessoribusb
1242 689 1362 752 nostris
1385 687 1517 772 regibus
1532 698 1565 752 et
1580 711 1600 751 a
1614 688 1709 754 nobis
1733 691 1818 774 ipsis
1846 699 1934 752 ante
1961 687 2099 771 imperii

413 796 601 860 unctionem
623 793 799 874 abuerunt,
823 791 947 856 scilicet
970 801 1005 856 ut
1026 790 1154 855 hostem
1176 812 1242 854 non
1265 790 1426 872 facerent,
1453 791 1617 876 arbergati
1639 814 1705 856 non
1728 803 1862 873 esseut,
1890 801 2101 855 curaturam

413 899 601 962 terraticum
627 905 683 962 aut
711 898 884 982 ripaticum
912 905 969 960 aut
997 895 1252 959 decimacionem
1280 897 1314 958 in
1342 903 1454 959 nostro
1483 915 1584 978 regno
1617 893 1730 978 [ιιοιι]ο
1758 895 1888 960 darent
1920 892 2022 958 neol
2054 894 2108 958 ad-

413 1000 571 1085 placitum
592 1001 675 1065 irent
695 1000 758 1063 nisi
781 998 883 1064 tribus
906 998 1033 1063 vicibus
1056 1001 1089 1063 in
1112 1020 1198 1062 anuo
1223 997 1267 1062 ad
1288 996 1511 1063 Mediolanum
1535 997 1578 1062 ad
1600 999 1750 1082 generale
1774 999 1965 1084 placitum.
2007 995 2133 1064 Con-5

413 1104 593 1169 siderantas
621 1106 730 1188 itaque
758 1105 885 1166 iustam
913 1102 1038 1186 prefate
1068 1102 1216 1185 coniugis
1246 1111 1356 1166 nostre
1378 1099 1559 1186 Adelegide
1589 1102 1780 1187 petitionem
1809 1101 1978 1186 prefatos
2004 1103 2099 1164 insu·

412 1208 506 1273 lenos
522 1218 554 1272 et
568 1206 769 1272 habitatores
784 1206 932 1270 Menasie
948 1204 1008 1270 sub
1024 1215 1171 1270 nostram
1191 1203 1415 1270 defensionem
1436 1207 1610 1291 recipimus
1634 1215 1666 1269 et
1689 1227 1747 1291 per
1769 1205 1863 1268 hanc
1890 1213 2098 1289 presentem

411 1315 567 1398 paginam
589 1311 798 1377 concedimus
821 1312 878 1392 eis,
902 1319 938 1374 ut
961 1312 994 1374 in
1016 1309 1144 1374 hostem
1166 1331 1233 1373 non
1256 1319 1403 1394 pergant,
1428 1309 1593 1393 arbergati
1614 1331 1681 1374 non
1696 1311 1771 1392 sint,
1795 1308 1986 1374 teloneum
2006 1311 2098 1393 ripa-

411 1418 512 1480 ticum
534 1416 722 1480 terratieum
746 1413 1004 1478 decimacionem
1026 1415 1059 1476 in
1082 1434 1182 1502 regno
1206 1411 1322 1476 Italico
1346 1434 1412 1477 non
1436 1412 1530 1496 dent,
1562 1413 1605 1477 ad
1634 1412 1790 1498 placitum
1813 1435 1890 1477 non
1915 1422 2007 1476 eant
2031 1414 2097 1476 nisi

411 1518 514 1583 tribus
536 1518 663 1585 vicibus
685 1519 719 1582 in
742 1540 828 1582 anno
851 1516 894 1580 ad
916 1515 1149 1580 Mediolanum.
1194 1516 1415 1601 Pracipientes
1443 1517 1554 1602 itaque
1579 1516 1727 1581 iubemus
1749 1527 1786 1581 ut
1808 1517 1906 1584 hane
1932 1527 2096 1582 nostram
2117 1540 2146 1586 ιο

411 1623 590 1686 iussionem
611 1643 707 1686 nemo
729 1620 854 1685 violare
877 1629 1058 1705 presumat,
1089 1619 1177 1704 quod
1201 1621 1228 1684 si
1250 1620 1380 1703 fecerit,
1410 1621 1493 1684 sciat
1515 1643 1550 1684 se
1573 1620 1831 1703 compositurum
1859 1623 1939 1685 auri
1970 1622 2094 1706 optimi

411 1724 512 1790 libras
536 1734 676 1807 centum,
698 1724 907 1790 medietatem
929 1745 1057 1788 camere
1080 1733 1190 1787 nostre
1214 1733 1246 1787 et
1267 1722 1476 1788 medietatem
1491 1724 1625 1808 prefatis
1640 1721 1841 1787 hominibus.
1869 1723 1956 1788 Hoc
1974 1734 2095 1788 autem

412 1839 447 1894 ut
468 1831 577 1894 remus
601 1827 752 1894 credatur
775 1827 1031 1913 diligenciusque
1054 1825 1097 1890 ab
1122 1826 1272 1892 omnibus
1296 1826 1501 1909 observetur,
1534 1835 1718 1911 presentem
1741 1827 1909 1911 paginam
1936 1827 2094 1892 scribere

412 1942 445 1996 et
467 1931 574 2016 sigillo
597 1932 725 2016 imperii
747 1931 851 1996 nostri
873 1931 1007 1995 inferius
1030 1952 1103 1994 eam
1127 1929 1270 2014 sigillare
1292 1932 1510 2016 precepimus.

515 2069 650 2154 Signum
674 2069 870 2133 serenissimi
893 2069 1099 2154 imperatoris
1124 2066 1285 2151 ottonis.)
1519 2139 1529 2152 .
2110 2103 2142 2148 15

514 2173 700 2257 Liutgerius
724 2171 939 2237 cancellarius
962 2172 1112 2236 advioem
1135 2171 1288 2235 Widonis
1311 2172 1457 2255 episcopi
1481 2180 1513 2235 et
1535 2167 1813 2233 archicancellarii
1840 2173 2053 2252 recognovi.

513 2310 604 2375 Data
627 2327 701 2374 vl11.
724 2309 792 2373 kal.
816 2309 1008 2395 septembris
1031 2331 1117 2374 anno
1142 2309 1304 2373 dominice
1334 2309 1568 2373 incarnationis
1597 2322 1798 2387 Dccccaxll,
1833 2308 1979 2392 imperii
2007 2332 2090 2373 vero

412 2415 549 2501 piissimi
574 2412 706 2478 Ottonis
729 2430 756 2497 1,
780 2413 958 2478 indictione
981 2432 1020 2495 νς
1043 2422 1153 2477 actum
1176 2411 1306 2494 Ournis3
1329 2410 1476 2476 feliciter.

1194 2650 1280 2724 2l7.

421 2807 501 2885 Otto
530 2810 690 2907 bestotiyt
715 2808 795 2880 dem
817 2807 980 2879 Bistbune
1007 2806 1087 2877 Aste‘
1113 2805 1180 2877 olle
1207 2804 1454 2903 Besitzuopeo,
1483 2805 1703 2904 Prioileqe'eo
1728 2806 1808 2878 eod
1828 2808 1971 2884 Recbte
2001 2813 2089 2885 und
2103 2843 2135 2890 so

411 2928 659 3001 iosbesoodere
685 2925 831 3017 Gemoll,
861 2925 985 2999 lllaebt
1008 2924 1089 2997 aad
1108 2925 1284 3024 Natzareq
1309 2952 1381 2998 vora
1408 2925 1473 2998 der
1494 2924 1601 3002 stadt
1626 2928 1705 3000 ared
1729 2929 1843 3001 darem
1872 2931 2082 3007 Lhrelres'se.

1569 3071 1664 3128 Poeta
1686 3073 1751 3132 962
1773 3071 1953 3146 September
1975 3079 2032 3138 25.

512 3259 694 3332 Eiwermkt
721 3261 756 3318 ia
785 3260 840 3318 dos
865 3260 1078 3332 pleieheeite'qe,
1113 3261 1154 3316 im
1178 3257 1436 3318 Outhedralarehio
1463 3277 1504 3318 aa
1525 3258 1595 3318 Asa·
1623 3260 1791 3330 befiodliebe
1817 3261 1965 3334 Orioiaol
1991 3269 2078 3324 einer

513 3362 785 3422 Gotelasarkaede
806 3361 866 3441 (Α).

516 3514 626 3588 Uphelli
653 3515 749 3574 Italia
775 3533 862 3575 saera
891 3515 934 3576 ed.
954 3524 985 3586 Ι,
1009 3519 1044 3587 4,
1068 3520 1130 3576 494
1160 3533 1216 3574 aas
1240 3517 1266 3573 A
1290 3541 1331 3570 =
1354 3517 1397 3575 ed.
1417 3525 1463 3589 ΙΙ,
1487 3523 1521 3590 4,
1545 3523 1610 3579 347
1633 3543 1672 3572 =
1699 3519 1778 3592 Orio.
1804 3519 1909 3591 Guels.
1937 3528 1973 3592 1,
2002 3527 2073 3584 278
2090 3540 2122 3587 ao

511 3624 546 3676 a⁰
565 3621 618 3689 28,
643 3642 683 3672 =
706 3619 845 3678 Leibnita
866 3619 946 3680 Ano.
969 3624 999 3690 3,
1024 3624 1088 3680 103
1110 3620 1336 3694 emvollstr'a'adip.
1360 3655 1403 3664 -
1424 3622 1509 3681 Mon.
1528 3623 1658 3694 patriae,
1681 3623 1772 3681 chart
1797 3625 1826 3692 1,
1852 3625 1918 3682 196
1942 3631 1978 3681 πθ
2002 3629 2071 3685 118

512 3738 569 3780 aas
591 3721 628 3778 A.
652 3754 696 3763 -
716 3722 845 3781 Bohmer
866 3723 938 3796 Rea.
961 3726 1036 3784 263.
1059 3759 1102 3766 -
1124 3723 1253 3797 Stamps
1270 3725 1341 3797 Rea.
1366 3729 1439 3784 316.

514 3859 594 3917 Zwee'
618 3861 696 3933 Taya
716 3861 792 3919 nach
814 3861 867 3919 der
881 3861 1073 3935 Ausetellaop
1094 3880 1150 3920 von
1171 3860 1239 3921 DO.
1255 3865 1320 3922 247
1342 3861 1419 3934 sared
1439 3862 1677 3936 Verlaatbararep
1699 3863 1846 3921 desselben
1868 3881 1923 3921 ror
1942 3865 2066 3924 Geriebt

511 3965 599 4033 statt,
632 3965 766 4023 moraber
794 3964 847 4022 der
875 3965 1047 4024 kaiserlicbe
1073 3966 1171 4026 Notor
1197 3965 1338 4038 Alpertas
1367 3965 1415 4024 die
1440 3967 1474 4024 io
1496 3966 1579 4024 Mon.
1599 3965 1760 4038 peteteret.
1785 3983 1807 4024 c.
1831 3967 2067 4037 ueroffentle'chte

515 4066 657 4126 Urlamde
678 4067 834 4138 aessetete.
870 4067 987 4126 Obwohl
1009 4068 1104 4127 dieser
1125 4067 1222 4127 Notae
1243 4070 1277 4126 ia
1298 4069 1395 4126 seiher
1416 4068 1480 4126 hier
1501 4070 1660 4126 inserirtea
1682 4066 1834 4138 Aeschrift
1857 4068 1907 4125 die
1930 4069 2064 4141 sprose-
2082 4087 2115 4134 ao

512 4169 629 4242 samen
649 4171 714 4230 eard
734 4173 807 4231 noch
829 4172 911 4230 mehr
932 4171 979 4230 die
995 4171 1176 4245 Schree'buaq
1198 4172 1248 4230 des
1267 4170 1530 4244 Origieoldeploms
1552 4170 1678 4241 oielfoeb
1700 4170 1877 4244 decaedat
1900 4172 1962 4242 hat,
1988 4173 2065 4232 habe

512 4273 1013 4348 ieadesesearzehrreecheOopie
1032 4292 1230 4347 gauzpertus
1252 4275 1420 4334 obdracken
1441 4293 1482 4334 aa
1503 4282 1623 4333 meissen
1642 4275 1778 4349 pepluabt
1801 4273 1864 4333 und
1885 4275 1960 4334 habe
1982 4279 2064 4336 orech

510 4395 572 4436 aar
592 4397 633 4436 ea
654 4377 711 4436 den
732 4378 961 4450 aeffallendstea
982 4377 1110 4437 Fatalem
1132 4378 1339 4438 cusdrsteklicb
1361 4379 1488 4437 hamelet
1511 4379 1580 4438 dass
1602 4381 1644 4437 sie
1665 4379 1727 4436 saa
1754 4379 1787 4435 ia
1814 4378 1879 4434 dere
1904 4377 2062 4452 Omytnol-

505 4481 654 4554 pacatam
674 4482 784 4554 baden.
807 4517 850 4524 —
870 4482 924 4541 Da
946 4484 1041 4555 eioiye
1060 4481 1252 4556 Weoduapen
1273 4482 1337 4540 aad
1358 4500 1410 4540 eor
1431 4481 1518 4541 altem
1540 4482 1595 4540 doe
1617 4482 1802 4541 Esclrmolcoll
1823 4482 1888 4539 DF.
1915 4483 1961 4542 als
1985 4485 2062 4544 Die-

510 4589 589 4644 tetor
616 4585 680 4645 aad
698 4581 906 4660 'Imrossaeen
934 4586 1080 4644 erkeaaen
1109 4586 1222 4657 lassare,
1256 4586 1325 4644 sind
1347 4585 1394 4643 die
1417 4586 1539 4644 Iateleea
1560 4584 1711 4659 mdplielast
1733 4587 1787 4643 mit
1808 4583 1905 4656 Hetlse
1928 4587 2062 4647 andem
2078 4601 2112 4648 35

508 4707 565 4748 eoa
586 4691 648 4749 ihm
668 4690 829 4762 versoseter
850 4691 994 4763 Praecpte
1015 4687 1180 4762 oasyesrtllt
1203 4687 1328 4747 wordea

613 4875 652 4939 In
674 4876 806 4939 nomine
829 4882 941 4939 sancte
964 4882 996 4938 et
1018 4871 1184 4937 individue
1206 4872 1371 4936 trinitatis.
1417 4869 1482 4936 Oto
1507 4871 1619 4936 divina
1641 4873 1770 4938 favente
1792 4872 1975 4941 clemencia
1998 4879 2059 4944 im-

408 4985 539 5060 perator
567 4986 736 5061 augustus.
837 4976 872 5043 Si
901 4979 1022 5040 sanctis
1051 4985 1083 5040 et
1109 4973 1363 5057 vener[abilibus
1392 4973 1474 5039 loeis
1501 4998 1567 5040 non
1591 4975 1696 5042 solum
1718 4976 1818 5062 digna
1839 4979 2061 5063 con]serimus

407 5101 551 5162 munera,
575 5089 626 5144 set
647 5081 745 5144 etiam
768 5078 901 5144 conlata
923 5079 1164 5162 confirmamus,
1188 5081 1359 5164 animeque
1381 5089 1492 5144 nostre
1515 5080 1629 5165 procul
1653 5081 1751 5147 dubio
1775 5083 1959 5168 proficuum
1983 5111 2060 5152 esse

406 5203 474 5245 non
489 5182 696 5266 ambigimus.
731 5181 869 5247 Cocirca
885 5184 1029 5247 omnium
1046 5192 1156 5248 sancte
1180 5180 1231 5246 dei
1255 5182 1392 5247 ecclesie
1414 5181 1558 5249 fidelium
1580 5194 1828 5272 nostrorumque
1850 5193 2060 5272 presentium
2077 5211 2113 5259 ιο

408 5281 556 5350 siclicet¹
584 5306 623 5348 ac
651 5282 834 5349 futurorum
856 5283 1039 5370 conper[iat
1060 5284 1235 5369 industria,
1267 5284 1406 5370 qualiter
1427 5308 1488 5352 nos
1510 5289 1672 5374 consultu]
1698 5291 1920 5355 amantissime
1942 5305 2059 5360 nostre

407 5388 576 5471 coniungis
593 5384 709 5451 Aleide
724 5389 939 5473 imperatricis
954 5410 1192 5475 regnorumque
1206 5397 1393 5454 nostrorum
1409 5391 1570 5454 consortis
1585 5390 1692 5478 adque
1708 5393 1888 5459 interventu
1907 5393 2060 5464 Gezonis

490 5573 552 5715 ξι
579 5574 735 5644 [Ottanthal]
838 5578 865 5641 a)
883 5577 1085 5644 preceptaliaA
1189 5579 1217 5640 b)
1237 5537 1498 5630 addeeassoribusrl
1602 5579 1628 5644 o)
1642 5580 1713 5643 fehlt
1730 5578 1804 5631 tari
1908 5583 1937 5647 d)
1958 5593 2008 5636 aut
2026 5586 2059 5638 A.

526 5661 550 5714 7.
579 5661 687 5732 [sichel]
791 5662 817 5726 a)
836 5663 868 5716 A.
