4554 6414
900 416 1025 472 orso
1048 419 1071 472 ι.
1096 412 1169 470 aaa.
1815 405 1855 472 91

209 612 375 678 procellimus
398 629 513 674 munere,
537 615 593 662 eius
617 613 770 663 studeamus
793 612 878 662 modis
901 613 1023 662 omnibus
1044 592 1058 672 t
1080 627 1172 676 parere
1188 612 1328 662 voluntati.
1366 614 1534 677 Quapropter
1556 616 1702 678 comperiat
1723 613 1854 664 industria

208 723 288 781 atque
319 716 421 766 utilitas
454 718 571 766 omnium
605 716 720 766 fidelium
755 723 904 765 nostrorum
938 718 1116 779 praesentium
1150 717 1251 766 scilicet
1284 723 1310 766 et
1338 715 1500 778 futurorum,
1535 719 1598 782 quia
1625 719 1667 767 vir
1696 717 1856 767 venerabilis

208 805 391 869 Hathumar
413 820 484 868 abba
506 835 537 868 ex
560 821 719 868 monasterio
742 819 813 884 quod
836 819 933 867 dicitur
955 819 1057 881 Fulda,
1080 819 1151 884 quod
1175 826 1215 870 est
1237 817 1316 869 sittim
1339 821 1367 869 in
1389 835 1457 886 pago
1474 819 1601 886 Grapfeld
1624 826 1805 871 constructum
1828 823 1856 870 in

207 924 307 973 bonore
330 924 415 972 sancti
438 923 566 972 Bonifatii
590 923 704 972 martiris
727 923 838 983 Christi,
872 923 919 971 ubi
942 923 1010 972 idem
1032 923 1164 986 gloriosus
1187 929 1287 987 martyr
1309 940 1419 988 corpore
1447 926 1572 989 quiescit,
1606 925 1698 974 adiens
1727 926 1855 976 excellen-

174 1027 271 1076 stiam
295 1026 417 1076 culminis
440 1028 535 1088 nostri,
570 1027 676 1090 quando
700 1010 739 1074 de
762 1011 925 1094 provintia
949 1010 1140 1076 Sclavorum
1163 1015 1217 1096 qui
1240 1003 1399 1077 vocantur
1420 1012 1608 1077 Biaderi'in
1630 1035 1711 1098 pace
1734 1030 1856 1078 venimus

207 1114 250 1178 ad
265 1115 518 1199 Magathaburg,
543 1131 640 1181 obtulit
662 1131 739 1179 uobis
762 1129 894 1194 quandam
918 1135 1113 1179 autecessorum
1136 1137 1299 1192 nostrorum,
1323 1130 1488 1180 Hludouuici
1511 1130 1635 1180 videlicet
1657 1137 1683 1181 et
1702 1131 1854 1182 Gbuonradi

206 1240 265 1282 neo
288 1239 355 1282 non
377 1229 409 1283 et
430 1221 586 1302 genitoris
608 1221 711 1281 nostri
734 1216 851 1282 beatae
873 1219 1047 1280 memoriae
1070 1217 1215 1281 Heinrioi
1239 1234 1421 1282 auctoritatem
1444 1235 1472 1282 in
1494 1249 1548 1298 qua
1570 1235 1763 1298 continebatur,
1790 1250 1854 1299 qua-

206 1336 265 1386 liter
293 1336 362 1386 idem
390 1338 523 1400 principes
551 1337 683 1385 karissimi
712 1336 844 1400 prefatum
874 1336 1062 1384 monasterium
1091 1351 1151 1384 cum
1179 1335 1315 1384 monacbis
1337 1335 1434 1386 ibidem
1458 1337 1507 1386 deo
1530 1337 1722 1387 famulantibus
1744 1345 1770 1388 et
1793 1354 1853 1388 cum

205 1441 284 1489 rebus
306 1439 348 1488 vel
371 1440 523 1488 bominibus
546 1439 579 1488 ad
602 1455 631 1488 se
652 1440 721 1488 iuste
743 1438 939 1502 pertinentibus
961 1438 1011 1486 sub
1034 1452 1084 1486 sua
1106 1438 1305 1489 constituissent
1333 1439 1487 1489 defensione
1515 1445 1541 1488 et
1568 1442 1704 1490 munitatis
1731 1443 1852 1492 tuitione.

156 1542 188 1590 10
206 1543 363 1593 Obsecravit
390 1557 504 1607 namque
534 1543 696 1606 proscriptus
724 1542 795 1590 abba
823 1546 854 1590 ut
881 1541 1001 1590 similiter
1028 1542 1116 1605 ipsum
1138 1543 1326 1592 monasterium
1350 1558 1409 1591 cum
1433 1543 1568 1592 monacbis
1591 1542 1689 1593 ibidem
1712 1543 1761 1594 deo
1785 1545 1851 1593 mili·

204 1647 323 1696 tantibus
345 1651 373 1696 et
394 1661 455 1695 cum
477 1647 556 1695 rebus
578 1661 610 1695 ac
632 1645 784 1694 bominibus
806 1645 858 1694 sibi
885 1643 1006 1710 legaliter
1034 1645 1225 1708 aspicientibus
1252 1645 1302 1694 sub
1331 1650 1422 1694 nostra
1449 1645 1668 1695 constitueremus
1698 1647 1851 1698 defensione

204 1765 236 1800 ac
258 1749 437 1814 praefatorum
459 1765 551 1814 regum
573 1750 726 1798 auctoritati
748 1753 865 1798 nostram
887 1749 1056 1813 iungeremus
1079 1749 1272 1810 auctoritatem,
1295 1750 1371 1798 cuius
1389 1750 1551 1813 petitionem,
1574 1751 1638 1815 quia
1658 1751 1756 1800 iustam
1770 1751 1850 1801 immo

203 1853 387 1903 rationabilem
410 1869 468 1902 esse
490 1853 680 1914 iudicavimus,
703 1834 768 1899 aab
791 1859 817 1901 et
838 1851 967 1902 beneficio
990 1852 1060 1916 quod
1083 1851 1229 1916 postulavit
1255 1867 1393 1901 assensum
1420 1853 1599 1917 praebuimus.
1643 1853 1679 1902 Et
1700 1853 1759 1903 ideo
1783 1855 1852 1904 hanc

203 1958 387 2006 auctoritatem
410 1961 518 2020 propter
540 1953 659 2022 divinum
682 1969 798 2004 amorem
820 1959 847 2004 et
868 1956 1065 2006 venerationem
1088 1955 1173 2004 sancti
1196 1955 1248 2005 loci
1270 1957 1355 2020 ipsius
1377 1957 1648 2022 tranquillitatemque
1669 1957 1780 2007 fratrum
1803 1959 1851 2008 ibi-

152 2060 184 2107 15
203 2061 262 2111 dem
291 2061 492 2111 consistentium
521 2059 592 2108 circa
621 2059 708 2122 ipsum
735 2060 924 2108 monasterium
954 2058 1009 2108 lieri
1040 2058 1205 2108 decrevimus
1234 2075 1281 2124 per
1308 2074 1387 2124 qaam
1415 2061 1444 2108 in
1471 2059 1590 2109 futurum
1616 2062 1749 2111 sancimus
1771 2067 1851 2126 atque

202 2165 337 2225 iubemus,
372 2168 403 2212 ut
430 2162 520 2212 nullus
549 2163 628 2213 iudex
659 2162 782 2228 publicus
811 2168 858 2222 aut
885 2163 999 2226 quilibet
1027 2179 1059 2213 ex
1087 2162 1228 2212 iudiciaria
1254 2168 1386 2226 potestate
1414 2163 1443 2210 in
1472 2163 1597 2212 ecclesias
1626 2163 1704 2213 villas
1726 2163 1786 2214 loca
1807 2164 1850 2214 vel

201 2283 279 2332 agros
300 2260 363 2314 ιιιο
385 2266 566 2329 possessiones
588 2279 654 2329 quas
678 2265 803 2314 moderno
827 2270 944 2328 tempore
966 2266 1036 2314 iuste
1058 2269 1085 2314 et
1107 2265 1301 2315 rationabiliter
1322 2265 1392 2314 inira
1414 2281 1524 2331 regnum
1547 2265 1674 2316 divinitus
1692 2267 1770 2317 uobis
1789 2281 1850 2317 cen·

201 2385 303 2421 cessum
331 2370 479 2434 praefatum
506 2368 625 2434 possidet
652 2369 840 2418 monasterium
869 2368 912 2418 vel
940 2383 1008 2432 qnae
1036 2368 1161 2433 deinceps
1190 2370 1217 2418 in
1246 2371 1288 2419 ias
1317 2339 1401 2433 ipsius
1429 2369 1483 2419 loci
1511 2369 1626 2420 voluerit
1652 2370 1743 2420 divina
1764 2373 1850 2435 pietas

201 2475 306 2539 augeri,
340 2473 373 2523 ad
396 2487 490 2522 causas
513 2473 652 2522 iudiciario
676 2488 749 2522 more
772 2473 915 2537 aliqnando
939 2471 1084 2522 audiendas
1107 2478 1154 2522 aut
1175 2472 1250 2522 freda
1271 2472 1456 2538 undecumque
1479 2472 1609 2538 exigenda
1630 2473 1674 2523 vel
1699 2475 1850 2524 mansiones

150 2580 183 2626 20
201 2583 247 2627 aut
275 2583 382 2641 paratas
410 2577 544 2626 iaciendas
572 2577 616 2626 vel
644 2575 812 2627 fideiussores
840 2576 970 2627 tollendos
1000 2582 1046 2626 aut
1067 2577 1187 2627 homines
1209 2578 1294 2642 ipsius
1317 2577 1469 2627 monasterii
1492 2581 1547 2626 tam
1568 2579 1699 2643 ingenuos
1721 2592 1800 2642 quam
1822 2583 1849 2628 et

201 2695 291 2730 servos
315 2694 394 2744 super
420 2685 516 2729 terram
543 2679 628 2742 ipsius
656 2683 851 2729 commanentes
881 2679 1076 2745 distringendos
1103 2696 1153 2730 nec
1182 2681 1252 2730 ullas
1280 2679 1451 2730 redibitiones
1479 2679 1523 2730 vel
1550 2679 1666 2729 inlicitas
1695 2683 1848 2732 occasiones

200 2783 370 2847 requirendas
392 2784 489 2832 nostris
511 2783 660 2846 futurisque
683 2781 846 2846 temporibus
869 2783 971 2848 ingredi
994 2783 1092 2832 audeat
1114 2783 1157 2833 vel
1179 2798 1211 2832 ea
1233 2799 1285 2849 quq
1307 2797 1389 2846 supra
1410 2787 1555 2832 memorata
1576 2787 1639 2832 sunt
1653 2783 1757 2848 exigere
1773 2798 1847 2848 prae

199 2891 298 2948 sumat,
333 2886 379 2936 sed
407 2887 487 2935 liceat
513 2885 597 2935 eidem
620 2885 711 2935 abbati
735 2886 843 2949 suisque
866 2867 1150 2934 successoribus'asd
1173 2885 1291 2935 eiusdem
1313 2885 1467 2934 monasterii
1489 2899 1550 2934 cum
1573 2885 1623 2934 sibi
1646 2885 1774 2934 subiectis
1796 2886 1846 2936 snb

197 2984 310 3038 nostra
333 2989 485 3040 defensione
507 2988 651 3054 possidere,
675 2993 701 3037 et
723 2988 850 3053 quicquid
872 2988 904 3038 de
927 2988 1086 3053 supradictis
1114 2990 1193 3039 rebus
1222 2990 1265 3038 ius
1292 2988 1349 3038 fisci
1377 2990 1482 3054 exigere
1511 2993 1629 3052 poterat,
1662 3003 1710 3054 pro
1739 2993 1847 3039 aeterna

146 3092 408 3142 abrenunciatione
430 3093 550 3156 praefato
573 3091 733 3140 monasterio
756 3095 783 3140 et
804 3091 940 3141 monacbis
963 3093 1149 3142 concessimus.
1186 3086 1391 3156 Praecipimus⁰
1415 3092 1495 3142 etiam
1511 3096 1541 3140 ut
1558 3091 1591 3141 de
1607 3091 1679 3141 villis
1701 3092 1846 3143 aecclesiae

198 3197 282 3245 sancti
305 3196 448 3258 Bonifatii,
481 3197 564 3244 servis
587 3196 666 3244 etiam
690 3201 716 3244 et
738 3194 839 3244 colonis
860 3196 889 3243 in
918 3194 972 3244 illis
1000 3195 1169 3245 manentibus
1198 3211 1265 3260 quas
1293 3195 1419 3245 moderno
1447 3176 1589 3259 temporef
1615 3195 1713 3246 babere
1741 3195 1846 3246 videtur

197 3298 240 3348 vel
262 3314 314 3363 quq
336 3298 460 3362 deinceps
482 3300 511 3347 in
532 3299 591 3347 iure
612 3299 697 3362 ipsius
719 3315 735 3346 ιι
757 3298 809 3348 1οοί
832 3283 981 3348 dominus
1005 3283 1266 3369 amplificaverit,
1296 3299 1394 3349 babeat
1415 3283 1583 3368 praefatus
1605 3299 1689 3349 abbas
1712 3313 1845 3350 successo-

198 3417 291 3465 resque
314 3402 371 3450 eius
393 3406 551 3465 potestatem
573 3401 689 3450 decimas
712 3401 879 3466 accipiendas
907 3407 1014 3466 propter
1042 3401 1163 3452 aedificia
1189 3401 1350 3466 perficienda
1377 3400 1420 3451 vel
1449 3401 1623 3451 restauranda
1650 3401 1844 3466 luminariaque

197 3504 349 3554 renovanda
371 3511 397 3553 et
419 3511 449 3554 ut
471 3505 522 3554 sibi
550 3504 725 3569 fidelibusque
753 3506 822 3567 suis,
855 3506 1018 3570 pauperibus
1047 3521 1153 3571 quoque
1176 3511 1202 3555 et
1231 3507 1378 3571 peregrinis
1407 3488 1546 3569 temporef
1574 3506 1750 3569 susceptionis
1778 3521 1844 3556 usus

146 3606 179 3653 30
197 3609 360 3660 necessarios
382 3609 485 3672 possint
512 3608 652 3674 praebere,
684 3609 760 3658 iuxta
781 3608 809 3657 id
831 3609 902 3674 quod
925 3615 1033 3660 sanctae
1054 3610 1163 3676 regulas
1185 3610 1351 3676 prepositum
1373 3579 1405 3658 ric
1426 3608 1581 3658 mandatum
1602 3609 1678 3658 iubet
1698 3610 1843 3660 monachos

196 3715 224 3762 ia
247 3714 414 3778 susceptione
437 3714 570 3778 hospitum
592 3729 791 3779 pauperumque
814 3728 916 3777 semper
938 3729 996 3763 esse
1018 3719 1133 3778 paratos.
1178 3713 1214 3762 Et
1235 3714 1257 3762 si
1280 3711 1386 3777 quando
1409 3712 1548 3761 vocatione
1571 3710 1662 3760 divina
1689 3713 1742 3762 iam
1771 3713 1843 3762 fatus

196 3817 266 3866 abba
287 3833 303 3863 a
332 3815 365 3866 de
393 3817 442 3865 hac
471 3816 530 3866 luce
559 3803 759 3885 migraverit,
794 3816 919 3882 quamdiu
949 3818 998 3881 ipsi
1028 3817 1150 3866 monachi
1181 3817 1248 3868 tales
1275 3818 1345 3867 inter
1367 3832 1395 3866 se
1423 3816 1527 3880 possint
1548 3817 1666 3866 invenire
1688 3817 1735 3881 qui
1757 3817 1842 3882 ipsam

196 3920 426 3985 congregationem
454 3919 598 3970 secundum
629 3920 746 3985 regulam
778 3908 881 3969 sancti
912 3919 1049 3971 Benedicti
1078 3935 1168 3986 regere
1195 3920 1316 3982 valeant,
1349 3935 1397 3984 per
1426 3919 1496 3970 banc
1517 3925 1634 3969 nostram
1656 3921 1841 3970 auctoritatem

196 4039 353 4073 consensum
382 4029 408 4071 et
436 4022 569 4072 licentiam
598 4024 714 4073 babeant
743 4024 858 4088 eligendi
887 4024 1005 4074 abbates.
1050 4024 1125 4074 Haec
1147 4039 1210 4073 vero
1233 4025 1378 4074 auctoritas
1400 4028 1430 4072 ut
1452 4023 1597 4087 pleniorem
1620 4024 1647 4071 in
1670 4023 1713 4073 dei
1735 4025 1841 4074 nomine

144 4123 177 4170 35
195 4127 315 4175 obtineat
336 4124 498 4187 firmitatem,
521 4141 601 4175 manu
624 4128 731 4190 propria
752 4127 846 4174 subtru
870 4140 927 4175 eam
950 4125 1112 4176 firmavimus
1134 4132 1161 4176 et
1182 4126 1263 4175 anulo
1286 4131 1376 4176 nostro
1399 4125 1511 4190 sigillari
1533 4125 1666 4176 iussimus.

296 4263 310 4346 ξ
333 4263 467 4348 Signum
490 4263 601 4329 domni
625 4263 754 4329 Ottonis
776 4264 840 4345 (ll.)
863 4267 1058 4329 serenissimi
1080 4266 1175 4348 regis.
1198 4265 1212 4348 ξ

296 4383 474 4467 ξΑάιιΙιιις
500 4387 646 4449 notarius
675 4384 823 4448 advicem
851 4383 1064 4470 Hildipertti¹
1092 4385 1330 4469 archiepiscopi
1358 4385 1533 4466 recognovi
1562 4393 1594 4446 ct
1620 4382 1635 4463 l
1667 4383 1736 4462 (SR.
1764 4385 1841 4464 NN.)

1717 4485 1774 4564 (SI.
1800 4487 1840 4566 1.)

294 4625 384 4688 Data
400 4641 436 4688 11.
453 4624 496 4688 id.
514 4623 637 4688 octobr.
662 4646 747 4688 anno
770 4625 1003 4689 incarnationis
1026 4622 1147 4687 domini
1163 4639 1399 4705 occccxxxvl,
1423 4623 1599 4687 indictione
1615 4638 1694 4685 vnn
1705 4631 1727 4704 ⁸,
1752 4643 1837 4685 anno

142 4735 176 4782 40
192 4749 270 4791 vero
292 4729 381 4810 regni
405 4725 629 4810 gloriosissimi
652 4727 738 4810 regis
762 4725 892 4790 Ottonis
915 4744 944 4806 ις
979 4735 1087 4791 actum
1115 4728 1148 4789 in
1170 4723 1451 4810 Magathaburgl3
1483 4729 1518 4790 in
1544 4725 1596 4789 dci
1618 4727 1748 4789 nomine
1770 4723 1838 4789 feli-
1902 4753 1909 4762 ··

194 4831 274 4893 citer
296 4851 400 4894 amen.

295 5015 319 5069 2.
348 5017 375 5074 b)
394 5017 507 5068 libenter
524 5019 754 5069 accomodavimus
776 5035 808 5067 aa
825 5021 948 5083 sydrum
965 5020 1014 5068 wie
1029 5019 1059 5068 tn
1076 5016 1140 5068 ΒΗ.
1160 5021 1173 5067 1
1276 5020 1300 5078 c)
1324 5033 1371 5068 sea
1394 5016 1509 5082 reliquas
1531 5032 1563 5066 ιιι
1581 5021 1709 5080 1ινφίιίιιιιι
1731 5017 1780 5066 wie
1808 5017 1837 5065 in

353 5085 405 5136 VU.
511 5088 896 5153 mresmpomnwtes'e
920 5087 974 5138 VU.
1083 5085 1393 5146 efflusmosiater
1415 5103 1432 5152 p
1455 5084 1678 5150 ribcrymbrieben
1778 5084 1836 5146 00

344 5154 406 5204 oter
423 5172 440 5221 p
457 5154 678 5220 asymam
780 5159 807 5223 g)
827 5169 897 5208 run
914 5155 1099 5221 ascbqetroqea
1202 5156 1229 5218 h)
1248 5171 1283 5221 ga
1300 5156 1329 5204 in
1346 5153 1505 5221 Mathaburg
1523 5153 1709 5220 &spumosa
