4508 6428
387 409 452 472 440
987 418 1440 506 umsnaunuuunns.

386 598 556 684 dignitatis
580 599 725 664 officium
751 597 766 679 ᾖ
794 621 866 663 esse
889 607 1035 682 constat,
1067 597 1129 664 deo
1153 599 1340 685 sanctisque
1363 600 1431 663 eius
1454 583 1653 664 monasteria
1674 596 1728 661 vel
1751 594 1835 659 loca
1861 592 2072 652 construere

387 712 419 766 et
448 726 577 788 semper
605 702 856 768 auctoritatibus
885 705 1045 786 augeari⁵
1074 713 1107 768 et
1134 701 1300 768 roborari:
1335 700 1457 765 idcirco
1485 712 1598 766 notum
1620 723 1693 767 esse
1716 698 1885 763 volumus
1912 683 2073 754 omnium

385 805 530 870 fidelium
552 815 739 870 nostrorum
766 816 835 870 tam
863 804 1089 890 presentiuml’
1118 805 1244 870 scilicet
1271 827 1370 890 quam
1398 814 1430 868 et
1457 804 1636 870 futurorum
1665 801 1879 878 industriae,
1920 785 2075 900 qualiter

385 931 446 973 nos
469 911 652 973 interventu
675 907 816 973 dilectae
838 910 988 990 coniugis
1011 918 1144 973 nostrae
1158 907 1351 972 Adalheidis
1373 908 1496 994 filiique
1518 909 1680 972 carissimi
1702 905 1814 970 nostri
1829 911 1854 982 ⁶,
1881 895 1982 978 regis
2009 910 2074 952 acr-

384 1010 461 1076 lioet
484 1009 633 1093 Ottonis,
668 1034 730 1076 nec
752 1033 819 1075 non
841 1034 901 1096 pro
930 1020 1016 1076 statu
1045 1021 1077 1076 et
1105 1011 1328 1076 incolomitate
1359 1013 1450 1095 regni
1479 1010 1532 1076 vel
1560 1012 1685 1096 imperii
1716 1007 1849 1086 nostri,
1891 998 1940 1062 ob
1975 1000 2108 1077 spcm5

384 1115 484 1178 etiam
512 1113 641 1179 divinae
670 1116 941 1180 remunerationis
964 1114 1163 1180 monialibus
1187 1115 1238 1180 die
1261 1125 1425 1201 noctuque
1448 1113 1510 1178 deo
1534 1117 1720 1199 sanctisque
1744 1112 1821 1175 eius
1849 1094 2075 1210 martyribltss

385 1214 525 1280 Cosmae
548 1227 581 1281 et
602 1217 769 1282 Damiano
792 1217 1029 1283 famulantibus
1053 1218 1248 1284 donavimus
1271 1229 1394 1283 curtem
1424 1241 1507 1304 quae
1535 1215 1608 1282 estd
1637 1219 1699 1282 sita
1728 1217 1765 1279 in
1788 1209 1881 1274 villa
1907 1195 2073 1276 Ericsehr

383 1341 482 1404 quam
506 1319 584 1384 olim
608 1320 648 1384 ob
672 1321 864 1405 petitionem
887 1320 945 1383 filii
967 1323 1071 1385 nostri
1095 1321 1229 1385 Liutolfi
1252 1320 1339 1386 filiae
1362 1343 1440 1386 suae
1459 1320 1631 1386 Mahthildi
1652 1323 1687 1384 in
1710 1316 1897 1404 proprium
1925 1322 2073 1370 conces-

383 1423 496 1487 simus.
533 1423 629 1488 Nunc
651 1445 729 1487 vero
758 1431 835 1507 post
858 1422 1040 1488 discessum
1062 1427 1150 1489 vitae
1173 1427 1275 1510 ipsius
1298 1427 1498 1511 praenotatis
1521 1423 1719 1489 monialibus
1742 1423 1780 1485 in
1804 1411 1983 1482 Astnithe
2008 1405 2075 1468 deo

384 1528 571 1611 sanctisque
594 1525 794 1609 martyribus
811 1523 954 1592 Cosmae
969 1536 1002 1591 et
1016 1527 1181 1594 Damiano
1202 1528 1415 1593 servientibus
1435 1529 1638 1610 donavimus,
1661 1524 1872 1592 tradidimus
1897 1520 1936 1580 in
1964 1507 2073 1576 comi·
2096 1515 2125 1562 10

382 1636 455 1691 tatu
477 1627 602 1692 Hooldi
626 1629 756 1693 comitis
779 1629 923 1713 inpage
946 1630 1155 1714 Borhtergo⁶
1184 1643 1307 1697 curtem
1336 1631 1536 1717 praedictam
1560 1631 1683 1696 scilicet
1706 1624 1861 1694 Ericseli
1888 1640 1977 1684 cum
2004 1635 2075 1677 0111·

381 1729 478 1793 nibus
508 1730 725 1814 appenditiis,
759 1739 828 1794 tam
857 1733 891 1794 in
918 1734 1112 1818 mantipiis⁸
1141 1757 1238 1820 quam
1267 1744 1299 1799 et
1325 1737 1359 1799 in
1388 1735 1546 1800 aedificiis
1573 1733 1743 1800 curtilibus
1768 1729 1876 1794 terris
1904 1720 2016 1786 cultis
2042 1723 2077 1778 et

380 1829 513 1895 incultis
536 1833 597 1896 viis
621 1842 653 1895 et
675 1833 771 1896 inviis
795 1831 939 1897 exitibus
962 1844 995 1898 et
1016 1836 1173 1902 reditibus
1196 1839 1352 1923 quaesitis
1376 1848 1409 1901 et
1429 1837 1630 1924 inquirendis
1656 1839 1761 1922 pratis
1790 1829 1948 1918 pascuis
1975 1821 2077 1886 Silvis

382 1935 477 2018 aquis
502 1956 703 2018 aquarumve
722 1934 916 2000 decursibus
932 1935 1128 2003 molendinis
1143 1938 1318 2004 mobilibus
1337 1949 1369 2004 et
1387 1938 1596 2004 inmobilibus
1616 1962 1673 2003 seu
1692 1939 1956 2015 cuiuscumque
1978 1919 2077 1988 modi

380 2035 533 2100 utilitatis
556 2035 600 2099 ad
621 2045 771 2101 nostrum
794 2039 844 2102 ius
867 2037 989 2104 habere
1011 2040 1194 2127 videbatur,
1218 2066 1293 2107 cum
1316 2045 1403 2108 omni
1426 2045 1610 2127 integritate
1632 2041 1820 2128 praedictis
1847 2027 2076 2100 monialibus
2100 2031 2128 2076 ¹5

381 2138 578 2222 donavimus
602 2147 634 2202 et
658 2138 718 2204 sub
741 2151 901 2225 perpetua
930 2147 1118 2209 emunitatis
1147 2145 1301 2212 nostraes
1328 2149 1464 2210 tuitione
1493 2145 1753 2226 essevolumus,
1790 2144 1846 2205 ita
1879 2147 1923 2202 ut
1956 2129 2079 2196 nullus

380 2252 494 2305 noster
516 2241 616 2305 iudex
639 2251 695 2306 aut
717 2243 869 2328 publicus
891 2246 964 2308 fisci
987 2257 1125 2312 exactor
1146 2272 1205 2313 nec
1228 2273 1294 2314 non
1317 2251 1389 2334 ipsa
1411 2248 1579 2313 abbatissa
1597 2247 1649 2312 vel
1670 2245 1870 2310 advocatus
1893 2237 1957 2302 vel
1984 2234 2079 2298 alius

380 2343 501 2428 aliquis
524 2347 807 2428 praenominatam
830 2356 954 2411 curtem
977 2350 1103 2432 ingredi
1126 2350 1247 2415 audeat
1266 2361 1348 2416 aut⁸
1368 2350 1478 2416 fredas
1494 2351 1671 2434 exigendas
1686 2358 1746 2414 aut
1762 2353 1921 2433 paratas
1939 2340 2079 2404 facien-

379 2446 439 2511 das
464 2447 518 2510 vel
539 2446 727 2513 bominibus
758 2453 951 2535 praescripti
982 2456 1170 2517 monasterii
1198 2453 1278 2518 inibi
1307 2454 1530 2520 habitantibus
1560 2448 1845 2519 distructionem¹¹
1880 2440 2080 2530 ingerendi

377 2549 429 2615 vel
454 2549 546 2615 aliud
570 2551 649 2636 quid
671 2555 844 2637 potcstatis
867 2553 1041 2618 exercendi
1064 2553 1229 2620 licentiam
1250 2557 1379 2640 habeat,
1402 2559 1464 2621 uisi
1488 2556 1645 2620 moniales
1668 2564 1700 2619 et
1723 2552 1943 2639 praeposita
1966 2565 2080 2630 quam
2100 2552 2133 2600 2⁰

379 2652 441 2717 sibi
466 2654 559 2736 ipsae
582 2652 694 2717 utilem
717 2663 749 2717 et
771 2656 993 2718 necessariam
1016 2657 1168 2741 habeant,
1194 2662 1259 2723 suis
1274 2669 1310 2724 ut
1324 2657 1474 2724 libueriti
1496 2659 1609 2724 usibus
1633 2658 1808 2740 adiungat.
1825 2665 1840 2693 ⁸
1867 2653 1923 2717 Et
1945 2660 1989 2714 ut
2010 2649 2081 2712 hoc

379 2755 658 2822 corroborationis
673 2756 726 2820 vel
750 2760 957 2821 auctoritatis
980 2771 1112 2826 nostrae
1134 2772 1346 2847 praeceptum
1368 2763 1470 2826 lixum
1493 2772 1525 2826 et
1547 2758 1712 2826 immobile
1735 2763 1974 2842 permaneat,
2002 2773 2081 2814 car-

377 2867 446 2923 tam
470 2859 556 2922 hano
579 2860 743 2924 conscribi
768 2869 802 2924 et
824 2861 913 2924 anuli
936 2864 1037 2926 nostri
1059 2865 1273 2948 impressione
1294 2865 1416 2947 signari
1435 2865 1596 2944 iussimus,
1619 2884 1716 2946 quam
1734 2869 1769 2923 et
1787 2880 1906 2922 manu
1925 2853 2083 2940 propria

378 2963 495 3027 subtus
517 2963 729 3027 firmavimus.

481 3097 495 3180 ᾖ
518 3099 655 3183 Signum
679 3099 790 3163 domni
815 3099 946 3165 Ottonis
972 3102 1061 3181 (MP.)
1085 3103 1197 3184 magni
1219 3110 1252 3165 et
1273 3103 1477 3166 invictissimi
1500 3101 1704 3185 imperatoris
1728 3097 1891 3180 augusti.
1919 3094 1936 3176 ᾗ
2102 3101 2137 3148 25

480 3199 682 3280 {Lintolfus
706 3202 923 3267 cancellarius
947 3202 1096 3268 advicem
1118 3203 1319 3269 Uuillihelmi
1343 3204 1618 3289 archicappellani
1644 3202 1845 3285 recognovi.
1881 3197 1898 3276 ᾖ
1934 3197 2083 3380 (SI(.S{5L))

481 3442 573 3507 Data
595 3441 663 3506 kal.
686 3452 781 3506 mart.
807 3464 894 3505 auno
918 3442 1102 3506 dominicae
1125 3445 1357 3507 incarnationis
1380 3460 1589 3525 Dccccsxm,
1619 3440 1805 3506 indictione
1831 3457 1946 3518 vnn,
1978 3457 2080 3501 anno

376 3548 469 3630 regni
493 3545 605 3608 domni
631 3543 762 3608 Ottonis
786 3533 889 3626 xxxi,
920 3546 1046 3628 imperii
1070 3554 1180 3608 autem
1203 3563 1241 3626 v;
1272 3555 1381 3610 actum
1403 3547 1590 3629 Diuspargo
1613 3541 1702 3627 quod
1725 3541 1925 3625 vulgaliter
1940 3551 1957 3578 ⁸
1990 3540 2082 3603 dici-

377 3669 451 3711 mus
474 3645 663 3728 Diusburg3
685 3647 720 3708 iu
742 3645 876 3709 domino
899 3642 1036 3709 feliciter
1059 3667 1165 3709 amen.
2103 3649 2139 3695 ³0

1164 3881 1249 3954 326.

387 4039 470 4116 Otto
495 4037 660 4134 bestdts'yt
685 4034 764 4107 dem
791 4034 955 4108 Battum
985 4033 1086 4110 Cbur
1112 4037 1189 4106 eise
1215 4062 1286 4106 voa
1317 4037 1386 4108 deos
1412 4035 1701 4133 Frcipelusssaen
1728 4033 1959 4107 Rambrelrt
1989 4033 2085 4107 und

387 4156 601 4232 Vodelbrebt
628 4155 808 4253 yemacltte
841 4150 1055 4251 Scheolmuq
1088 4155 1129 4225 iu
1160 4153 1383 4252 Kuppinpeu
1416 4155 1496 4226 aad
1528 4155 1586 4225 cita
1617 4153 1683 4223 mit
1713 4152 1913 4225 Adalbert
1953 4156 2080 4253 abys-

376 4280 587 4352 scttossenes
618 4273 923 4371 Taampesctust.
1509 4292 1710 4368 passima
1733 4295 1802 4352 ooo
1828 4292 1939 4366 apra
1963 4298 2027 4355 aa.

484 4479 739 4556 Oripinuldsplom
760 4480 804 4537 im
826 4478 1028 4548 bosolmflioheu
1042 4475 1152 4535 ΑνσΙιίυ
1167 4495 1208 4534 su
1224 4475 1307 4536 Ultor
1329 4476 1392 4554 (A).
1415 4510 1457 4519 —
1481 4475 1708 4535 Choreutae-tum
1731 4495 1893 4550 sueonum
1920 4500 1991 4540 aus
2019 4481 2082 4540 der
2101 4500 2139 4546 35

480 4588 575 4646 Mitte
596 4583 647 4642 des
669 4586 720 4642 15.
738 4581 792 4641 Jt.
816 4579 841 4649 s.
866 4583 909 4640 97
929 4579 1041 4638 abendo
1062 4577 1121 4655 (C).

482 4720 615 4784 (leobadi
633 4718 736 4778 Gallia
750 4720 866 4776 auara
880 4720 945 4775 317
959 4717 1007 4774 ott.
1030 4747 1075 4756 -
1099 4711 1283 4772 Grasdidier
1305 4715 1338 4770 tn
1359 4714 1543 4773 Wdrdtwein
1563 4713 1648 4772 Nova
1668 4715 1751 4772 subs.
1777 4719 1811 4785 3,
1839 4721 1918 4778 397
1942 4727 1984 4777 πθ
2003 4727 2079 4781 104

478 4842 538 4886 (ως
555 4821 582 4882 0
602 4845 642 4873 -.:
664 4821 801 4900 Nascon
819 4817 882 4875 01).
898 4816 991 4875 Alem.
1010 4820 1039 4885 1,
1057 4817 1119 4874 614
1140 4820 1176 4871 πθ
1190 4816 1253 4873 758
1268 4814 1354 4872 Estr.
1378 4847 1420 4858 —
1441 4816 1589 4875 Wrtemb.
1612 4815 1675 4874 ΠΒ.
1701 4821 1731 4884 1,
1748 4820 1821 4876 217
1844 4826 1886 4874 πθ
1906 4825 1983 4882 187
2010 4843 2080 4883 aus

478 4928 519 4987 A,
547 4958 591 4969 --
621 4924 712 4981 Mohr
735 4920 798 4981 01).
822 4920 910 4977 Raet.
933 4925 963 4989 1,
988 4919 1029 4977 86
1051 4923 1086 4974 a⁰
1109 4919 1147 4974 61
1172 4932 1228 4974 aas
1250 4912 1288 4973 A.
1317 4948 1360 4956 -
1387 4916 1515 4975 Bohmer
1535 4918 1609 4989 Res.
1631 4920 1705 4976 318.
1735 4951 1780 4960 -
1812 4919 1966 4995 Stampf
1988 4927 2078 5000 Ray,

478 5034 554 5091 403.
579 5059 625 5070 —
646 5025 762 5083 Hiduer
783 5022 858 5094 Req.
881 5023 976 5080 1085.
2100 5040 2139 5087 40

477 5165 568 5227 Naris
590 5161 657 5220 dem
677 5160 799 5218 Dictate
822 5156 872 5214 des
893 5155 959 5213 LE.
981 5151 1169 5226 paraneten
1189 5167 1245 5208 oon
1265 5148 1338 5220 LO„
1361 5151 1482 5223 wmauf
1492 5151 1572 5221 LK„
1594 5153 1715 5212 wekhsr
1729 5158 1811 5214 auch
1831 5159 1888 5218 die
1905 5162 2081 5238 Fossunq

476 5272 530 5330 der
554 5264 711 5327 struem
732 5259 905 5330 scanderat
926 5258 1020 5316 habea
1042 5253 1119 5312 ua'rd
1142 5251 1207 5330 (tvl.
1222 5252 1288 5311 DO.
1305 5253 1391 5330 318),
1414 5255 1469 5312 dus
1489 5255 1822 5328 Rsooyoitionsaeiclwn
1846 5262 2077 5340 himfaqae,

462 5453 523 5508 325.
553 5445 651 5517 [Foltz]
756 5446 782 5508 a)
798 5441 824 5493 Α
923 5441 951 5500 b)
969 5456 1036 5490 corr.
1054 5455 1102 5488 aru
1119 5439 1266 5502 prsentium
1360 5438 1385 5500 c)
1403 5435 1464 5486 tiber
1480 5435 1527 5486 de
1543 5435 1613 5486 Zeita
1628 5437 1825 5503 mmmm
1937 5448 1974 5510 d)
1996 5467 2076 5503 m·

550 5533 600 5568 aru
619 5521 646 5564 et
732 5514 757 5574 e)
777 5509 879 5561 Hooldi
891 5537 924 5545 -
936 5509 1083 5572 Borhtergo
1102 5506 1131 5554 in
1147 5504 1329 5569 wrpvvnylet
1340 5504 1540 5567 fraqelosscnsn
1559 5504 1643 5554 Reum
1658 5504 1860 5571 magma-093,
1968 5517 1995 5576 f)
2017 5535 2079 5569 m
2176 5519 2178 5524 ,

551 5583 613 5636 LK.
632 5587 682 5630 erat
699 5579 768 5629 noch
792 5578 915 5628 volumus
936 5573 1098 5641 partricem
1120 5572 1175 5622 mid
1191 5573 1273 5622 durch
1291 5572 1561 5633 vesanensem
1582 5573 1623 5620 alr
1646 5572 1735 5621 hiatur
1755 5575 1876 5641 ysam-q
1904 5583 2036 5636 gamm
2058 5595 2079 5638 η
2098 5585 2138 5632 45

550 5659 580 5722 g)
599 5651 623 5700 A
640 5656 702 5698 σωκ
724 5650 759 5700 ad
866 5647 893 5709 h)
912 5645 934 5693 A
953 5649 1014 5692 stau
1032 5643 1221 5691 districtionem
1324 5641 1344 5703 i)
1362 5656 1380 5687 ιι
1396 5639 1457 5687 dher
1473 5639 1520 5687 dar
1536 5639 1604 5688 Zella
1623 5639 1826 5704 noctque-aym,
