<?xml version="1.0" encoding="UTF-8"?>
<!DOCTYPE html PUBLIC "-//W3C//DTD XHTML 1.0 Transitional//EN"
    "http://www.w3.org/TR/xhtml1/DTD/xhtml1-transitional.dtd">
<html xmlns="http://www.w3.org/1999/xhtml" xml:lang="en" lang="en">
 <head>
  <title>
</title>
<meta http-equiv="Content-Type" content="text/html;charset=utf-8" />
  <meta name='ocr-system' content='tesseract 3.04.00' />
  <meta name='ocr-capabilities' content='ocr_page ocr_carea ocr_par ocr_line ocrx_word'/>
</head>
<body>
  <div class='ocr_page' id='page_1' title='image "./monumentagerman00gescgoog/monumentagerman00gescgoog_0502.png"; bbox 0 0 4530 6434; ppageno 0'>
   <div class='ocr_carea' id='block_1_1' title="bbox 880 413 1839 481">
    <p class='ocr_par' dir='ltr' id='par_1_1' title="bbox 880 413 1839 481">
     <span class='ocr_line' id='line_1_1' title="bbox 880 413 1839 481; baseline -0.004 0"><span class='ocrx_word' id='word_1_1' title='bbox 880 422 1008 481; x_wconf 73' lang='lat' dir='ltr'><strong>0&#39;r&#39;ro</strong></span> <span class='ocrx_word' id='word_1_2' title='bbox 1030 423 1054 479; x_wconf 92' lang='grc' dir='ltr'><strong>Ι.</strong></span> <span class='ocrx_word' id='word_1_3' title='bbox 1079 419 1150 478; x_wconf 83' lang='grc'><strong>967.</strong></span> <span class='ocrx_word' id='word_1_4' title='bbox 1775 413 1839 478; x_wconf 81' lang='grc'><strong>473</strong></span> 
     </span>
    </p>
   </div>
   <div class='ocr_carea' id='block_1_2' title="bbox 290 605 1839 988">
    <p class='ocr_par' dir='ltr' id='par_1_2' title="bbox 290 605 1839 988">
     <span class='ocr_line' id='line_1_2' title="bbox 290 605 1839 680; baseline 0.001 -15"><span class='ocrx_word' id='word_1_5' title='bbox 290 608 470 667; x_wconf 77' lang='lat' dir='ltr'><strong>Ausserholb</strong></span> <span class='ocrx_word' id='word_1_6' title='bbox 493 607 546 666; x_wconf 82' lang='lat' dir='ltr'><strong>der</strong></span> <span class='ocrx_word' id='word_1_7' title='bbox 568 607 695 666; x_wconf 75' lang='lat' dir='ltr'><strong>Kanslrr&#39;</strong></span> <span class='ocrx_word' id='word_1_8' title='bbox 716 607 852 678; x_wconf 61' lang='lat' dir='ltr'><strong>certmst,</strong></span> <span class='ocrx_word' id='word_1_9' title='bbox 876 608 948 665; x_wconf 85' lang='lat' dir='ltr'><strong>aber</strong></span> <span class='ocrx_word' id='word_1_10' title='bbox 968 605 1189 676; x_wconf 76' lang='lat' dir='ltr'><strong>mabedenklicb,</strong></span> <span class='ocrx_word' id='word_1_11' title='bbox 1214 605 1254 665; x_wconf 82' lang='lat' dir='ltr'><strong>da</strong></span> <span class='ocrx_word' id='word_1_12' title='bbox 1276 607 1322 664; x_wconf 82' lang='lat' dir='ltr'><strong>bei</strong></span> <span class='ocrx_word' id='word_1_13' title='bbox 1344 608 1489 680; x_wconf 73' lang='lat' dir='ltr'><strong>amastiprr</strong></span> <span class='ocrx_word' id='word_1_14' title='bbox 1503 607 1681 680; x_wconf 70' lang='lat' dir='ltr'><strong>Rictuipkcs&#39;t</strong></span> <span class='ocrx_word' id='word_1_15' title='bbox 1700 607 1749 665; x_wconf 80' lang='lat' dir='ltr'><strong>des</strong></span> <span class='ocrx_word' id='word_1_16' title='bbox 1764 609 1839 666; x_wconf 90' lang='lat' dir='ltr'><strong>Pro-</strong></span> 
     </span>
     <span class='ocr_line' id='line_1_3' title="bbox 292 709 1839 784; baseline -0.001 -15"><span class='ocrx_word' id='word_1_17' title='bbox 292 712 394 770; x_wconf 78' lang='lat' dir='ltr'><strong>tokolls</strong></span> <span class='ocrx_word' id='word_1_18' title='bbox 410 712 459 770; x_wconf 82' lang='lat' dir='ltr'><strong>die</strong></span> <span class='ocrx_word' id='word_1_19' title='bbox 474 712 678 784; x_wconf 75' lang='lat' dir='ltr'><strong>Erroriterwnp</strong></span> <span class='ocrx_word' id='word_1_20' title='bbox 694 711 744 769; x_wconf 84' lang='lat' dir='ltr'><strong>des</strong></span> <span class='ocrx_word' id='word_1_21' title='bbox 763 711 851 769; x_wconf 78' lang='lat' dir='ltr'><strong>Titrls</strong></span> <span class='ocrx_word' id='word_1_22' title='bbox 869 710 983 784; x_wconf 66' lang='lat' dir='ltr'><strong>suplicia</strong></span> <span class='ocrx_word' id='word_1_23' title='bbox 998 713 1092 768; x_wconf 75' lang='lat' dir='ltr'><strong>einum</strong></span> <span class='ocrx_word' id='word_1_24' title='bbox 1109 709 1246 784; x_wconf 80' lang='lat' dir='ltr'><strong>Oopistcn</strong></span> <span class='ocrx_word' id='word_1_25' title='bbox 1266 729 1325 770; x_wconf 76' lang='lat' dir='ltr'><strong>sur</strong></span> <span class='ocrx_word' id='word_1_26' title='bbox 1340 710 1415 769; x_wconf 80' lang='lat' dir='ltr'><strong>Luat</strong></span> <span class='ocrx_word' id='word_1_27' title='bbox 1434 711 1526 784; x_wconf 69' lang='lat' dir='ltr'><strong>pelope</strong></span> <span class='ocrx_word' id='word_1_28' title='bbox 1549 711 1665 770; x_wconf 81' lang='lat' dir='ltr'><strong>werdon</strong></span> <span class='ocrx_word' id='word_1_29' title='bbox 1687 711 1777 770; x_wconf 77' lang='lat' dir='ltr'><strong>kann.</strong></span> <span class='ocrx_word' id='word_1_30' title='bbox 1798 744 1839 752; x_wconf 90' lang='lat'><strong>-—</strong></span> 
     </span>
     <span class='ocr_line' id='line_1_4' title="bbox 295 813 1839 886; baseline 0 -14"><span class='ocrx_word' id='word_1_31' title='bbox 295 814 375 872; x_wconf 76' lang='lat' dir='ltr'><strong>Zroei</strong></span> <span class='ocrx_word' id='word_1_32' title='bbox 397 815 506 872; x_wconf 71' lang='lat' dir='ltr'><strong>undae</strong></span> <span class='ocrx_word' id='word_1_33' title='bbox 527 815 562 872; x_wconf 82' lang='lat' dir='ltr'><strong>in</strong></span> <span class='ocrx_word' id='word_1_34' title='bbox 582 814 682 872; x_wconf 77' lang='lat' dir='ltr'><strong>Mittit.</strong></span> <span class='ocrx_word' id='word_1_35' title='bbox 708 813 757 871; x_wconf 78' lang='lat' dir='ltr'><strong>des</strong></span> <span class='ocrx_word' id='word_1_36' title='bbox 780 819 881 873; x_wconf 74' lang='lat' dir='ltr'><strong>osterr.</strong></span> <span class='ocrx_word' id='word_1_37' title='bbox 906 815 1047 873; x_wconf 78' lang='lat' dir='ltr'><strong>Instituta</strong></span> <span class='ocrx_word' id='word_1_38' title='bbox 1061 816 1092 884; x_wconf 79' lang='lat'><strong>2,</strong></span> <span class='ocrx_word' id='word_1_39' title='bbox 1110 817 1153 872; x_wconf 85' lang='lat'><strong>97</strong></span> <span class='ocrx_word' id='word_1_40' title='bbox 1174 817 1208 871; x_wconf 66' lang='grc' dir='ltr'><strong>πθ</strong></span> <span class='ocrx_word' id='word_1_41' title='bbox 1224 817 1265 874; x_wconf 85' lang='grc'><strong>53</strong></span> <span class='ocrx_word' id='word_1_42' title='bbox 1287 815 1481 872; x_wconf 73' lang='lat' dir='ltr'><strong>serreiclmetr</strong></span> <span class='ocrx_word' id='word_1_43' title='bbox 1499 815 1609 886; x_wconf 74' lang='lat' dir='ltr'><strong>Copten</strong></span> <span class='ocrx_word' id='word_1_44' title='bbox 1623 817 1744 886; x_wconf 81' lang='lat' dir='ltr'><strong>erpebea</strong></span> <span class='ocrx_word' id='word_1_45' title='bbox 1758 815 1839 872; x_wconf 73' lang='lat' dir='ltr'><strong>nicht</strong></span> 
     </span>
     <span class='ocr_line' id='line_1_5' title="bbox 293 915 974 988; baseline 0.003 -14"><span class='ocrx_word' id='word_1_46' title='bbox 293 918 357 974; x_wconf 81' lang='lat' dir='ltr'><strong>eine</strong></span> <span class='ocrx_word' id='word_1_47' title='bbox 379 915 435 988; x_wconf 66' lang='grc' dir='ltr'><strong>[ἂν</strong></span> <span class='ocrx_word' id='word_1_48' title='bbox 457 916 512 976; x_wconf 82' lang='lat' dir='ltr'><strong>den</strong></span> <span class='ocrx_word' id='word_1_49' title='bbox 537 918 611 976; x_wconf 77' lang='lat' dir='ltr'><strong>Text</strong></span> <span class='ocrx_word' id='word_1_50' title='bbox 632 917 835 977; x_wconf 66' lang='lat' dir='ltr'><strong>omwcndbcre</strong></span> <span class='ocrx_word' id='word_1_51' title='bbox 858 917 974 977; x_wconf 78' lang='lat' dir='ltr'><strong>Lesart.</strong></span> 
     </span>
    </p>
   </div>
   <div class='ocr_carea' id='block_1_3' title="bbox 142 1119 1842 2653">
    <p class='ocr_par' dir='ltr' id='par_1_3' title="bbox 156 1119 1840 1621">
     <span class='ocr_line' id='line_1_6' title="bbox 156 1119 1837 1208; baseline 0.002 -25"><span class='ocrx_word' id='word_1_52' title='bbox 156 1137 172 1183; x_wconf 84' lang='lat' dir='ltr'><strong>o</strong></span> <span class='ocrx_word' id='word_1_53' title='bbox 395 1121 434 1184; x_wconf 96' lang='lat' dir='ltr'><strong>In</strong></span> <span class='ocrx_word' id='word_1_54' title='bbox 457 1123 588 1186; x_wconf 90' lang='lat' dir='ltr'><strong>nomine</strong></span> <span class='ocrx_word' id='word_1_55' title='bbox 612 1131 745 1186; x_wconf 88' lang='lat' dir='ltr'><strong>sanctae</strong></span> <span class='ocrx_word' id='word_1_56' title='bbox 769 1131 802 1187; x_wconf 87' lang='lat' dir='ltr'><strong>ct</strong></span> <span class='ocrx_word' id='word_1_57' title='bbox 824 1121 1012 1187; x_wconf 80' lang='lat' dir='ltr'><strong>individuae</strong></span> <span class='ocrx_word' id='word_1_58' title='bbox 1039 1123 1202 1188; x_wconf 78' lang='lat' dir='ltr'><strong>trinitatis.</strong></span> <span class='ocrx_word' id='word_1_59' title='bbox 1249 1121 1328 1187; x_wconf 85' lang='lat' dir='ltr'><strong>Otto</strong></span> <span class='ocrx_word' id='word_1_60' title='bbox 1359 1122 1410 1187; x_wconf 88' lang='lat' dir='ltr'><strong>dei</strong></span> <span class='ocrx_word' id='word_1_61' title='bbox 1440 1123 1546 1208; x_wconf 85' lang='lat' dir='ltr'><strong>gratia</strong></span> <span class='ocrx_word' id='word_1_62' title='bbox 1577 1119 1837 1207; x_wconf 82' lang='lat' dir='ltr'><strong>&lt;Romanorum&gt;</strong></span> 
     </span>
     <span class='ocr_line' id='line_1_7' title="bbox 189 1224 1839 1308; baseline 0.002 -23"><span class='ocrx_word' id='word_1_63' title='bbox 189 1224 367 1308; x_wconf 89' lang='lat' dir='ltr'><strong>imperator</strong></span> <span class='ocrx_word' id='word_1_64' title='bbox 395 1234 563 1307; x_wconf 86' lang='lat' dir='ltr'><strong>augustus.</strong></span> <span class='ocrx_word' id='word_1_65' title='bbox 665 1226 785 1290; x_wconf 91' lang='lat' dir='ltr'><strong>Parum</strong></span> <span class='ocrx_word' id='word_1_66' title='bbox 812 1224 923 1288; x_wconf 91' lang='lat' dir='ltr'><strong>valent</strong></span> <span class='ocrx_word' id='word_1_67' title='bbox 953 1224 1139 1289; x_wconf 89' lang='lat' dir='ltr'><strong>mundanae</strong></span> <span class='ocrx_word' id='word_1_68' title='bbox 1170 1224 1319 1308; x_wconf 87' lang='lat' dir='ltr'><strong>divitiae,</strong></span> <span class='ocrx_word' id='word_1_69' title='bbox 1352 1227 1414 1289; x_wconf 88' lang='lat' dir='ltr'><strong>nisi</strong></span> <span class='ocrx_word' id='word_1_70' title='bbox 1451 1227 1570 1290; x_wconf 89' lang='lat' dir='ltr'><strong>fuerint</strong></span> <span class='ocrx_word' id='word_1_71' title='bbox 1600 1229 1633 1289; x_wconf 92' lang='lat' dir='ltr'><strong>iu</strong></span> <span class='ocrx_word' id='word_1_72' title='bbox 1665 1226 1839 1291; x_wconf 80' lang='lat' dir='ltr'><strong>celestibus</strong></span> 
     </span>
     <span class='ocr_line' id='line_1_8' title="bbox 191 1326 1839 1414; baseline 0.001 -24"><span class='ocrx_word' id='word_1_73' title='bbox 191 1326 440 1411; x_wconf 77' lang='lat' dir='ltr'><strong>thesaurizatae,</strong></span> <span class='ocrx_word' id='word_1_74' title='bbox 463 1327 520 1391; x_wconf 92' lang='lat' dir='ltr'><strong>ubi</strong></span> <span class='ocrx_word' id='word_1_75' title='bbox 543 1351 602 1392; x_wconf 89' lang='lat' dir='ltr'><strong>nec</strong></span> <span class='ocrx_word' id='word_1_76' title='bbox 627 1351 726 1413; x_wconf 85' lang='lat' dir='ltr'><strong>erugo</strong></span> <span class='ocrx_word' id='word_1_77' title='bbox 750 1350 810 1393; x_wconf 89' lang='lat' dir='ltr'><strong>nee</strong></span> <span class='ocrx_word' id='word_1_78' title='bbox 834 1330 922 1392; x_wconf 86' lang='lat' dir='ltr'><strong>tinea</strong></span> <span class='ocrx_word' id='word_1_79' title='bbox 946 1327 1174 1392; x_wconf 88' lang='lat' dir='ltr'><strong>demoliuntur.</strong></span> <span class='ocrx_word' id='word_1_80' title='bbox 1214 1328 1287 1392; x_wconf 89' lang='lat' dir='ltr'><strong>Hoc</strong></span> <span class='ocrx_word' id='word_1_81' title='bbox 1311 1332 1410 1392; x_wconf 86' lang='lat' dir='ltr'><strong>etiarn</strong></span> <span class='ocrx_word' id='word_1_82' title='bbox 1428 1337 1604 1414; x_wconf 87' lang='lat' dir='ltr'><strong>pensantes</strong></span> <span class='ocrx_word' id='word_1_83' title='bbox 1621 1351 1679 1413; x_wconf 91' lang='lat' dir='ltr'><strong>pro</strong></span> <span class='ocrx_word' id='word_1_84' title='bbox 1696 1329 1839 1394; x_wconf 87' lang='lat' dir='ltr'><strong>remedio</strong></span> 
     </span>
     <span class='ocr_line' id='line_1_9' title="bbox 191 1423 1840 1517; baseline 0.001 -24"><span class='ocrx_word' id='word_1_85' title='bbox 191 1431 320 1494; x_wconf 87' lang='lat' dir='ltr'><strong>animae</strong></span> <span class='ocrx_word' id='word_1_86' title='bbox 342 1439 475 1495; x_wconf 87' lang='lat' dir='ltr'><strong>nostrae</strong></span> <span class='ocrx_word' id='word_1_87' title='bbox 498 1454 558 1495; x_wconf 86' lang='lat' dir='ltr'><strong>nec</strong></span> <span class='ocrx_word' id='word_1_88' title='bbox 582 1455 648 1496; x_wconf 92' lang='lat' dir='ltr'><strong>non</strong></span> <span class='ocrx_word' id='word_1_89' title='bbox 671 1442 704 1496; x_wconf 91' lang='lat' dir='ltr'><strong>et</strong></span> <span class='ocrx_word' id='word_1_90' title='bbox 726 1441 897 1517; x_wconf 89' lang='lat' dir='ltr'><strong>parentum</strong></span> <span class='ocrx_word' id='word_1_91' title='bbox 920 1440 1105 1496; x_wconf 89' lang='lat' dir='ltr'><strong>nostrorum</strong></span> <span class='ocrx_word' id='word_1_92' title='bbox 1128 1429 1299 1495; x_wconf 88' lang='lat' dir='ltr'><strong>castellum</strong></span> <span class='ocrx_word' id='word_1_93' title='bbox 1330 1431 1418 1517; x_wconf 91' lang='lat' dir='ltr'><strong>quod</strong></span> <span class='ocrx_word' id='word_1_94' title='bbox 1441 1443 1578 1497; x_wconf 87' lang='lat' dir='ltr'><strong>vocatur</strong></span> <span class='ocrx_word' id='word_1_95' title='bbox 1600 1423 1840 1496; x_wconf 87' lang='lat' dir='ltr'><strong>Romanianum</strong></span> 
     </span>
     <span class='ocr_line' id='line_1_10' title="bbox 191 1531 1840 1621; baseline 0.002 -26"><span class='ocrx_word' id='word_1_96' title='bbox 191 1554 265 1596; x_wconf 90' lang='lat' dir='ltr'><strong>cum</strong></span> <span class='ocrx_word' id='word_1_97' title='bbox 289 1531 398 1598; x_wconf 93' lang='lat' dir='ltr'><strong>liberis</strong></span> <span class='ocrx_word' id='word_1_98' title='bbox 421 1533 606 1598; x_wconf 87' lang='lat' dir='ltr'><strong>bominibus</strong></span> <span class='ocrx_word' id='word_1_99' title='bbox 623 1535 678 1618; x_wconf 92' lang='lat' dir='ltr'><strong>qui</strong></span> <span class='ocrx_word' id='word_1_100' title='bbox 696 1534 794 1618; x_wconf 85' lang='lat' dir='ltr'><strong>vulgo</strong></span> <span class='ocrx_word' id='word_1_101' title='bbox 815 1534 995 1600; x_wconf 81' lang='lat' dir='ltr'><strong>herimanni</strong></span> <span class='ocrx_word' id='word_1_102' title='bbox 1009 1545 1023 1574; x_wconf 83' lang='lat'>⁸</span> <span class='ocrx_word' id='word_1_103' title='bbox 1044 1534 1206 1617; x_wconf 85' lang='lat' dir='ltr'><strong>dicuntur,</strong></span> <span class='ocrx_word' id='word_1_104' title='bbox 1231 1538 1398 1621; x_wconf 80' lang='lat' dir='ltr'><strong>qui-prius</strong></span> <span class='ocrx_word' id='word_1_105' title='bbox 1421 1537 1464 1600; x_wconf 90' lang='lat' dir='ltr'><strong>ed</strong></span> <span class='ocrx_word' id='word_1_106' title='bbox 1486 1546 1634 1601; x_wconf 88' lang='lat' dir='ltr'><strong>nostrum</strong></span> <span class='ocrx_word' id='word_1_107' title='bbox 1658 1537 1840 1601; x_wconf 90' lang='lat' dir='ltr'><strong>districtum</strong></span> 
     </span>
    </p>

    <p class='ocr_par' dir='ltr' id='par_1_4' title="bbox 142 1637 1841 2138">
     <span class='ocr_line' id='line_1_11' title="bbox 142 1637 1839 1725; baseline 0.004 -29"><span class='ocrx_word' id='word_1_108' title='bbox 142 1649 174 1697; x_wconf 87' lang='lat'><strong>10</strong></span> <span class='ocrx_word' id='word_1_109' title='bbox 191 1637 426 1722; x_wconf 76' lang='lat' dir='ltr'><strong>respiciebant,</strong></span> <span class='ocrx_word' id='word_1_110' title='bbox 461 1660 535 1702; x_wconf 87' lang='lat' dir='ltr'><strong>curn</strong></span> <span class='ocrx_word' id='word_1_111' title='bbox 560 1639 710 1704; x_wconf 90' lang='lat' dir='ltr'><strong>omnibus</strong></span> <span class='ocrx_word' id='word_1_112' title='bbox 732 1639 830 1705; x_wconf 86' lang='lat' dir='ltr'><strong>rebus</strong></span> <span class='ocrx_word' id='word_1_113' title='bbox 853 1639 982 1706; x_wconf 88' lang='lat' dir='ltr'><strong>illorum</strong></span> <span class='ocrx_word' id='word_1_114' title='bbox 1004 1639 1073 1706; x_wconf 86' lang='lat' dir='ltr'><strong>adb</strong></span> <span class='ocrx_word' id='word_1_115' title='bbox 1103 1663 1138 1705; x_wconf 90' lang='lat' dir='ltr'><strong>se</strong></span> <span class='ocrx_word' id='word_1_116' title='bbox 1168 1639 1406 1725; x_wconf 87' lang='lat' dir='ltr'><strong>pertinentibus</strong></span> <span class='ocrx_word' id='word_1_117' title='bbox 1435 1662 1492 1704; x_wconf 89' lang='lat' dir='ltr'><strong>seu</strong></span> <span class='ocrx_word' id='word_1_118' title='bbox 1520 1640 1705 1704; x_wconf 90' lang='lat' dir='ltr'><strong>cumomni</strong></span> <span class='ocrx_word' id='word_1_119' title='bbox 1730 1638 1839 1703; x_wconf 89' lang='lat' dir='ltr'><strong>debito</strong></span> 
     </span>
     <span class='ocr_line' id='line_1_12' title="bbox 192 1741 1841 1830; baseline -0.001 -24"><span class='ocrx_word' id='word_1_120' title='bbox 192 1741 393 1806; x_wconf 83' lang='lat' dir='ltr'><strong>districtione</strong></span> <span class='ocrx_word' id='word_1_121' title='bbox 417 1751 449 1806; x_wconf 84' lang='lat' dir='ltr'><strong>et</strong></span> <span class='ocrx_word' id='word_1_122' title='bbox 472 1745 600 1807; x_wconf 88' lang='lat' dir='ltr'><strong>actione</strong></span> <span class='ocrx_word' id='word_1_123' title='bbox 624 1753 721 1830; x_wconf 89' lang='lat' dir='ltr'><strong>atque</strong></span> <span class='ocrx_word' id='word_1_124' title='bbox 744 1743 898 1829; x_wconf 81' lang='lat' dir='ltr'><strong>placitisc</strong></span> <span class='ocrx_word' id='word_1_125' title='bbox 926 1747 1028 1810; x_wconf 91' lang='lat' dir='ltr'><strong>nostri</strong></span> <span class='ocrx_word' id='word_1_126' title='bbox 1053 1754 1085 1809; x_wconf 92' lang='lat' dir='ltr'><strong>et</strong></span> <span class='ocrx_word' id='word_1_127' title='bbox 1108 1745 1237 1809; x_wconf 85' lang='lat' dir='ltr'><strong>comitis</strong></span> <span class='ocrx_word' id='word_1_128' title='bbox 1261 1751 1376 1807; x_wconf 89' lang='lat' dir='ltr'><strong>sancto</strong></span> <span class='ocrx_word' id='word_1_129' title='bbox 1400 1743 1527 1808; x_wconf 90' lang='lat' dir='ltr'><strong>Zenoni</strong></span> <span class='ocrx_word' id='word_1_130' title='bbox 1550 1742 1593 1808; x_wconf 85' lang='lat' dir='ltr'><strong>ad</strong></span> <span class='ocrx_word' id='word_1_131' title='bbox 1617 1765 1748 1807; x_wconf 89' lang='lat' dir='ltr'><strong>suorum</strong></span> <span class='ocrx_word' id='word_1_132' title='bbox 1770 1765 1841 1826; x_wconf 87' lang='lat' dir='ltr'><strong>pre-</strong></span> 
     </span>
     <span class='ocr_line' id='line_1_13' title="bbox 191 1843 1840 1932; baseline 0 -24"><span class='ocrx_word' id='word_1_133' title='bbox 191 1843 333 1909; x_wconf 88' lang='lat' dir='ltr'><strong>bendam</strong></span> <span class='ocrx_word' id='word_1_134' title='bbox 361 1845 597 1910; x_wconf 89' lang='lat' dir='ltr'><strong>monachorum</strong></span> <span class='ocrx_word' id='word_1_135' title='bbox 624 1846 785 1911; x_wconf 89' lang='lat' dir='ltr'><strong>donamus</strong></span> <span class='ocrx_word' id='word_1_136' title='bbox 816 1856 848 1912; x_wconf 92' lang='lat' dir='ltr'><strong>et</strong></span> <span class='ocrx_word' id='word_1_137' title='bbox 877 1850 1115 1932; x_wconf 86' lang='lat' dir='ltr'><strong>proprietamus</strong></span> <span class='ocrx_word' id='word_1_138' title='bbox 1145 1847 1358 1911; x_wconf 87' lang='lat' dir='ltr'><strong>elemosinam</strong></span> <span class='ocrx_word' id='word_1_139' title='bbox 1370 1843 1393 1927; x_wconf 53' lang='grc' dir='ltr'><strong>ἃ,</strong></span> <span class='ocrx_word' id='word_1_140' title='bbox 1428 1867 1468 1909; x_wconf 88' lang='lat' dir='ltr'><strong>ee</strong></span> <span class='ocrx_word' id='word_1_141' title='bbox 1498 1846 1623 1910; x_wconf 90' lang='lat' dir='ltr'><strong>scilicet</strong></span> <span class='ocrx_word' id='word_1_142' title='bbox 1650 1847 1776 1910; x_wconf 87' lang='lat' dir='ltr'><strong>ratione</strong></span> <span class='ocrx_word' id='word_1_143' title='bbox 1805 1856 1840 1909; x_wconf 91' lang='lat' dir='ltr'><strong>ut</strong></span> 
     </span>
     <span class='ocr_line' id='line_1_14' title="bbox 191 1945 1841 2036; baseline -0.001 -24"><span class='ocrx_word' id='word_1_144' title='bbox 191 1945 331 2032; x_wconf 88' lang='lat' dir='ltr'><strong>posthac</strong></span> <span class='ocrx_word' id='word_1_145' title='bbox 353 1970 414 2012; x_wconf 87' lang='lat' dir='ltr'><strong>nec</strong></span> <span class='ocrx_word' id='word_1_146' title='bbox 433 1948 578 2013; x_wconf 91' lang='lat' dir='ltr'><strong>marchio</strong></span> <span class='ocrx_word' id='word_1_147' title='bbox 602 1972 663 2013; x_wconf 86' lang='lat' dir='ltr'><strong>nec</strong></span> <span class='ocrx_word' id='word_1_148' title='bbox 685 1971 795 2014; x_wconf 86' lang='lat' dir='ltr'><strong>eomes</strong></span> <span class='ocrx_word' id='word_1_149' title='bbox 818 1972 879 2014; x_wconf 92' lang='lat' dir='ltr'><strong>nec</strong></span> <span class='ocrx_word' id='word_1_150' title='bbox 902 1950 998 2015; x_wconf 91' lang='lat' dir='ltr'><strong>ullius</strong></span> <span class='ocrx_word' id='word_1_151' title='bbox 1022 1952 1194 2036; x_wconf 85' lang='lat' dir='ltr'><strong>potestatis</strong></span> <span class='ocrx_word' id='word_1_152' title='bbox 1218 1971 1358 2034; x_wconf 87' lang='lat' dir='ltr'><strong>persona</strong></span> <span class='ocrx_word' id='word_1_153' title='bbox 1380 1947 1502 2013; x_wconf 88' lang='lat' dir='ltr'><strong>habeat</strong></span> <span class='ocrx_word' id='word_1_154' title='bbox 1524 1959 1718 2034; x_wconf 86' lang='lat' dir='ltr'><strong>potestatem</strong></span> <span class='ocrx_word' id='word_1_155' title='bbox 1741 1947 1841 2034; x_wconf 88' lang='lat' dir='ltr'><strong>placi-</strong></span> 
     </span>
     <span class='ocr_line' id='line_1_15' title="bbox 191 2050 1840 2138; baseline 0 -24"><span class='ocrx_word' id='word_1_156' title='bbox 191 2050 282 2114; x_wconf 88' lang='lat' dir='ltr'><strong>tandi</strong></span> <span class='ocrx_word' id='word_1_157' title='bbox 305 2051 472 2116; x_wconf 87' lang='lat' dir='ltr'><strong>auferendi</strong></span> <span class='ocrx_word' id='word_1_158' title='bbox 495 2062 552 2115; x_wconf 90' lang='lat' dir='ltr'><strong>aut</strong></span> <span class='ocrx_word' id='word_1_159' title='bbox 575 2052 640 2116; x_wconf 94' lang='lat' dir='ltr'><strong>ullo</strong></span> <span class='ocrx_word' id='word_1_160' title='bbox 665 2053 762 2117; x_wconf 91' lang='lat' dir='ltr'><strong>modo</strong></span> <span class='ocrx_word' id='word_1_161' title='bbox 787 2053 975 2117; x_wconf 86' lang='lat' dir='ltr'><strong>invadendi.</strong></span> <span class='ocrx_word' id='word_1_162' title='bbox 1020 2054 1054 2118; x_wconf 88' lang='lat' dir='ltr'><strong>Si</strong></span> <span class='ocrx_word' id='word_1_163' title='bbox 1076 2075 1172 2136; x_wconf 89' lang='lat' dir='ltr'><strong>veru,</strong></span> <span class='ocrx_word' id='word_1_164' title='bbox 1207 2051 1295 2138; x_wconf 90' lang='lat' dir='ltr'><strong>quod</strong></span> <span class='ocrx_word' id='word_1_165' title='bbox 1316 2053 1461 2116; x_wconf 86' lang='lat' dir='ltr'><strong>futurum</strong></span> <span class='ocrx_word' id='word_1_166' title='bbox 1487 2074 1552 2116; x_wconf 94' lang='lat' dir='ltr'><strong>non</strong></span> <span class='ocrx_word' id='word_1_167' title='bbox 1575 2050 1753 2133; x_wconf 88' lang='lat' dir='ltr'><strong>eredimus,</strong></span> <span class='ocrx_word' id='word_1_168' title='bbox 1783 2050 1840 2115; x_wconf 88' lang='lat' dir='ltr'><strong>ali-</strong></span> 
     </span>
    </p>

    <p class='ocr_par' dir='ltr' id='par_1_5' title="bbox 142 2154 1842 2653">
     <span class='ocr_line' id='line_1_16' title="bbox 142 2154 1841 2242; baseline -0.001 -22"><span class='ocrx_word' id='word_1_169' title='bbox 142 2174 174 2220; x_wconf 73' lang='lat'><strong>15</strong></span> <span class='ocrx_word' id='word_1_170' title='bbox 193 2155 264 2239; x_wconf 85' lang='lat' dir='ltr'><strong>quis</strong></span> <span class='ocrx_word' id='word_1_171' title='bbox 289 2154 356 2220; x_wconf 89' lang='lat' dir='ltr'><strong>dux</strong></span> <span class='ocrx_word' id='word_1_172' title='bbox 380 2176 489 2219; x_wconf 92' lang='lat' dir='ltr'><strong>comes</strong></span> <span class='ocrx_word' id='word_1_173' title='bbox 512 2155 682 2240; x_wconf 84' lang='lat' dir='ltr'><strong>gastaldus</strong></span> <span class='ocrx_word' id='word_1_174' title='bbox 707 2178 764 2221; x_wconf 92' lang='lat' dir='ltr'><strong>seu</strong></span> <span class='ocrx_word' id='word_1_175' title='bbox 788 2155 955 2241; x_wconf 75' lang='lat' dir='ltr'><strong>quelibet⁸</strong></span> <span class='ocrx_word' id='word_1_176' title='bbox 981 2155 1133 2240; x_wconf 89' lang='lat' dir='ltr'><strong>publicae</strong></span> <span class='ocrx_word' id='word_1_177' title='bbox 1157 2155 1447 2220; x_wconf 86' lang='lat' dir='ltr'><strong>administrationis</strong></span> <span class='ocrx_word' id='word_1_178' title='bbox 1470 2165 1527 2220; x_wconf 88' lang='lat' dir='ltr'><strong>aut</strong></span> <span class='ocrx_word' id='word_1_179' title='bbox 1549 2158 1678 2242; x_wconf 88' lang='lat' dir='ltr'><strong>privata</strong></span> <span class='ocrx_word' id='word_1_180' title='bbox 1700 2177 1841 2240; x_wconf 86' lang='lat' dir='ltr'><strong>persona</strong></span> 
     </span>
     <span class='ocr_line' id='line_1_17' title="bbox 193 2257 1842 2345; baseline 0.001 -24"><span class='ocrx_word' id='word_1_181' title='bbox 193 2265 306 2321; x_wconf 87' lang='lat' dir='ltr'><strong>contra</strong></span> <span class='ocrx_word' id='word_1_182' title='bbox 336 2258 444 2322; x_wconf 89' lang='lat' dir='ltr'><strong>omnia</strong></span> <span class='ocrx_word' id='word_1_183' title='bbox 475 2258 664 2343; x_wconf 88' lang='lat' dir='ltr'><strong>supradicta</strong></span> <span class='ocrx_word' id='word_1_184' title='bbox 691 2257 798 2323; x_wconf 89' lang='lat' dir='ltr'><strong>moliri</strong></span> <span class='ocrx_word' id='word_1_185' title='bbox 827 2258 952 2345; x_wconf 87' lang='lat' dir='ltr'><strong>aliquid</strong></span> <span class='ocrx_word' id='word_1_186' title='bbox 974 2262 1208 2344; x_wconf 87' lang='lat' dir='ltr'><strong>presumpserit</strong></span> <span class='ocrx_word' id='word_1_187' title='bbox 1230 2282 1288 2323; x_wconf 86' lang='lat' dir='ltr'><strong>seu</strong></span> <span class='ocrx_word' id='word_1_188' title='bbox 1313 2260 1490 2343; x_wconf 83' lang='lat' dir='ltr'><strong>infringere</strong></span> <span class='ocrx_word' id='word_1_189' title='bbox 1512 2259 1564 2324; x_wconf 87' lang='lat' dir='ltr'><strong>vel</strong></span> <span class='ocrx_word' id='word_1_190' title='bbox 1588 2282 1777 2345; x_wconf 86' lang='lat' dir='ltr'><strong>corumpere</strong></span> <span class='ocrx_word' id='word_1_191' title='bbox 1800 2281 1842 2323; x_wconf 90' lang='lat' dir='ltr'><strong>ex</strong></span> 
     </span>
     <span class='ocr_line' id='line_1_18' title="bbox 192 2361 1840 2448; baseline 0.001 -24"><span class='ocrx_word' id='word_1_192' title='bbox 192 2369 284 2445; x_wconf 86' lang='lat' dir='ltr'><strong>parte</strong></span> <span class='ocrx_word' id='word_1_193' title='bbox 314 2371 371 2425; x_wconf 88' lang='lat' dir='ltr'><strong>eut</strong></span> <span class='ocrx_word' id='word_1_194' title='bbox 399 2384 442 2424; x_wconf 83' lang='lat' dir='ltr'><strong>ex</strong></span> <span class='ocrx_word' id='word_1_195' title='bbox 471 2371 540 2425; x_wconf 90' lang='lat' dir='ltr'><strong>toto</strong></span> <span class='ocrx_word' id='word_1_196' title='bbox 569 2364 792 2448; x_wconf 86' lang='lat' dir='ltr'><strong>temptaverit,</strong></span> <span class='ocrx_word' id='word_1_197' title='bbox 827 2365 911 2426; x_wconf 87' lang='lat' dir='ltr'><strong>sciat</strong></span> <span class='ocrx_word' id='word_1_198' title='bbox 940 2385 974 2427; x_wconf 92' lang='lat' dir='ltr'><strong>se</strong></span> <span class='ocrx_word' id='word_1_199' title='bbox 1003 2366 1260 2448; x_wconf 86' lang='lat' dir='ltr'><strong>compositurum</strong></span> <span class='ocrx_word' id='word_1_200' title='bbox 1283 2363 1371 2428; x_wconf 92' lang='lat' dir='ltr'><strong>mille</strong></span> <span class='ocrx_word' id='word_1_201' title='bbox 1393 2361 1595 2429; x_wconf 79' lang='lat' dir='ltr'><strong>mancusosf</strong></span> <span class='ocrx_word' id='word_1_202' title='bbox 1621 2366 1692 2429; x_wconf 87' lang='lat' dir='ltr'><strong>auri</strong></span> <span class='ocrx_word' id='word_1_203' title='bbox 1716 2363 1840 2445; x_wconf 89' lang='lat' dir='ltr'><strong>obrizii,</strong></span> 
     </span>
     <span class='ocr_line' id='line_1_19' title="bbox 193 2461 1841 2554; baseline 0.001 -26"><span class='ocrx_word' id='word_1_204' title='bbox 193 2462 400 2529; x_wconf 84' lang='lat' dir='ltr'><strong>medietatem</strong></span> <span class='ocrx_word' id='word_1_205' title='bbox 429 2485 578 2529; x_wconf 86' lang='lat' dir='ltr'><strong>camerae</strong></span> <span class='ocrx_word' id='word_1_206' title='bbox 607 2475 738 2530; x_wconf 87' lang='lat' dir='ltr'><strong>nostrae</strong></span> <span class='ocrx_word' id='word_1_207' title='bbox 768 2476 800 2530; x_wconf 87' lang='lat' dir='ltr'><strong>et</strong></span> <span class='ocrx_word' id='word_1_208' title='bbox 828 2461 1037 2530; x_wconf 85' lang='lat' dir='ltr'><strong>medietatem</strong></span> <span class='ocrx_word' id='word_1_209' title='bbox 1065 2469 1131 2531; x_wconf 89' lang='lat' dir='ltr'><strong>iam</strong></span> <span class='ocrx_word' id='word_1_210' title='bbox 1158 2464 1246 2531; x_wconf 91' lang='lat' dir='ltr'><strong>dicto</strong></span> <span class='ocrx_word' id='word_1_211' title='bbox 1270 2469 1467 2532; x_wconf 86' lang='lat' dir='ltr'><strong>monasterio</strong></span> <span class='ocrx_word' id='word_1_212' title='bbox 1493 2469 1599 2554; x_wconf 83' lang='lat' dir='ltr'><strong>sancti</strong></span> <span class='ocrx_word' id='word_1_213' title='bbox 1623 2467 1781 2548; x_wconf 83' lang='lat' dir='ltr'><strong>Zenonis,</strong></span> <span class='ocrx_word' id='word_1_214' title='bbox 1814 2469 1841 2530; x_wconf 90' lang='lat' dir='ltr'><strong>si</strong></span> 
     </span>
     <span class='ocr_line' id='line_1_20' title="bbox 196 2566 1842 2653; baseline 0.002 -23"><span class='ocrx_word' id='word_1_215' title='bbox 196 2566 247 2651; x_wconf 79' lang='lat' dir='ltr'><strong>[ei]</strong></span> <span class='ocrx_word' id='word_1_216' title='bbox 279 2567 389 2653; x_wconf 86' lang='lat' dir='ltr'><strong>aliqua</strong></span> <span class='ocrx_word' id='word_1_217' title='bbox 417 2570 658 2632; x_wconf 85' lang='lat' dir='ltr'><strong>contrarietatis</strong></span> <span class='ocrx_word' id='word_1_218' title='bbox 688 2569 844 2634; x_wconf 88' lang='lat' dir='ltr'><strong>violentia</strong></span> <span class='ocrx_word' id='word_1_219' title='bbox 866 2568 959 2634; x_wconf 88' lang='lat' dir='ltr'><strong>illata</strong></span> <span class='ocrx_word' id='word_1_220' title='bbox 980 2571 1086 2635; x_wconf 76' lang='lat' dir='ltr'><strong>filerit.</strong></span> <span class='ocrx_word' id='word_1_221' title='bbox 1130 2571 1174 2634; x_wconf 87' lang='lat' dir='ltr'><strong>Et</strong></span> <span class='ocrx_word' id='word_1_222' title='bbox 1196 2581 1232 2635; x_wconf 90' lang='lat' dir='ltr'><strong>ut</strong></span> <span class='ocrx_word' id='word_1_223' title='bbox 1253 2571 1316 2636; x_wconf 91' lang='lat' dir='ltr'><strong>boc</strong></span> <span class='ocrx_word' id='word_1_224' title='bbox 1340 2574 1520 2636; x_wconf 87' lang='lat' dir='ltr'><strong>certissime</strong></span> <span class='ocrx_word' id='word_1_225' title='bbox 1543 2570 1695 2636; x_wconf 87' lang='lat' dir='ltr'><strong>credatur</strong></span> <span class='ocrx_word' id='word_1_226' title='bbox 1717 2581 1749 2636; x_wconf 90' lang='lat' dir='ltr'><strong>et</strong></span> <span class='ocrx_word' id='word_1_227' title='bbox 1772 2570 1842 2634; x_wconf 90' lang='lat' dir='ltr'><strong>dili-</strong></span> 
     </span>
    </p>
   </div>
   <div class='ocr_carea' id='block_1_4' title="bbox 143 2670 1841 2840">
    <p class='ocr_par' dir='ltr' id='par_1_6' title="bbox 143 2670 1841 2840">
     <span class='ocr_line' id='line_1_21' title="bbox 143 2670 1841 2758; baseline 0.002 -26"><span class='ocrx_word' id='word_1_228' title='bbox 143 2685 176 2732; x_wconf 82' lang='lat'><strong>20</strong></span> <span class='ocrx_word' id='word_1_229' title='bbox 194 2672 322 2754; x_wconf 83' lang='lat' dir='ltr'><strong>gentius</strong></span> <span class='ocrx_word' id='word_1_230' title='bbox 354 2670 559 2749; x_wconf 86' lang='lat' dir='ltr'><strong>observetur,</strong></span> <span class='ocrx_word' id='word_1_231' title='bbox 596 2694 693 2738; x_wconf 89' lang='lat' dir='ltr'><strong>manu</strong></span> <span class='ocrx_word' id='word_1_232' title='bbox 722 2676 855 2758; x_wconf 91' lang='lat' dir='ltr'><strong>propria</strong></span> <span class='ocrx_word' id='word_1_233' title='bbox 882 2673 1111 2748; x_wconf 85' lang='lat' dir='ltr'><strong>roboravimus</strong></span> <span class='ocrx_word' id='word_1_234' title='bbox 1142 2683 1174 2739; x_wconf 89' lang='lat' dir='ltr'><strong>et</strong></span> <span class='ocrx_word' id='word_1_235' title='bbox 1203 2673 1292 2739; x_wconf 89' lang='lat' dir='ltr'><strong>anuli</strong></span> <span class='ocrx_word' id='word_1_236' title='bbox 1322 2675 1423 2739; x_wconf 89' lang='lat' dir='ltr'><strong>nostri</strong></span> <span class='ocrx_word' id='word_1_237' title='bbox 1453 2674 1666 2758; x_wconf 88' lang='lat' dir='ltr'><strong>impressione</strong></span> <span class='ocrx_word' id='word_1_238' title='bbox 1695 2674 1841 2758; x_wconf 86' lang='lat' dir='ltr'><strong>insigniri</strong></span> 
     </span>
     <span class='ocr_line' id='line_1_22' title="bbox 194 2797 358 2840; baseline 0.006 -3"><span class='ocrx_word' id='word_1_239' title='bbox 194 2797 358 2840; x_wconf 83' lang='lat' dir='ltr'><strong>russrmus.</strong></span> 
     </span>
    </p>
   </div>
   <div class='ocr_carea' id='block_1_5' title="bbox 196 2912 1844 3204">
    <p class='ocr_par' dir='ltr' id='par_1_7' title="bbox 196 2912 1844 3204">
     <span class='ocr_line' id='line_1_23' title="bbox 298 2912 1276 3001; baseline 0 -23"><span class='ocrx_word' id='word_1_240' title='bbox 298 2912 435 2996; x_wconf 87' lang='lat' dir='ltr'><strong>Signum</strong></span> <span class='ocrx_word' id='word_1_241' title='bbox 457 2912 567 2978; x_wconf 91' lang='lat' dir='ltr'><strong>domni</strong></span> <span class='ocrx_word' id='word_1_242' title='bbox 592 2913 723 2980; x_wconf 87' lang='lat' dir='ltr'><strong>Ottonis</strong></span> <span class='ocrx_word' id='word_1_243' title='bbox 749 2915 814 2996; x_wconf 87' lang='grc' dir='ltr'>(Μ.)</span> <span class='ocrx_word' id='word_1_244' title='bbox 839 2914 1035 2982; x_wconf 87' lang='lat' dir='ltr'><strong>serenissimi</strong></span> <span class='ocrx_word' id='word_1_245' title='bbox 1058 2915 1276 3001; x_wconf 84' lang='lat' dir='ltr'><strong>imperatoris.</strong></span> 
     </span>
     <span class='ocr_line' id='line_1_24' title="bbox 298 3014 1844 3103; baseline 0.001 -25"><span class='ocrx_word' id='word_1_246' title='bbox 298 3014 493 3081; x_wconf 88' lang='lat' dir='ltr'><strong>Ambrosius</strong></span> <span class='ocrx_word' id='word_1_247' title='bbox 516 3015 733 3083; x_wconf 83' lang='lat' dir='ltr'><strong>cancellarius</strong></span> <span class='ocrx_word' id='word_1_248' title='bbox 756 3016 906 3082; x_wconf 90' lang='lat' dir='ltr'><strong>advieem</strong></span> <span class='ocrx_word' id='word_1_249' title='bbox 929 3015 1069 3081; x_wconf 88' lang='lat' dir='ltr'><strong>Huberti</strong></span> <span class='ocrx_word' id='word_1_250' title='bbox 1091 3017 1237 3103; x_wconf 89' lang='lat' dir='ltr'><strong>episcopi</strong></span> <span class='ocrx_word' id='word_1_251' title='bbox 1261 3027 1293 3082; x_wconf 88' lang='lat' dir='ltr'><strong>et</strong></span> <span class='ocrx_word' id='word_1_252' title='bbox 1316 3015 1594 3082; x_wconf 85' lang='lat' dir='ltr'><strong>archicancellarii</strong></span> <span class='ocrx_word' id='word_1_253' title='bbox 1618 3016 1792 3099; x_wconf 84' lang='lat' dir='ltr'><strong>recognovi</strong></span> <span class='ocrx_word' id='word_1_254' title='bbox 1811 3025 1844 3080; x_wconf 88' lang='lat' dir='ltr'><strong>et</strong></span> 
     </span>
     <span class='ocr_line' id='line_1_25' title="bbox 196 3117 385 3204; baseline 0 -21"><span class='ocrx_word' id='word_1_255' title='bbox 196 3117 385 3204; x_wconf 83' lang='lat' dir='ltr'><strong>subscripsi.</strong></span> 
     </span>
    </p>
   </div>
   <div class='ocr_carea' id='block_1_6' title="bbox 144 3255 1841 3445">
    <p class='ocr_par' dir='ltr' id='par_1_8' title="bbox 144 3255 1841 3445">
     <span class='ocr_line' id='line_1_26' title="bbox 144 3255 1841 3341; baseline 0.001 -21"><span class='ocrx_word' id='word_1_256' title='bbox 144 3279 176 3326; x_wconf 81' lang='lat'><strong>25</strong></span> <span class='ocrx_word' id='word_1_257' title='bbox 297 3255 387 3320; x_wconf 88' lang='lat' dir='ltr'><strong>Data</strong></span> <span class='ocrx_word' id='word_1_258' title='bbox 409 3271 483 3320; x_wconf 86' lang='lat' dir='ltr'><strong>vm.</strong></span> <span class='ocrx_word' id='word_1_259' title='bbox 506 3255 574 3321; x_wconf 84' lang='lat' dir='ltr'><strong>kal.</strong></span> <span class='ocrx_word' id='word_1_260' title='bbox 599 3256 742 3322; x_wconf 83' lang='lat' dir='ltr'><strong>octobris</strong></span> <span class='ocrx_word' id='word_1_261' title='bbox 771 3279 857 3322; x_wconf 90' lang='lat' dir='ltr'><strong>anno</strong></span> <span class='ocrx_word' id='word_1_262' title='bbox 888 3258 1071 3324; x_wconf 87' lang='lat' dir='ltr'><strong>dominicae</strong></span> <span class='ocrx_word' id='word_1_263' title='bbox 1101 3259 1334 3323; x_wconf 85' lang='lat' dir='ltr'><strong>incarnationis</strong></span> <span class='ocrx_word' id='word_1_264' title='bbox 1357 3273 1583 3340; x_wconf 78' lang='lat' dir='ltr'><strong>Dcoccnxvn,</strong></span> <span class='ocrx_word' id='word_1_265' title='bbox 1615 3257 1741 3341; x_wconf 87' lang='lat' dir='ltr'><strong>imperii</strong></span> <span class='ocrx_word' id='word_1_266' title='bbox 1763 3278 1841 3321; x_wconf 89' lang='lat' dir='ltr'><strong>vero</strong></span> 
     </span>
     <span class='ocr_line' id='line_1_27' title="bbox 196 3357 1728 3445; baseline 0.001 -22"><span class='ocrx_word' id='word_1_267' title='bbox 196 3358 306 3423; x_wconf 90' lang='lat' dir='ltr'><strong>domni</strong></span> <span class='ocrx_word' id='word_1_268' title='bbox 331 3357 462 3424; x_wconf 91' lang='lat' dir='ltr'><strong>Ottonis</strong></span> <span class='ocrx_word' id='word_1_269' title='bbox 485 3361 621 3445; x_wconf 89' lang='lat' dir='ltr'><strong>piissimi</strong></span> <span class='ocrx_word' id='word_1_270' title='bbox 645 3363 767 3425; x_wconf 88' lang='lat' dir='ltr'><strong>cesaris</strong></span> <span class='ocrx_word' id='word_1_271' title='bbox 790 3377 837 3443; x_wconf 89' lang='lat' dir='ltr'><strong>v1‚</strong></span> <span class='ocrx_word' id='word_1_272' title='bbox 860 3360 1037 3426; x_wconf 91' lang='lat' dir='ltr'><strong>indictione</strong></span> <span class='ocrx_word' id='word_1_273' title='bbox 1061 3377 1114 3444; x_wconf 84' lang='lat' dir='ltr'><strong>x13</strong></span> <span class='ocrx_word' id='word_1_274' title='bbox 1137 3369 1247 3426; x_wconf 88' lang='lat' dir='ltr'><strong>actum</strong></span> <span class='ocrx_word' id='word_1_275' title='bbox 1270 3360 1440 3444; x_wconf 70' lang='lat' dir='ltr'><strong>Berones,</strong></span> <span class='ocrx_word' id='word_1_276' title='bbox 1462 3359 1600 3425; x_wconf 80' lang='lat' dir='ltr'><strong>feliciter</strong></span> <span class='ocrx_word' id='word_1_277' title='bbox 1623 3382 1728 3424; x_wconf 88' lang='lat' dir='ltr'><strong>amen.</strong></span> 
     </span>
    </p>
   </div>
   <div class='ocr_carea' id='block_1_7' title="bbox 204 3619 1716 3876">
    <p class='ocr_par' dir='ltr' id='par_1_9' title="bbox 204 3619 1716 3876">
     <span class='ocr_line' id='line_1_28' title="bbox 973 3619 1518 3696; baseline -0.006 0"><span class='ocrx_word' id='word_1_278' title='bbox 973 3619 1061 3696; x_wconf 68' lang='lat'><strong>347.</strong></span> <span class='ocrx_word' id='word_1_279' title='bbox 1517 3666 1518 3671; x_wconf 65' lang='lat'><strong>,</strong></span> 
     </span>
     <span class='ocr_line' id='line_1_29' title="bbox 204 3770 1716 3876; baseline -0.003 -26"><span class='ocrx_word' id='word_1_280' title='bbox 204 3770 284 3850; x_wconf 85' lang='lat' dir='ltr'><strong>Orto</strong></span> <span class='ocrx_word' id='word_1_281' title='bbox 312 3773 441 3848; x_wconf 82' lang='lat' dir='ltr'><strong>bestellt</strong></span> <span class='ocrx_word' id='word_1_282' title='bbox 466 3776 536 3849; x_wconf 82' lang='lat' dir='ltr'><strong>den</strong></span> <span class='ocrx_word' id='word_1_283' title='bbox 562 3775 715 3874; x_wconf 76' lang='lat' dir='ltr'><strong>Adalpis</strong></span> <span class='ocrx_word' id='word_1_284' title='bbox 741 3801 823 3849; x_wconf 80' lang='lat' dir='ltr'><strong>zum</strong></span> <span class='ocrx_word' id='word_1_285' title='bbox 849 3775 1092 3876; x_wconf 76' lang='lat' dir='ltr'><strong>Koaipsbctcn</strong></span> <span class='ocrx_word' id='word_1_286' title='bbox 1107 3774 1183 3873; x_wconf 80' lang='lat' dir='ltr'><strong>ftr&#39;r</strong></span> <span class='ocrx_word' id='word_1_287' title='bbox 1210 3775 1268 3847; x_wconf 83' lang='lat' dir='ltr'><strong>dic</strong></span> <span class='ocrx_word' id='word_1_288' title='bbox 1295 3773 1509 3874; x_wconf 79' lang='lat' dir='ltr'><strong>Grcsscbaft</strong></span> <span class='ocrx_word' id='word_1_289' title='bbox 1535 3773 1716 3847; x_wconf 81' lang='lat' dir='ltr'><strong>Moiland.</strong></span> 
     </span>
    </p>
   </div>
   <div class='ocr_carea' id='block_1_8' title="bbox 298 4061 1845 4270">
    <p class='ocr_par' dir='ltr' id='par_1_10' title="bbox 298 4061 1845 4270">
     <span class='ocr_line' id='line_1_30' title="bbox 298 4061 1845 4162; baseline -0.001 -18"><span class='ocrx_word' id='word_1_290' title='bbox 298 4086 437 4157; x_wconf 82' lang='lat' dir='ltr'><strong>Mandat,</strong></span> <span class='ocrx_word' id='word_1_291' title='bbox 460 4089 581 4148; x_wconf 62' lang='lat' dir='ltr'><strong>inserta</strong></span> <span class='ocrx_word' id='word_1_292' title='bbox 596 4091 630 4147; x_wconf 81' lang='lat' dir='ltr'><strong>in</strong></span> <span class='ocrx_word' id='word_1_293' title='bbox 644 4061 698 4147; x_wconf 77' lang='lat' dir='ltr'><strong>das</strong></span> <span class='ocrx_word' id='word_1_294' title='bbox 716 4087 853 4162; x_wconf 74' lang='lat' dir='ltr'><strong>Oripinal</strong></span> <span class='ocrx_word' id='word_1_295' title='bbox 874 4091 956 4147; x_wconf 72' lang='lat' dir='ltr'><strong>eim</strong></span> <span class='ocrx_word' id='word_1_296' title='bbox 974 4087 1246 4148; x_wconf 75' lang='lat' dir='ltr'><strong>Gericbtsarkunde</strong></span> <span class='ocrx_word' id='word_1_297' title='bbox 1267 4103 1332 4145; x_wconf 83' lang='lat' dir='ltr'><strong>vom</strong></span> <span class='ocrx_word' id='word_1_298' title='bbox 1347 4086 1472 4145; x_wconf 80' lang='lat' dir='ltr'><strong>Joaaar</strong></span> <span class='ocrx_word' id='word_1_299' title='bbox 1487 4089 1550 4147; x_wconf 86' lang='grc'><strong>968</strong></span> <span class='ocrx_word' id='word_1_300' title='bbox 1571 4088 1614 4144; x_wconf 82' lang='lat' dir='ltr'><strong>im</strong></span> <span class='ocrx_word' id='word_1_301' title='bbox 1630 4084 1845 4159; x_wconf 71' lang='lat' dir='ltr'><strong>Capitedsrchia</strong></span> 
     </span>
     <span class='ocr_line' id='line_1_31' title="bbox 298 4189 556 4270; baseline 0.012 -22"><span class='ocrx_word' id='word_1_302' title='bbox 298 4207 338 4248; x_wconf 77' lang='lat' dir='ltr'><strong>ru</strong></span> <span class='ocrx_word' id='word_1_303' title='bbox 359 4191 473 4249; x_wconf 82' lang='lat' dir='ltr'><strong>Parma</strong></span> <span class='ocrx_word' id='word_1_304' title='bbox 495 4189 556 4270; x_wconf 88' lang='grc' dir='ltr'>(Β).</span> 
     </span>
    </p>
   </div>
   <div class='ocr_carea' id='block_1_9' title="bbox 300 4339 1844 4520">
    <p class='ocr_par' dir='ltr' id='par_1_11' title="bbox 300 4339 1844 4520">
     <span class='ocr_line' id='line_1_32' title="bbox 300 4339 1844 4416; baseline 0.001 -15"><span class='ocrx_word' id='word_1_305' title='bbox 300 4343 368 4415; x_wconf 76' lang='lat' dir='ltr'><strong>Affo</strong></span> <span class='ocrx_word' id='word_1_306' title='bbox 390 4345 490 4404; x_wconf 64' lang='lat' dir='ltr'><strong>&amp;orio</strong></span> <span class='ocrx_word' id='word_1_307' title='bbox 512 4343 544 4402; x_wconf 82' lang='lat' dir='ltr'><strong>di</strong></span> <span class='ocrx_word' id='word_1_308' title='bbox 565 4346 678 4404; x_wconf 76' lang='lat' dir='ltr'><strong>Panna</strong></span> <span class='ocrx_word' id='word_1_309' title='bbox 702 4349 729 4416; x_wconf 94' lang='lat'><strong>1,</strong></span> <span class='ocrx_word' id='word_1_310' title='bbox 746 4348 810 4406; x_wconf 83' lang='lat'><strong>353</strong></span> <span class='ocrx_word' id='word_1_311' title='bbox 831 4353 865 4404; x_wconf 83' lang='lat' dir='ltr'><strong>a⁰</strong></span> <span class='ocrx_word' id='word_1_312' title='bbox 881 4349 922 4406; x_wconf 84' lang='grc'><strong>68</strong></span> <span class='ocrx_word' id='word_1_313' title='bbox 944 4339 1045 4407; x_wconf 81' lang='lat' dir='ltr'><strong>aasB</strong></span> <span class='ocrx_word' id='word_1_314' title='bbox 1069 4371 1108 4401; x_wconf 93' lang='lat'><strong><em>=</em></strong></span> <span class='ocrx_word' id='word_1_315' title='bbox 1130 4345 1238 4406; x_wconf 80' lang='lat' dir='ltr'><strong>Ficker</strong></span> <span class='ocrx_word' id='word_1_316' title='bbox 1252 4345 1440 4404; x_wconf 75' lang='lat' dir='ltr'><strong>Italiraisrlsr</strong></span> <span class='ocrx_word' id='word_1_317' title='bbox 1454 4345 1665 4416; x_wconf 74' lang='lat' dir='ltr'><strong>Forsclranpen</strong></span> <span class='ocrx_word' id='word_1_318' title='bbox 1679 4346 1709 4415; x_wconf 76' lang='lat'><strong>2,</strong></span> <span class='ocrx_word' id='word_1_319' title='bbox 1728 4347 1778 4403; x_wconf 83' lang='grc'><strong>43.</strong></span> <span class='ocrx_word' id='word_1_320' title='bbox 1801 4376 1844 4386; x_wconf 95' lang='grc'>-</span> 
     </span>
     <span class='ocr_line' id='line_1_33' title="bbox 300 4445 617 4520; baseline -0.003 -14"><span class='ocrx_word' id='word_1_321' title='bbox 300 4445 429 4519; x_wconf 62' lang='lat' dir='ltr'><strong>&amp;omps</strong></span> <span class='ocrx_word' id='word_1_322' title='bbox 445 4447 519 4520; x_wconf 68' lang='grc' dir='ltr'><strong>Περ.</strong></span> <span class='ocrx_word' id='word_1_323' title='bbox 544 4447 617 4507; x_wconf 85' lang='grc'><em>539.</em></span> 
     </span>
    </p>
   </div>
   <div class='ocr_carea' id='block_1_10' title="bbox 298 4601 1843 4780">
    <p class='ocr_par' dir='ltr' id='par_1_12' title="bbox 298 4601 1843 4780">
     <span class='ocr_line' id='line_1_34' title="bbox 298 4601 1843 4679; baseline -0.001 -17"><span class='ocrx_word' id='word_1_324' title='bbox 298 4602 358 4662; x_wconf 78' lang='lat' dir='ltr'><strong>Die</strong></span> <span class='ocrx_word' id='word_1_325' title='bbox 377 4601 649 4662; x_wconf 73' lang='lat' dir='ltr'><strong>Gesichtsarlamdr</strong></span> <span class='ocrx_word' id='word_1_326' title='bbox 671 4605 834 4662; x_wconf 75' lang='lat' dir='ltr'><strong>beariclmet</strong></span> <span class='ocrx_word' id='word_1_327' title='bbox 857 4603 948 4663; x_wconf 77' lang='lat' dir='ltr'><strong>dieses</strong></span> <span class='ocrx_word' id='word_1_328' title='bbox 963 4605 1092 4664; x_wconf 78' lang='lat' dir='ltr'><strong>Mandat</strong></span> <span class='ocrx_word' id='word_1_329' title='bbox 1113 4605 1157 4663; x_wconf 74' lang='lat' dir='ltr'><strong>als</strong></span> <span class='ocrx_word' id='word_1_330' title='bbox 1180 4603 1330 4679; x_wconf 84' lang='lat' dir='ltr'><strong>epistolam</strong></span> <span class='ocrx_word' id='word_1_331' title='bbox 1354 4605 1389 4663; x_wconf 88' lang='lat' dir='ltr'><strong>de</strong></span> <span class='ocrx_word' id='word_1_332' title='bbox 1412 4601 1496 4661; x_wconf 88' lang='lat' dir='ltr'><strong>anulo</strong></span> <span class='ocrx_word' id='word_1_333' title='bbox 1520 4601 1611 4675; x_wconf 89' lang='lat' dir='ltr'><strong>ipsius</strong></span> <span class='ocrx_word' id='word_1_334' title='bbox 1635 4601 1730 4659; x_wconf 87' lang='lat' dir='ltr'><strong>domni</strong></span> <span class='ocrx_word' id='word_1_335' title='bbox 1753 4603 1843 4675; x_wconf 85' lang='lat' dir='ltr'><strong>impe·</strong></span> 
     </span>
     <span class='ocr_line' id='line_1_35' title="bbox 300 4705 750 4780; baseline 0 -14"><span class='ocrx_word' id='word_1_336' title='bbox 300 4706 391 4766; x_wconf 86' lang='lat' dir='ltr'><strong>ratori</strong></span> <span class='ocrx_word' id='word_1_337' title='bbox 414 4708 445 4766; x_wconf 91' lang='lat' dir='ltr'><strong>in</strong></span> <span class='ocrx_word' id='word_1_338' title='bbox 469 4705 558 4766; x_wconf 85' lang='lat' dir='ltr'><strong>calice</strong></span> <span class='ocrx_word' id='word_1_339' title='bbox 581 4707 750 4780; x_wconf 82' lang='lat' dir='ltr'><strong>sigillatam.</strong></span> 
     </span>
    </p>
   </div>
   <div class='ocr_carea' id='block_1_11' title="bbox 147 4889 1846 5387">
    <p class='ocr_par' dir='ltr' id='par_1_13' title="bbox 197 4889 1846 5284">
     <span class='ocr_line' id='line_1_36' title="bbox 401 4889 1844 4976; baseline -0.003 -18"><span class='ocrx_word' id='word_1_340' title='bbox 401 4891 440 4957; x_wconf 90' lang='lat' dir='ltr'><strong>In</strong></span> <span class='ocrx_word' id='word_1_341' title='bbox 458 4894 589 4958; x_wconf 89' lang='lat' dir='ltr'><strong>nomine</strong></span> <span class='ocrx_word' id='word_1_342' title='bbox 612 4891 735 4956; x_wconf 89' lang='lat' dir='ltr'><strong>domini</strong></span> <span class='ocrx_word' id='word_1_343' title='bbox 759 4889 812 4956; x_wconf 86' lang='lat' dir='ltr'><strong>&lt;lei</strong></span> <span class='ocrx_word' id='word_1_344' title='bbox 834 4891 946 4956; x_wconf 89' lang='lat' dir='ltr'><strong>etemi.</strong></span> <span class='ocrx_word' id='word_1_345' title='bbox 985 4889 1063 4956; x_wconf 91' lang='lat' dir='ltr'><strong>Otto</strong></span> <span class='ocrx_word' id='word_1_346' title='bbox 1088 4890 1140 4957; x_wconf 89' lang='lat' dir='ltr'><strong>dei</strong></span> <span class='ocrx_word' id='word_1_347' title='bbox 1163 4891 1268 4975; x_wconf 84' lang='lat' dir='ltr'><strong>gratia</strong></span> <span class='ocrx_word' id='word_1_348' title='bbox 1290 4892 1467 4976; x_wconf 89' lang='lat' dir='ltr'><strong>imperator</strong></span> <span class='ocrx_word' id='word_1_349' title='bbox 1490 4898 1658 4973; x_wconf 83' lang='lat' dir='ltr'><strong>augustus.</strong></span> <span class='ocrx_word' id='word_1_350' title='bbox 1746 4889 1844 4955; x_wconf 83' lang='lat' dir='ltr'><strong>Adcl-</strong></span> 
     </span>
     <span class='ocr_line' id='line_1_37' title="bbox 198 4991 1845 5079; baseline 0.001 -23"><span class='ocrx_word' id='word_1_351' title='bbox 198 4994 288 5076; x_wconf 88' lang='lat' dir='ltr'><strong>gisus</strong></span> <span class='ocrx_word' id='word_1_352' title='bbox 318 4995 371 5079; x_wconf 93' lang='lat' dir='ltr'><strong>qui</strong></span> <span class='ocrx_word' id='word_1_353' title='bbox 401 5003 434 5058; x_wconf 89' lang='lat' dir='ltr'><strong>et</strong></span> <span class='ocrx_word' id='word_1_354' title='bbox 462 4993 534 5059; x_wconf 82' lang='lat' dir='ltr'><strong>Ano</strong></span> <span class='ocrx_word' id='word_1_355' title='bbox 564 4993 684 5060; x_wconf 88' lang='lat' dir='ltr'><strong>dilecto</strong></span> <span class='ocrx_word' id='word_1_356' title='bbox 716 4992 804 5057; x_wconf 87' lang='lat' dir='ltr'><strong>fideli</strong></span> <span class='ocrx_word' id='word_1_357' title='bbox 832 5002 944 5058; x_wconf 84' lang='lat' dir='ltr'><strong>nostro</strong></span> <span class='ocrx_word' id='word_1_358' title='bbox 976 4993 1123 5058; x_wconf 89' lang='lat' dir='ltr'><strong>salutem.</strong></span> <span class='ocrx_word' id='word_1_359' title='bbox 1172 4993 1368 5058; x_wconf 87' lang='lat' dir='ltr'><strong>Mandamus</strong></span> <span class='ocrx_word' id='word_1_360' title='bbox 1402 4991 1460 5058; x_wconf 92' lang='lat' dir='ltr'><strong>tibi</strong></span> <span class='ocrx_word' id='word_1_361' title='bbox 1495 5001 1670 5077; x_wconf 85' lang='lat' dir='ltr'><strong>quatenus,</strong></span> <span class='ocrx_word' id='word_1_362' title='bbox 1706 4993 1733 5056; x_wconf 90' lang='lat' dir='ltr'><strong>si</strong></span> <span class='ocrx_word' id='word_1_363' title='bbox 1761 4996 1845 5058; x_wconf 89' lang='lat' dir='ltr'><strong>inter</strong></span> 
     </span>
     <span class='ocr_line' id='line_1_38' title="bbox 198 5092 1844 5183; baseline 0.002 -26"><span class='ocrx_word' id='word_1_364' title='bbox 198 5092 344 5160; x_wconf 87' lang='lat' dir='ltr'><strong>homines</strong></span> <span class='ocrx_word' id='word_1_365' title='bbox 366 5097 400 5160; x_wconf 90' lang='lat' dir='ltr'><strong>in</strong></span> <span class='ocrx_word' id='word_1_366' title='bbox 424 5099 581 5162; x_wconf 88' lang='lat' dir='ltr'><strong>comitatu</strong></span> <span class='ocrx_word' id='word_1_367' title='bbox 595 5095 877 5162; x_wconf 80' lang='lat' dir='ltr'><strong>Mediolanensis⁸</strong></span> <span class='ocrx_word' id='word_1_368' title='bbox 898 5096 1010 5183; x_wconf 88' lang='lat' dir='ltr'><strong>aliqua</strong></span> <span class='ocrx_word' id='word_1_369' title='bbox 1032 5097 1166 5160; x_wconf 87' lang='lat' dir='ltr'><strong>intentio</strong></span> <span class='ocrx_word' id='word_1_370' title='bbox 1187 5105 1259 5160; x_wconf 83' lang='lat' dir='ltr'><strong>orta</strong></span> <span class='ocrx_word' id='word_1_371' title='bbox 1276 5095 1373 5160; x_wconf 87' lang='lat' dir='ltr'><strong>fuerit</strong></span> <span class='ocrx_word' id='word_1_372' title='bbox 1391 5093 1431 5160; x_wconf 90' lang='lat' dir='ltr'><strong>de</strong></span> <span class='ocrx_word' id='word_1_373' title='bbox 1449 5094 1708 5180; x_wconf 87' lang='lat' dir='ltr'><strong>quibuscumque</strong></span> <span class='ocrx_word' id='word_1_374' title='bbox 1723 5097 1844 5177; x_wconf 85' lang='lat' dir='ltr'><strong>causis,</strong></span> 
     </span>
     <span class='ocr_line' id='line_1_39' title="bbox 197 5197 1846 5284; baseline 0.002 -24"><span class='ocrx_word' id='word_1_375' title='bbox 197 5205 309 5261; x_wconf 88' lang='lat' dir='ltr'><strong>noster</strong></span> <span class='ocrx_word' id='word_1_376' title='bbox 335 5197 410 5262; x_wconf 85' lang='lat' dir='ltr'><strong>inda</strong></span> <span class='ocrx_word' id='word_1_377' title='bbox 437 5199 556 5264; x_wconf 89' lang='lat' dir='ltr'><strong>missus</strong></span> <span class='ocrx_word' id='word_1_378' title='bbox 584 5201 709 5263; x_wconf 86' lang='lat' dir='ltr'><strong>existas</strong></span> <span class='ocrx_word' id='word_1_379' title='bbox 738 5200 785 5263; x_wconf 84' lang='lat' dir='ltr'><strong>ita</strong></span> <span class='ocrx_word' id='word_1_380' title='bbox 814 5197 1095 5282; x_wconf 78' lang='lat' dir='ltr'><strong>diffinihcndum⁸,</strong></span> <span class='ocrx_word' id='word_1_381' title='bbox 1130 5208 1298 5284; x_wconf 88' lang='lat' dir='ltr'><strong>tamquam</strong></span> <span class='ocrx_word' id='word_1_382' title='bbox 1328 5201 1354 5264; x_wconf 93' lang='lat' dir='ltr'><strong>si</strong></span> <span class='ocrx_word' id='word_1_383' title='bbox 1384 5208 1460 5266; x_wconf 84' lang='lat' dir='ltr'><strong>ante</strong></span> <span class='ocrx_word' id='word_1_384' title='bbox 1488 5207 1636 5266; x_wconf 87' lang='lat' dir='ltr'><strong>nostram</strong></span> <span class='ocrx_word' id='word_1_385' title='bbox 1662 5197 1715 5262; x_wconf 87' lang='lat' dir='ltr'><strong>vel</strong></span> <span class='ocrx_word' id='word_1_386' title='bbox 1743 5199 1846 5264; x_wconf 86' lang='lat' dir='ltr'><strong>nostri</strong></span> 
     </span>
    </p>

    <p class='ocr_par' dir='ltr' id='par_1_14' title="bbox 147 5300 979 5387">
     <span class='ocr_line' id='line_1_40' title="bbox 147 5300 979 5387; baseline -0.002 -19"><span class='ocrx_word' id='word_1_387' title='bbox 147 5301 328 5368; x_wconf 71' lang='lat' dir='ltr'><strong>secernitis</strong></span> <span class='ocrx_word' id='word_1_388' title='bbox 352 5300 465 5386; x_wconf 86' lang='lat' dir='ltr'><strong>palatii</strong></span> <span class='ocrx_word' id='word_1_389' title='bbox 488 5303 686 5387; x_wconf 86' lang='lat' dir='ltr'><strong>presentiam</strong></span> <span class='ocrx_word' id='word_1_390' title='bbox 708 5301 832 5368; x_wconf 85' lang='lat' dir='ltr'><strong>factum</strong></span> <span class='ocrx_word' id='word_1_391' title='bbox 855 5302 979 5368; x_wconf 84' lang='lat' dir='ltr'><strong>fuisset.</strong></span> 
     </span>
    </p>
   </div>
   <div class='ocr_carea' id='block_1_12' title="bbox 284 5501 1845 5625">
    <p class='ocr_par' dir='ltr' id='par_1_15' title="bbox 284 5501 1845 5625">
     <span class='ocr_line' id='line_1_41' title="bbox 284 5501 1845 5625; baseline 0.003 -68"><span class='ocrx_word' id='word_1_392' title='bbox 284 5502 343 5558; x_wconf 73' lang='lat' dir='ltr'><strong>tlt.</strong></span> <span class='ocrx_word' id='word_1_393' title='bbox 373 5501 481 5625; x_wconf 63' lang='lat' dir='ltr'><strong>[SickellJ</strong></span> <span class='ocrx_word' id='word_1_394' title='bbox 584 5507 612 5568; x_wconf 85' lang='lat' dir='ltr'><strong>a)</strong></span> <span class='ocrx_word' id='word_1_395' title='bbox 629 5508 763 5558; x_wconf 87' lang='lat' dir='ltr'><strong>honorarii</strong></span> <span class='ocrx_word' id='word_1_396' title='bbox 780 5508 808 5559; x_wconf 89' lang='lat' dir='ltr'><em>B</em></span> <span class='ocrx_word' id='word_1_397' title='bbox 902 5509 931 5570; x_wconf 92' lang='lat' dir='ltr'><strong>b)</strong></span> <span class='ocrx_word' id='word_1_398' title='bbox 949 5525 966 5559; x_wconf 88' lang='lat' dir='ltr'><strong>a</strong></span> <span class='ocrx_word' id='word_1_399' title='bbox 984 5508 1010 5559; x_wconf 91' lang='lat' dir='ltr'><em>B</em></span> <span class='ocrx_word' id='word_1_400' title='bbox 1104 5511 1129 5572; x_wconf 88' lang='lat' dir='ltr'><strong>c)</strong></span> <span class='ocrx_word' id='word_1_401' title='bbox 1148 5510 1249 5575; x_wconf 84' lang='lat' dir='ltr'><strong>placitu</strong></span> <span class='ocrx_word' id='word_1_402' title='bbox 1266 5510 1293 5561; x_wconf 91' lang='grc' dir='ltr'><em>Β</em></span> <span class='ocrx_word' id='word_1_403' title='bbox 1380 5511 1407 5574; x_wconf 86' lang='lat' dir='ltr'><strong>d)</strong></span> <span class='ocrx_word' id='word_1_404' title='bbox 1428 5511 1610 5563; x_wconf 82' lang='lat' dir='ltr'><strong>ellemosinam</strong></span> <span class='ocrx_word' id='word_1_405' title='bbox 1628 5512 1656 5563; x_wconf 89' lang='lat' dir='ltr'><em>B</em></span> <span class='ocrx_word' id='word_1_406' title='bbox 1743 5513 1767 5576; x_wconf 90' lang='lat' dir='ltr'><strong>e)</strong></span> <span class='ocrx_word' id='word_1_407' title='bbox 1788 5511 1845 5578; x_wconf 90' lang='lat' dir='ltr'><strong>qui·</strong></span> 
     </span>
    </p>
   </div>
   <div class='ocr_carea' id='block_1_13' title="bbox 249 5575 1639 5856">
    <p class='ocr_par' dir='ltr' id='par_1_16' title="bbox 249 5575 1639 5856">
     <span class='ocr_line' id='line_1_42' title="bbox 370 5575 813 5642; baseline 0.005 -17"><span class='ocrx_word' id='word_1_408' title='bbox 370 5575 437 5626; x_wconf 85' lang='lat' dir='ltr'><strong>libet</strong></span> <span class='ocrx_word' id='word_1_409' title='bbox 584 5576 604 5642; x_wconf 76' lang='lat' dir='ltr'><strong>l)</strong></span> <span class='ocrx_word' id='word_1_410' title='bbox 623 5577 760 5628; x_wconf 86' lang='lat' dir='ltr'><strong>manculos</strong></span> <span class='ocrx_word' id='word_1_411' title='bbox 778 5577 813 5627; x_wconf 90' lang='lat' dir='ltr'><strong>B.</strong></span> 
     </span>
     <span class='ocr_line' id='line_1_43' title="bbox 286 5675 722 5748; baseline 0 -17"><span class='ocrx_word' id='word_1_412' title='bbox 286 5675 345 5731; x_wconf 75' lang='lat'><strong>³47.</strong></span> <span class='ocrx_word' id='word_1_413' title='bbox 372 5676 538 5748; x_wconf 84' lang='lat' dir='ltr'><strong>[Zimerman]</strong></span> <span class='ocrx_word' id='word_1_414' title='bbox 642 5680 669 5746; x_wconf 84' lang='lat' dir='ltr'><strong>a)</strong></span> <span class='ocrx_word' id='word_1_415' title='bbox 687 5677 722 5731; x_wconf 92' lang='lat' dir='ltr'><strong>B.</strong></span> 
     </span>
     <span class='ocr_line' id='line_1_44' title="bbox 249 5787 1639 5856; baseline -0.001 -22"><span class='ocrx_word' id='word_1_416' title='bbox 249 5787 441 5834; x_wconf 69' lang='lat' dir='ltr'><strong>maumam</strong></span> <span class='ocrx_word' id='word_1_417' title='bbox 455 5789 474 5834; x_wconf 85' lang='lat'><strong>1.</strong></span> <span class='ocrx_word' id='word_1_418' title='bbox 1597 5793 1639 5856; x_wconf 67' lang='lat'><strong>60</strong></span> 
     </span>
    </p>
   </div>
   <div class='ocr_carea' id='block_1_14' title="bbox 0 0 2276 6434">
    <p class='ocr_par' dir='ltr' id='par_1_17' title="bbox 0 0 2276 6434">
     <span class='ocr_line' id='line_1_45' title="bbox 0 0 2276 6434; baseline 0 0"><span class='ocrx_word' id='word_1_419' title='bbox 0 0 2276 6434; x_wconf 95' lang='lat' dir='ltr'><strong> </strong></span> 
     </span>
    </p>
   </div>
  </div>
 </body>
</html>
