4560 6436
889 433 1016 490 ΟΤΤΟ
1038 434 1062 491 Ι.
1086 429 1159 491 970.
1784 425 1848 491 545

203 644 269 695 quas
292 635 371 680 antea
393 637 465 680 recta
488 630 539 680 fnit
560 646 607 695 per
629 629 763 694 quondam
787 629 919 679 Cristiano
942 629 1039 680 clerico
1063 637 1089 680 et
1112 630 1189 679 modo
1213 634 1252 680 est
1275 631 1307 679 de
1330 647 1387 680 meo
1417 631 1590 694 dominicato,
1619 647 1674 682 una
1702 649 1762 682 cum
1790 635 1847 697 ipse

205 747 265 782 case
288 737 315 782 st
338 739 407 783 sorte
430 735 458 782 in
481 733 568 782 casale
587 732 744 798 Galcgnano
767 738 794 782 et
816 733 894 782 modo
917 748 1007 798 regere
1030 735 1136 784 videtur
1159 749 1206 798 per
1227 734 1348 799 Angnelo
1373 741 1399 784 st
1421 735 1539 784 iohanne
1562 738 1689 798 massarii,
1713 751 1766 785 nna
1789 751 1848 784 cum

203 837 260 900 ipse
283 843 353 887 sorte
376 843 491 903 quatuor
513 839 540 886 in
563 837 650 886 casale
667 836 803 898 Cisiliano,
826 852 881 886 nna
903 837 934 887 de
958 839 1014 901 ipse
1037 838 1215 902 suprascripto
1238 843 1308 888 sorte
1331 837 1408 887 modo
1432 841 1533 904 regitur
1554 856 1601 903 per
1617 841 1681 902 Leo,
1704 840 1758 889 alia
1780 844 1851 889 sorte

204 943 304 1006 regitur
325 957 372 1006 per
394 941 528 1003 Rotchari‚
550 942 628 991 tortia
651 946 721 991 sorte
743 943 843 1006 regitur
865 956 913 1005 per
934 942 1014 992 Adtio
1037 948 1063 992 et
1085 942 1217 1006 Ausperto
1240 943 1366 1008 germani,
1392 948 1487 1007 quarta
1510 950 1579 993 sorte
1602 945 1702 1009 regitur
1723 959 1771 1008 per
1794 944 1848 992 Leo

169 1047 344 1106 bmassario,
367 1046 422 1095 aha
444 1051 513 1096 sorte
537 1028 598 1094 imb
620 1045 774 1094 Patrinione
796 1061 847 1110 que
870 1045 948 1094 modo
972 1047 1073 1110 regitur
1096 1062 1143 1110 per
1164 1046 1273 1095 Patrino
1296 1047 1438 1108 massario,
1463 1053 1517 1096 tam
1540 1049 1717 1112 suprascripte
1741 1062 1801 1096 case
1823 1053 1849 1096 et

204 1155 287 1200 sortes
310 1156 336 1199 et
358 1151 437 1200 rebus
464 1167 523 1200 curn
547 1151 700 1200 solamentis
723 1151 778 1198 suis
801 1148 880 1199 cultis
903 1155 974 1198 ortas
997 1151 1083 1200 vineis
1105 1152 1188 1214 pratis
1212 1151 1311 1213 campis
1335 1150 1408 1200 silvis
1432 1153 1507 1215 aquis
1530 1157 1556 1200 et
1578 1153 1642 1200 rivis
1665 1153 1771 1215 pascuis
1794 1150 1847 1199 cul·

203 1259 258 1303 tum
281 1254 324 1303 vel
347 1254 485 1316 incultum,
508 1255 597 1305 omnia
619 1261 645 1303 et
667 1256 694 1302 in
717 1253 840 1302 omnibus
862 1253 976 1318 qualitor
999 1248 1103 1318 snpra⁶
1125 1253 1223 1318 legitur
1245 1253 1294 1301 tibi
1318 1253 1428 1303 ecclesie
1452 1259 1541 1304 sancte
1564 1254 1643 1304 Flore
1667 1256 1693 1303 in
1716 1233 1848 1319 integrum

204 1356 279 1405 trado
303 1361 329 1404 et
352 1356 440 1406 iudico
462 1373 511 1422 pro
534 1360 627 1407 mercis
650 1363 676 1407 et
698 1357 813 1407 remedio
837 1358 923 1406 anime
946 1373 1002 1407 mee
1025 1339 1074 1406 ets
1094 1363 1227 1420 antepono
1250 1358 1299 1406 tibi
1322 1358 1381 1421 ipsa
1404 1372 1466 1406 casa
1483 1363 1509 1407 et
1527 1363 1597 1408 sorte
1612 1373 1679 1423 quas
1695 1363 1773 1407 antea
1788 1357 1849 1406 dedi

205 1460 300 1509 Aliuso
323 1468 349 1510 et
371 1461 483 1510 Iohanni
511 1463 657 1527 germanis,
684 1463 817 1512 constituo
840 1463 889 1511 tibi
912 1463 970 1525 ipsa
992 1475 1054 1510 casa
1076 1476 1142 1525 quas
1165 1465 1245 1510 antea
1266 1467 1338 1510 recta
1360 1461 1417 1510 fuet
1438 1477 1484 1524 per
1506 1463 1639 1526 quondam
1662 1462 1759 1511 Austro
1782 1476 1848 1510 mas-

155 1562 186 1607 10
205 1565 283 1626 sario,
308 1571 334 1612 at
356 1557 410 1611 ing
431 1566 490 1628 ipsa
512 1566 590 1614 vinea
612 1564 664 1614 dne
686 1566 744 1629 ipsa
760 1565 868 1615 Carraia
891 1571 917 1615 et
939 1564 990 1613 fine
1013 1566 1071 1628 ipso
1087 1563 1216 1613 Lanando
1239 1579 1305 1628 quas
1328 1569 1406 1614 antea
1424 1565 1484 1614 dedi
1499 1548 1700 1631 Hildegamde¹¹
1722 1567 1849 1630 genitrice

205 1682 264 1716 mea
285 1669 331 1732 qui
355 1683 437 1731 supra
458 1668 604 1730 Unillelmi,
627 1675 653 1718 et
675 1672 733 1734 ipsa
756 1671 828 1734 petia
850 1669 882 1718 de
904 1674 974 1720 terra
997 1669 1023 1716 in
1047 1667 1194 1716 avocabulo
1217 1667 1304 1716 Forne
1328 1673 1354 1717 ot
1376 1683 1430 1718 una
1451 1671 1523 1733 petia
1546 1669 1578 1719 de
1601 1675 1671 1719 terra
1692 1671 1720 1718 in
1739 1669 1850 1732 Campo·

204 1772 257 1822 luci
281 1772 313 1822 de
336 1772 484 1822 modiorum
507 1789 560 1836 sex,
584 1779 610 1823 et
632 1781 765 1837 antepono
787 1774 837 1824 tibi
860 1775 918 1837 ipsa
941 1787 1003 1822 casa
1024 1777 1051 1821 ct
1073 1777 1143 1821 sorte
1166 1787 1217 1835 qne
1241 1771 1318 1821 modo
1337 1773 1438 1837 regitur
1455 1789 1503 1836 per
1517 1773 1586 1823 Urso
1602 1773 1756 1823 Patrinione
1772 1789 1849 1838 quem

205 1877 254 1924 tibi
277 1856 373 1925 dacos
392 1876 445 1925 alia
468 1883 538 1926 sorte
561 1883 588 1925 et
609 1879 688 1927 rebus
711 1877 782 1942 quod
806 1891 887 1941 supra
908 1875 1014 1942 legitur,
1046 1891 1097 1940 que
1120 1880 1182 1924 sunt
1203 1876 1231 1923 in
1254 1875 1341 1924 casale
1363 1875 1524 1940 Patrignone
1547 1883 1573 1926 et
1595 1878 1623 1925 in
1646 1877 1801 1940 Campoluci
1825 1881 1851 1925 et

205 1981 233 2028 in
256 1979 383 2030 Cisiliano
407 1987 433 2030 et
456 1997 502 2044 per
525 1982 580 2030 suis
602 1981 754 2042 vocabulis,
784 1982 833 2030 tibi
862 1981 938 2031 beate
961 1978 1040 2028 Flore
1069 1981 1096 2027 in
1125 1980 1257 2043 integrum
1284 1977 1359 2026 trado
1383 1984 1409 2027 et
1431 1977 1520 2026 iudico
1543 1995 1590 2042 pro
1614 1995 1699 2028 merce
1722 1987 1748 2029 et
1770 1995 1850 2028 reme-

156 2085 186 2134 tb
206 2082 278 2131 dium
301 2085 388 2132 anime
411 2099 467 2133 mee
490 2083 524 2132 ad
546 2089 618 2134 tuam
647 2086 835 2148 proprietatem
864 2083 1010 2144 abendam,
1040 2087 1134 2146 exepto
1165 2083 1343 2146 suprascripto
1371 2082 1528 2144 anteposito.
1568 2082 1622 2132 Aut
1651 2064 1691 2130 sii
1721 2083 1792 2132 ullus
1819 2083 1851 2132 de

205 2186 347 2236 heredibus
376 2189 441 2236 mois
470 2189 591 2236 incontra
613 2188 684 2237 hunc
710 2205 797 2238 meum
820 2187 965 2237 iudicatum
988 2187 1030 2235 vel
1054 2167 1201 2250 dispositi¹¹
1222 2188 1261 2235 ire
1285 2188 1434 2250 inrumpere
1457 2191 1502 2235 ant
1526 2185 1654 2236 disfacere
1677 2193 1724 2237 aut
1746 2193 1851 2237 conten·

206 2289 267 2339 ders
289 2295 336 2339 aut
359 2290 497 2340 molestare
521 2297 567 2340 aut
590 2292 707 2341 minuere
730 2292 762 2342 do
785 2294 965 2357 suprascripto
993 2305 1052 2340 meo
1080 2273 1225 2352 iudicar0¹‚
1254 2295 1319 2340 tunc
1347 2285 1595 2354 comprpromitto¹¹1
1625 2307 1673 2356 ego
1703 2294 1747 2356 qui
1772 2307 1852 2356 snpra

207 2393 366 2443 Unillelmus
389 2394 518 2444 diaconus
541 2412 600 2445 cum
622 2397 688 2445 meis
711 2395 820 2446 heredes
843 2397 892 2445 tibi
914 2397 991 2446 beato
1015 2401 1105 2444 sancte
1122 2394 1200 2443 Flore
1217 2398 1243 2443 et
1258 2393 1292 2442 ad
1307 2399 1368 2442 tuos
1389 2397 1504 2442 rectores
1527 2395 1706 2458 suprascripta
1728 2409 1770 2444 res
1792 2409 1851 2442 cum

207 2480 335 2548 omnemb
358 2498 469 2548 edificiis
491 2501 546 2548 suis
569 2514 649 2564 super
671 2516 698 2549 se
722 2500 831 2550 abentes
854 2499 951 2549 ibidem
973 2501 1001 2548 in
1024 2498 1170 2562 propincuo
1195 2496 1252 2546 loco
1271 2498 1297 2545 in
1317 2496 1435 2560 duplum.
1473 2497 1543 2546 Ecce
1559 2511 1638 2562 quarn
1655 2512 1714 2546 mea
1728 2497 1852 2546 voluntas

156 2599 190 2646 20
208 2599 257 2650 deo
280 2602 367 2665 gratia
389 2600 510 2666 impleri,
540 2601 610 2650 unde
632 2602 704 2650 hunc
726 2617 813 2650 meum
836 2600 952 2651 iudicato
976 2600 1009 2650 ad
1032 2617 1072 2650 me
1096 2602 1181 2662 iacto,
1209 2599 1323 2664 qualiter
1345 2615 1426 2664 supra
1451 2599 1563 2664 legitur,
1593 2601 1678 2650 Aritio
1701 2602 1803 2650 notario
1826 2606 1853 2650 et

207 2705 315 2753 scabino
344 2705 459 2754 scribere
488 2706 598 2771 rogarit.
642 2706 738 2754 Actum
767 2706 852 2755 Aritio
881 2705 1001 2755 feliciter.
1045 2705 1104 2770 Ego
1128 2703 1287 2754 Unillelmus
1309 2704 1437 2754 diaconus
1460 2706 1487 2752 in
1510 2721 1562 2754 unc
1585 2707 1712 2770 scriptum
1734 2706 1853 2754 iudicato

207 2807 241 2857 ad
263 2824 305 2858 me
328 2808 398 2858 iacto
422 2825 502 2858 uranu
525 2825 584 2858 mea
606 2810 761 2874 subscripsi.
805 2810 859 2860 Leo
883 2809 990 2859 humilis
1012 2808 1215 2858 archidiaconus
1238 2813 1345 2874 rogatus
1368 2807 1402 2856 ad
1425 2806 1569 2857 Uuillelrno
1598 2811 1672 2858 testis
1699 2810 1852 2873 subscripsi.

207 2911 265 2976 Ego
288 2912 423 2962 Gerolimo
446 2918 554 2976 rogatus
577 2912 610 2962 ad
635 2912 778 2962 Unillelmo
802 2915 876 2962 testis
898 2913 1051 2976 subscripsi.
1097 2911 1206 2978 Signum
1228 2928 1322 2962 manns
1345 2913 1451 2976 Luponi
1468 2918 1494 2961 st
1509 2912 1597 2978 Ugoni
1618 2916 1678 2964 roiti
1692 2909 1705 2936 ¹¹
1729 2915 1763 2964 ad
1778 2915 1853 2964 Uuil-

207 3015 285 3066 lelmo
314 3016 426 3065 diacono
450 3021 538 3066 testes.
584 3017 641 3081 Ego
664 3018 749 3066 Aritio
771 3019 875 3066 notario
899 3022 926 3066 et
947 3018 1055 3065 scavino
1078 3016 1149 3066 hunc
1173 3017 1299 3081 scriptum
1322 3017 1439 3068 indicato
1463 3001 1571 3082 scripsb
1595 3024 1621 3068 et
1643 3019 1774 3083 compleri
1797 3019 1854 3068 feli-

156 3115 190 3162 so
208 3122 280 3169 citer.
324 3103 526 3170 illonimemb
555 3107 662 3189 ipsum
693 3115 858 3169 ostensum
887 3115 919 3169 et
948 3103 989 3168 ab
1021 3103 1133 3168 ordine
1162 3104 1265 3186 lecto,
1301 3108 1491 3189 interrogati
1521 3117 1596 3170 sunt
1625 3109 1687 3193 ipsi
1714 3108 1853 3172 domnus

207 3208 322 3272 Petrus
346 3207 451 3272 abbas
474 3218 506 3272 et
529 3207 666 3273 Arnulfo
691 3208 790 3272 iudex
817 3219 955 3273 avocato
984 3231 1041 3273 suo
1071 3217 1103 3272 et
1130 3210 1233 3292 ipsius
1263 3210 1469 3290 monasterii,
1504 3232 1563 3295 pro
1595 3211 1663 3294 quit
1691 3212 1854 3275 monimen

208 3313 315 3396 ipsum
344 3311 541 3376 ostenderat.
587 3311 651 3391 Qui
676 3312 844 3376 dixerunt:
881 3312 975 3376 ‘Vere
998 3311 1071 3376 ideo
1095 3311 1146 3375 his
1169 3314 1286 3405 vestris
1309 3311 1514 3399 presentibus
1537 3314 1634 3377 istum
1659 3316 1854 3380 ostensimus

209 3417 387 3496 monimen,
424 3427 460 3480 ut
488 3439 548 3480 nec
578 3415 730 3502 quislibet
759 3416 855 3481 homo
880 3416 988 3482 dicere
1011 3418 1116 3500 possit
1138 3416 1227 3501 qnod
1249 3438 1310 3480 nos
1333 3438 1407 3479 eum
1430 3413 1527 3478 silens
1552 3426 1607 3479 aut
1631 3415 1779 3480 ocultans
1803 3415 1855 3480 vel

208 3518 436 3585 conludiosum
460 3520 502 3585 ad
525 3531 618 3606 parte
641 3521 743 3606 ipsius
767 3522 955 3585 monasterii
979 3519 1184 3584 abuissemus
1208 3530 1264 3584 aut
1287 3520 1535 3584 detinuissemus
1560 3528 1592 3582 et
1614 3529 1736 3584 munc⁰
1769 3522 1855 3584 casis
1889 3603 1890 3608 ἵ

158 3639 192 3688 30
209 3633 242 3687 et
266 3623 364 3689 rebus
394 3624 458 3688 illis
488 3647 550 3710 que
580 3625 612 3688 in
642 3624 756 3688 eodem
786 3622 903 3707 legitur
930 3621 1147 3705 monememl’,
1176 3625 1288 3688 instar
1316 3625 1379 3687 ista
1408 3622 1570 3686 monimen
1599 3644 1660 3686 nos
1690 3623 1733 3686 ad
1763 3633 1855 3708 parte

208 3729 310 3813 ipsius
335 3729 511 3792 monasteri
535 3738 647 3792 sancte
669 3727 771 3792 Flora
794 3728 929 3792 abemus
952 3737 984 3792 et
1007 3726 1188 3793 detinemus
1212 3729 1454 3813 proprietatem,
1479 3735 1512 3790 et
1535 3727 1561 3791 si
1584 3725 1736 3812 quislibet
1757 3726 1855 3791 homo

209 3830 367 3895 adversus
390 3855 450 3896 nos
474 3855 530 3897 seu
554 3831 711 3896 adversus
734 3841 826 3916 parte
849 3832 986 3918 predicti
1011 3833 1198 3898 monasterii
1221 3829 1339 3895 exinde
1363 3829 1478 3915 aliquit
1501 3829 1609 3894 dicere
1633 3828 1721 3912 vuli,
1749 3830 1855 3915 parati

211 3957 322 4000 sumus
345 3935 420 4000 inde
444 3937 476 3998 in
499 3936 630 3999 ratione·
648 3934 801 3998 standum
823 3944 870 4017 ot,
906 3934 994 4021 quod
1016 3935 1089 4021 plus
1112 3945 1176 4016 est,
1211 3935 1372 4020 querimus
1404 3943 1439 3997 ut
1468 3932 1580 3997 dicant
1606 3933 1668 3996 iste
1696 3933 1856 3998 Rodulfus

209 4038 277 4102 filio
294 4037 459 4124 quondam
476 4037 612 4102 Sassoni
636 4039 690 4123 qni
713 4037 766 4102 hic
789 4037 833 4103 ad
855 4058 988 4122 presens
1011 4049 1070 4120 est,
1094 4041 1120 4103 si
1144 4039 1308 4102 monimen
1331 4038 1439 4121 ipsum
1462 4059 1560 4122 quam
1577 4036 1630 4100 hic
1651 4038 1856 4119 ostensimus,

159 4155 192 4202 35
210 4141 332 4207 bonurn
356 4152 388 4206 et
410 4165 505 4207 verus
528 4152 578 4206 est
599 4141 651 4205 vel
677 4143 703 4205 si
727 4140 822 4206 nobis
845 4144 1008 4226 autperti
1032 4141 1169 4227 predicti
1196 4140 1383 4205 monasterii
1408 4141 1473 4203 iarn
1496 4138 1573 4203 dicti
1598 4142 1683 4203 casis
1706 4150 1739 4202 et
1761 4138 1857 4203 rebus

212 4268 274 4331 que
301 4247 335 4310 in
363 4269 401 4310 eo
431 4246 549 4331 legitur
575 4247 750 4327 monimen,
780 4245 1007 4310 contradicere
1036 4254 1093 4309 aut
1116 4253 1252 4330 suptra'
1275 4243 1356 4307 vulq
1380 4264 1423 4308 an
1446 4244 1533 4307 non.²
1569 4241 1622 4306 Ad
1644 4241 1704 4306 hec
1726 4264 1857 4327 respon-

212 4347 292 4413 dens
322 4351 391 4434 ipse
421 4349 564 4414 Rodulfo
596 4348 686 4413 dixet
715 4358 747 4413 et
776 4348 963 4433 professus:
999 4348 1094 4412 ‘Vere
1123 4347 1286 4412 monimen
1317 4348 1422 4428 ipsum
1453 4366 1551 4428 quam
1580 4344 1632 4408 hic
1666 4347 1857 4428 ostensistiS,

210 4452 334 4516 bonum
356 4463 388 4517 et
409 4476 522 4518 verum
545 4463 594 4517 est
615 4462 648 4517 et
670 4453 781 4516 omnia
803 4454 879 4516 item
902 4473 1015 4515 verum
1038 4461 1087 4515 est
1111 4451 1195 4513 sicut
1216 4452 1249 4512 in
1273 4471 1311 4512 eo
1336 4449 1469 4532 legitur,
1498 4458 1531 4510 et
1561 4446 1654 4512 vobis
1683 4470 1744 4511 nec
1774 4451 1857 4533 parti

212 4555 349 4641 predicti
379 4557 566 4622 monasterii
597 4564 709 4620 sancte
737 4553 835 4618 Flore
864 4556 930 4618 iam
961 4552 1056 4617 dictis
1086 4553 1171 4616 casis
1202 4561 1233 4615 ct
1263 4549 1413 4614 omnibus
1443 4549 1541 4613 rebus
1570 4549 1602 4612 in
1626 4549 1757 4614 easdem
1785 4549 1858 4614 loco

160 4673 195 4720 40
213 4659 322 4724 casale
346 4656 562 4743 Galengnano
587 4668 619 4722 ct
641 4659 673 4721 in
697 4657 807 4722 casale
830 4655 987 4720 (lisiliano
1011 4665 1043 4720 et
1065 4658 1099 4718 in
1122 4655 1309 4719 Patrinione
1333 4676 1395 4740 que
1418 4655 1451 4717 in
1474 4675 1512 4716 eo
1540 4653 1658 4738 legitur
1686 4656 1859 4736 monimen,

212 4787 278 4828 non
302 4761 492 4828 contradico
516 4785 575 4827 nec
599 4761 823 4826 contradicere
847 4783 965 4846 quero,
1001 4761 1078 4846 quia
1101 4781 1175 4823 curn
1198 4757 1269 4842 lege
1292 4780 1358 4822 non
1381 4779 1572 4842 possumus,
1608 4781 1645 4822 eo
1676 4757 1765 4843 qnod
1795 4760 1861 4823 iam

213 4869 308 4934 dictis
332 4871 417 4932 casis
437 4877 469 4932 et
483 4867 580 4932 rebus
603 4868 744 4953 propriis
766 4864 902 4951 predicti
926 4866 1115 4929 monasterii
1139 4873 1214 4928 sunt
1237 4873 1268 4926 et
1291 4884 1362 4926 esse
1386 4861 1482 4926 debet
1504 4883 1578 4924 cum
1600 4860 1682 4945 lege,
1707 4871 1739 4925 ot
1760 4861 1860 4926 nichil

211 4971 291 5035 mihi
314 4972 453 5057 pertinet
475 4969 519 5034 ad
541 4969 704 5035 abendam
728 4991 788 5033 nec
810 4968 1039 5054 requirendum
1062 4969 1251 5053 acquireres
1275 4965 1377 5030 debeo
1402 4988 1475 5030 cum
1498 4965 1590 5048 lege!
1626 4966 1670 5029 Et
1686 4963 1862 5051 spopondit

215 5098 249 5140 se
271 5076 343 5160 ipse
364 5072 524 5139 Rodulfus
548 5085 580 5137 et
602 5074 713 5138 Tcuzo
738 5083 770 5136 et
789 5071 929 5136 Girardo
953 5072 1027 5137 filiis
1052 5073 1142 5136 suis*
1164 5071 1320 5136 adversus
1345 5071 1458 5135 Petrus
1482 5069 1586 5134 abbas
1610 5079 1642 5133 et
1664 5069 1708 5132 ad
1724 5067 1860 5133 Amulio

162 5297 196 5344 4⁵
300 5299 358 5354 4⁰⁰.
386 5301 410 5367 e)
427 5297 483 5350 hier
509 5299 564 5349 aad
588 5304 677 5364 epate
703 5316 751 5364 snp
780 5299 915 5364 coquamus
1018 5299 1039 5362 f)
1058 5313 1135 5348 arnor
1158 5296 1247 5348 amr
1268 5313 1317 5347 oon
1341 5295 1425 5346 ach.
1445 5295 1534 5346 Brsite
1635 5295 1758 5362 glareosa·
1775 5293 1863 5345 Rarar

384 5385 434 5420 non
457 5373 476 5419 4
496 5368 548 5421 cta.
575 5369 663 5420 Breitc
773 5369 801 5432 h)
820 5369 882 5418 oder
908 5367 1077 5434 Hildegande
1186 5368 1205 5426 i)
1224 5371 1285 5416 stau
1311 5365 1356 5416 der
1382 5364 1500 5415 tibls'cbea
1526 5367 1547 5414 si
1573 5381 1621 5430 ego
1646 5369 1702 5430 ipse
1726 5372 1772 5413 aut
1792 5365 1862 5414 ullus

385 5440 414 5500 h)
432 5439 582 5504 uldispositi
594 5440 626 5499 A,
645 5438 700 5487 also
713 5438 755 5488 vel
769 5437 834 5487 chae
846 5435 1112 5501 Abhtnaaqsseichen
1124 5435 1179 5485 arrd
1197 5435 1319 5500 dispositi
1336 5441 1396 5484 statt
1416 5435 1570 5500 dispositum
1659 5437 1678 5494 l)
1697 5450 1727 5482 sa
1740 5437 1863 5498 crpitum

386 5510 574 5573 presumpserit
676 5509 712 5568 m)
731 5506 818 5556 biens
834 5506 900 5556 noct
916 5505 1092 5570 ttboflir'rrr‘qes
1109 5502 1378 5567 Abkr'r'rrrruqneichca
1394 5503 1456 5554 noer
1479 5510 1569 5552 erstem
1587 5521 1610 5552 m
1715 5505 1744 5566 n)
1764 5504 1785 5552 A
1804 5509 1864 5553 stau

388 5579 475 5642 rogiti,
498 5578 582 5642 rogati
683 5579 710 5640 o)
729 5574 751 5625 A
768 5582 829 5626 etutt
847 5591 931 5638 nunc,
955 5590 981 5624 es
992 5573 1061 5638 solqt
1078 5590 1136 5624 eom
1155 5573 1292 5624 Scbres'ber·
1308 5572 1389 5635 rosort
1404 5572 1520 5637 pstilqtee
1537 5573 1616 5622 rebus
1716 5577 1742 5638 p)
1763 5573 1785 5622 A
1802 5577 1863 5622 eran

387 5649 461 5696 iuxta
542 5651 567 5710 ql
587 5643 610 5695 A
627 5651 689 5695 etatt
707 5645 763 5694 vult
844 5643 1157 5705 instaurabamus
1238 5643 1260 5706 s)
1278 5640 1299 5691 A
1318 5647 1379 5692 statt
1398 5659 1445 5692 neo
1465 5645 1568 5708 quirerc
1649 5645 1670 5706 t)
1689 5643 1817 5694 et'l'euao
1831 5669 1863 5678 -

386 5717 441 5764 suis
459 5729 510 5765 nors
526 5714 637 5764 andwer-
652 5712 840 5778 gleichzeitiqer
857 5713 940 5763 Haud
955 5711 1017 5762 r's'bsr
1034 5711 1081 5762 der
1098 5711 1167 5762 Zetis
1185 5711 1380 5776 nacbpetrapeu.

268 5821 460 5866 maimaitun
476 5823 493 5864 1.
1601 5821 1641 5880 69
