4560 6436
366 405 429 470 632
962 404 1418 464 KAISERURKUNDEN.

469 597 571 655 habea
601 595 683 654 Dass
698 593 755 651 wir
769 607 798 650 es
814 591 955 650 trotedem
970 590 1078 648 wieder
1093 589 1269 660 abaraeten,
1290 587 1436 663 peschieht
1457 587 1592 662 tedisiieb
1614 588 1679 646 weil
1700 590 1756 646 wir
1776 588 1861 646 nieht
1880 588 1965 646 siber
1980 585 2042 644 des

464 716 560 774 ponec
581 699 614 755 ia
635 697 778 756 uacasse
799 694 968 766 befindliebe
985 693 1129 751 Meterioi
1149 690 1293 766 versuqea
1314 692 1379 750 aad
1399 693 1480 750 nieht
1502 693 1544 750 im
1568 691 1679 752 &aaa
1700 691 1770 750 sind
1798 691 1858 750 den
1883 690 2040 752 secem

469 802 531 861 hait
545 800 721 874 coiistttudip
736 797 946 871 aafeaeuren.
977 797 1044 856 Wir
1059 797 1255 856 bescbrdnieen
1278 813 1335 854 ures
1358 795 1420 855 also
1443 794 1505 866 aas
1518 797 1612 868 eiaipe
1627 796 1854 868 Bauerieunyea
1870 793 1943 852 mad
1964 794 2038 852 Ver-

468 906 660 977 mananseo.
684 903 743 963 Die
754 902 936 976 pekaastelte
951 898 1064 971 Sebrift
1080 901 1176 959 dieser
1191 899 1332 960 Urkeade
1346 899 1418 958 lasst
1434 902 1498 958 eine
1513 900 1719 973 Bestimmanp
1734 899 1786 958 der
1800 899 2036 970 Entstetauqs-

468 1011 526 1068 eeit
553 1008 646 1066 Mam
667 1025 716 1066 aa,
756 1005 849 1065 Uater
870 1005 928 1063 dea
949 1003 1137 1062 Bucbstabea
1165 1005 1272 1062 weisea
1299 1002 1430 1062 mehrere
1459 1002 1584 1061 Formen
1613 1001 1675 1073 aas
1692 1003 1793 1060 welebe
1816 1005 1877 1059 erst
1903 1003 1950 1058 im
1974 1003 2069 1060 14.5

469 1111 539 1170 oder
560 1113 603 1168 im
630 1111 681 1170 15.
705 1109 757 1168 Jb.
789 1107 1015 1182 ausqeleommea
1044 1108 1122 1167 sind.
1159 1107 1240 1167 Dass
1263 1111 1351 1166 miter
1372 1106 1429 1166 dea
1457 1107 1639 1164 eablreiehen
1661 1105 1901 1164 Abbreoiatarca
1929 1105 2034 1177 einiye

466 1213 616 1288 peradeea
639 1211 736 1285 falech
757 1211 932 1286 aayewoadt
954 1210 1178 1282 werdensem,
1213 1211 1325 1283 spricht
1355 1227 1404 1268 am
1427 1212 1551 1268 meistea
1573 1209 1628 1281 fur
1645 1209 1816 1281 Falsebaap
1839 1210 1872 1265 ia
1895 1225 2033 1265 maeror

473 1318 546 1376 Zeit.
578 1316 673 1376 Seton
694 1315 812 1374 desueto
835 1315 932 1374 baltea
953 1317 1009 1372 wir
1024 1316 1088 1372 eine
1101 1313 1316 1372 Dorsaainotie
1332 1312 1387 1386 sar
1402 1314 1559 1385 uaricbtiq,
1583 1313 1685 1372 welche
1700 1312 1756 1372 den
1770 1330 1810 1369 eu
1825 1309 1958 1383 Anfaaq
1975 1311 2030 1368 des

468 1424 519 1480 14.
536 1419 589 1479 Jb.
614 1419 753 1478 tetendero
770 1417 887 1478 Obiecto
904 1417 1071 1476 Viaeemala
1095 1415 1160 1494 (eryt.
1177 1417 1352 1490 Famuyalii
1367 1415 1521 1475 Autiebita
1537 1416 1630 1488 Loap.
1648 1415 1757 1472 Milon.
1775 1418 1804 1483 4,
1819 1413 2030 1491 278-290)

469 1521 515 1580 eis
534 1521 591 1580 dea
606 1521 746 1580 Fdlseber
767 1522 938 1580 bezeiebaet.
967 1521 1028 1580 Voa
1051 1521 1133 1578 einer
1153 1520 1240 1578 sebon
1263 1518 1380 1578 damis
1402 1519 1613 1578 eatstandenen
1628 1517 1796 1591 Felsehanp
1819 1518 1925 1575 warde
1947 1517 2079 1576 acirim

471 1625 547 1684 aucis
564 1623 649 1686 Corio
665 1625 829 1684 Keaatm'ss
848 1625 953 1698 pehobt
975 1624 1039 1682 aeid
1057 1623 1212 1683 Gebraaeb
1231 1624 1364 1698 yeneacht
1386 1625 1488 1682 moen.
1527 1624 1594 1684 Wir
1615 1623 1728 1680 darton
1749 1622 1889 1680 victerneia
1908 1639 1951 1680 aa
1966 1621 2028 1678 dea

470 1746 523 1786 am
538 1731 621 1788 1655
639 1728 777 1787 lebenden
792 1728 963 1800 Riuaetiai,
987 1727 1054 1786 dem
1074 1729 1117 1784 im
1137 1725 1199 1786 01).
1215 1727 1348 1801 Laapob.
1368 1731 1452 1787 1779
1476 1726 1539 1785 aad
1561 1729 1643 1785 1781
1668 1725 1761 1784 cedre
1780 1723 1952 1798 yleieisfulls
1967 1742 2026 1782 voa

470 1829 550 1901 Biffi
566 1831 730 1904 pabiieirte
751 1832 871 1890 mathie
891 1831 1053 1891 Urlamdeu
1068 1833 1204 1906 bespeleqt
1225 1833 1347 1904 werden,
1372 1833 1440 1891 oder
1454 1849 1495 1890 aa
1510 1832 1613 1890 dassen
1628 1829 1721 1889 daret
1735 1830 1899 1888 eahlreiche
1913 1847 2024 1902 peneu-

471 1934 594 2008 loyisobe
615 1935 824 2008 Faucuuaqen
844 1936 970 1995 bekannt
990 1936 1181 2009 qewordeaea
1204 1935 1409 2008 Zeitpeaossea
1434 1933 1823 2012 animosissimus·
1844 1933 2026 1991 Istitueioni

472 2037 545 2110 dipl.
567 2041 598 2108 2,
621 2036 704 2116 419).
747 2039 806 2098 Die
827 2041 861 2097 ia
882 2041 1025 2100 Maitona
1046 2042 1214 2100 abalienes
1235 2039 1334 2098 Aleten
1356 2041 1405 2100 des
1428 2041 1492 2098 dem
1515 2041 1652 2099 leteterea
1670 2040 1840 2112 peasacmere
1862 2039 2025 2096 Roaesses
2045 2053 2076 2099 15

471 2141 586 2200 werden
608 2142 682 2200 wobi
709 2160 759 2200 am
781 2143 896 2202 aestio
917 2142 1098 2215 Aafscbluss
1120 2146 1222 2204 bietea.

474 2328 533 2409 (O.)
556 2323 571 2405 i
594 2327 633 2392 In
655 2329 787 2392 nomine
810 2337 924 2394 sancte
947 2338 979 2394 et
1000 2329 1168 2395 individue
1192 2330 1355 2395 trinitatis.
1395 2328 1473 2395 Otto
1491 2329 1729 2395 Germanorum
1753 2351 1812 2394 rex
1827 2351 1869 2394 ae
1885 2327 2023 2412 Longo-

370 2430 547 2497 bardorum
570 2432 682 2498 divina
711 2432 925 2518 dispositione
953 2436 1131 2519 imperator
1161 2457 1289 2520 semper
1316 2432 1523 2517 augustus}
1609 2434 1739 2519 Equum
1767 2431 1864 2498 uobis
1890 2455 2025 2518 semper

370 2536 476 2600 visum
498 2545 549 2601 est
577 2537 671 2601 iustis
699 2536 910 2621 petitionibus
933 2547 1118 2602 nostrorum
1141 2536 1286 2601 fidelium
1309 2560 1410 2614 aures
1427 2536 1586 2622 benignas
1610 2538 1805 2602 acomodare
1827 2537 2024 2622 gratiasque

371 2647 498 2703 nostras
520 2638 747 2705 favorabiliter
769 2643 815 2704 cis
843 2643 1022 2726 impertire,
1052 2642 1195 2705 maxime
1225 2662 1300 2704 cum
1327 2640 1371 2704 ad
1400 2641 1631 2726 omnipotentis
1661 2640 1712 2705 dei
1742 2639 2024 2726 immaculatequc
2042 2655 2076 2703 20

370 2741 504 2825 virginis
534 2745 646 2807 matris
670 2742 774 2807 Marie
806 2765 845 2807 ac
877 2753 1066 2810 sanctorum
1093 2743 1200 2809 cultus
1231 2767 1290 2808 nee
1319 2766 1386 2808 non
1414 2754 1447 2809 et
1469 2744 1512 2808 ad
1534 2744 1768 2809 deffensionem
1789 2743 2023 2827 religiosorum

370 2848 417 2910 eis
447 2848 690 2913 inservientium
719 2871 780 2914 nos
809 2849 957 2915 invitant.
1004 2849 1212 2934 Quapropter
1242 2850 1402 2914 universis
1432 2847 1491 2913 sub
1522 2859 1633 2914 nostro
1663 2847 1851 2913 felicissimo
1880 2850 2024 2933 imperio
2127 2911 2134 2926 ,

370 2948 563 3032 degentibus
592 2962 706 3015 notrum
735 2973 806 3016 esse
836 2952 1003 3036 volumus,
1041 2953 1215 3019 Addonem
1243 2954 1400 3019 illustrem
1432 2955 1584 3018 comitem
1613 2953 1835 3018 consiliarium
1870 2963 2026 3017 nostrum

369 3052 591 3119 fidelissimum
625 3055 786 3140 imperiali
819 3058 982 3122 maiestati
1011 3068 1122 3122 nostre
1155 3060 1363 3144 exposuisse,
1399 3057 1487 3144 quod
1521 3080 1631 3124 comes
1660 3058 1773 3122 Fatius
1808 3058 1879 3121 eius
1915 3079 2025 3142 nepos

370 3156 548 3222 venerabili
567 3157 734 3224 abbatisse
750 3159 879 3224 domine
894 3159 1053 3226 Adelaide
1077 3162 1166 3226 affini
1189 3172 1298 3228 nostre
1322 3163 1490 3226 carissime
1515 3185 1576 3248 que
1600 3184 1730 3247 preesse
1752 3160 1882 3225 videtur
1905 3183 2025 3226 mona·
2044 3175 2077 3224 25

370 3263 468 3326 sterio
493 3272 604 3326 sancte
627 3262 731 3328 Marie
759 3265 890 3328 maioris
914 3264 1065 3330 edificate
1095 3268 1180 3330 intra
1202 3269 1331 3331 vineam
1362 3288 1465 3352 prope
1491 3266 1663 3350 antiqum⁸
1685 3263 1843 3349 palatium
1867 3275 2023 3330 nostrum

370 3366 537 3450 imperiale
560 3369 646 3433 intra
669 3369 834 3432 civitatem
857 3368 1053 3452 Mediolani,
1086 3368 1221 3434 donavit
1248 3370 1457 3436 medietatem
1486 3372 1586 3435 curtis
1616 3371 1715 3435 castri
1745 3377 1777 3432 et
1799 3366 1876 3431 ville
1900 3367 2023 3433 Aroxii

370 3490 444 3534 cum
467 3472 536 3535 eius
559 3469 695 3555 capellis
725 3472 811 3535 casis
840 3463 933 3535 terris
963 3481 995 3536 ct
1021 3470 1145 3537 iuribus
1175 3495 1215 3537 ac
1237 3471 1425 3538 hominibus
1448 3476 1624 3560 utriuque⁸
1653 3495 1751 3537 sexus
1774 3471 1898 3536 eisdem
1924 3476 2026 3557 perti-

369 3572 536 3656 nentibus,
566 3582 599 3639 et
625 3576 760 3660 insuper
788 3575 900 3659 iugera
930 3575 1044 3640 decem
1072 3584 1155 3639 terre
1184 3579 1293 3661 posita
1321 3576 1368 3640 ibi
1395 3576 1451 3641 ubi
1484 3575 1603 3642 dicitur
1635 3577 1668 3640 in
1697 3576 1882 3640 Romanore
1918 3583 1954 3637 et
1989 3578 2024 3640 in

369 3675 533 3759 Bugontio
557 3699 659 3762 prope
683 3675 803 3741 dictam
826 3685 961 3759 cumam,
989 3686 1096 3762 preter
1117 3678 1220 3742 multa
1242 3678 1365 3743 inculta
1387 3681 1421 3744 in
1444 3680 1567 3744 eisdem
1590 3680 1682 3762 loeis,
1706 3679 1789 3743 sicut
1812 3700 1851 3742 ea
1874 3679 2023 3763 integra·
2044 3693 2079 3741 ³0

372 3778 444 3842 liter
472 3789 689 3863 pervenerunt
717 3782 750 3845 in
779 3791 905 3866 partem
932 3780 1099 3866 quondam
1125 3781 1243 3847 illustri
1271 3783 1341 3847 viro
1374 3783 1556 3848 Mainfredo
1589 3806 1646 3847 seu
1673 3784 1874 3866 Berengario
1904 3785 2025 3847 comiti

373 3904 435 3945 avo
465 3904 523 3946 suo
554 3893 586 3947 et
613 3883 655 3948 ab
685 3906 724 3948 eo
751 3894 967 3968 pervenerunt
988 3887 1020 3949 in
1043 3883 1130 3952 bone
1152 3888 1307 3951 memorie
1330 3887 1481 3970 Hugonis
1504 3889 1633 3951 comitis
1656 3888 1725 3952 eius
1747 3885 1803 3951 filii
1827 3895 1860 3949 et
1883 3886 1964 3950 inde
1989 3890 2024 3952 in

372 3986 525 4050 comitem
548 3986 727 4050 Fulconem
751 3989 820 4054 eius
843 3997 1011 4074 nepotem,
1036 3990 1229 4076 exponentis
1252 3998 1286 4054 et
1308 3988 1478 4055 Amizonis
1502 3992 1629 4055 comitis
1652 3992 1721 4054 eius
1747 3991 1856 4054 fratris
1881 3999 2022 4074 patrem,

374 4108 449 4151 cum
474 4087 623 4154 omnibus
639 4111 751 4154 eorum
775 4090 898 4156 iuribus
921 4090 1128 4158 libertatibus
1150 4091 1409 4158 immunitatibus
1432 4103 1464 4157 et
1487 4092 1618 4177 regaliis
1637 4091 1732 4156 dietis
1754 4092 1849 4156 bonis
1866 4101 2023 4176 spectan-

374 4191 470 4275 tibus,
496 4195 604 4258 omnia
619 4195 652 4258 in
667 4197 829 4280 integrum
844 4198 1008 4281 perpetuis
1031 4195 1232 4281 temporibus
1255 4196 1299 4260 ad
1320 4195 1516 4260 beneficium
1533 4217 1700 4260 sacrarum
1716 4196 1877 4278 virginum
1894 4194 2022 4260 ibidem
2041 4217 2078 4265 35

374 4295 437 4360 deo
465 4297 692 4363 famulantium
721 4321 781 4364 nee
810 4322 876 4365 non
903 4299 948 4363 ad
974 4299 1147 4364 utilitatem
1176 4299 1295 4364 nobilis
1323 4298 1429 4384 puelle
1452 4299 1620 4366 Valdrade
1650 4302 1719 4364 eius
1750 4299 1871 4363 sororis
1895 4296 2023 4363 ibidem

375 4409 539 4485 saeratae,
569 4403 622 4465 eui
645 4404 744 4467 etiam
774 4403 907 4468 illustris
931 4405 1175 4487 consanguinea
1204 4412 1317 4468 nostra
1339 4403 1471 4469 Mitilda
1492 4406 1561 4468 eius
1584 4413 1690 4467 mater
1711 4403 1875 4466 concessit
1902 4423 2023 4466 mansa

375 4515 513 4590 quatuor
536 4516 619 4571 terre
641 4508 674 4571 in
698 4506 770 4572 loco
787 4507 909 4588 Quinto
933 4529 976 4571 ex
998 4505 1061 4571 illis
1083 4506 1179 4571 bonis
1203 4529 1261 4592 per
1283 4506 1427 4591 regalem
1450 4506 1722 4582 munifitentiam¹
1745 4513 1893 4570 nostram
1912 4505 2024 4570 eidem

374 4608 501 4674 Mitilde
522 4609 659 4696 largitis,
682 4610 840 4675 adiiciens
862 4613 962 4676 etiam
984 4632 1024 4675 ea
1041 4613 1149 4675 omnia
1172 4632 1300 4695 semper
1321 4610 1422 4676 luisse
1438 4611 1498 4676 sub
1515 4608 1742 4675 mundiburdio
1761 4607 1874 4692 regali,
1900 4608 2024 4675 deinde

374 4713 533 4800 imperiali
556 4713 648 4780 nonb
671 4717 824 4802 possein
847 4718 916 4779 iure
939 4713 1046 4779 alieno
1069 4715 1207 4778 transire
1224 4716 1292 4778 sine
1315 4713 1443 4799 spetiali
1467 4714 1556 4798 regia
1572 4723 1629 4778 aut
1650 4711 1807 4798 imperiali
1827 4715 2022 4778 sanctione:
2042 4733 2078 4779 40

375 4817 448 4882 ideo
478 4819 641 4885 humiliter
669 4820 873 4884 maiestatem
902 4827 1047 4884 nostram
1075 4819 1226 4883 exoravit
1253 4829 1290 4883 ut
1322 4819 1426 4884 dictas
1457 4818 1650 4884 donationes
1678 4818 1875 4881 auctoritate
1905 4825 2026 4883 nostra

375 4921 510 4988 laudare
540 4933 572 4988 et
601 4924 724 4990 donata
747 4923 853 4989 denuo
879 4923 938 4988 sub
963 4922 1112 4988 tutellam
1134 4921 1354 4988 mundiburdii
1383 4923 1486 4987 nostri
1514 4922 1658 5006 recipere
1681 4922 1901 5004 dignaremur.
1940 4920 2025 4986 Ideo

376 5046 436 5088 nos
459 5027 541 5090 tanti
563 5028 624 5091 viri
652 5027 744 5092 iustis
774 5024 983 5112 petitionibus
1012 5035 1168 5092 anuentes
1199 5049 1263 5091 non
1287 5025 1392 5091 solum
1422 5033 1556 5111 propter
1583 5026 1652 5089 cius
1682 5023 1826 5107 ingentia
1848 5025 1969 5088 merita
1994 5034 2028 5088 et

376 5129 556 5196 indefessos
579 5130 710 5196 labores
733 5129 775 5195 ad
799 5131 968 5195 tuitionem
991 5129 1117 5216 imperii
1141 5139 1173 5194 et
1189 5128 1411 5194 defensionem
1433 5127 1551 5212 regalis
1575 5149 1713 5212 persone
1735 5135 1845 5191 nostre
1868 5147 1931 5210 per
1946 5150 2025 5192 eum

375 5243 488 5317 pastos
500 5243 520 5317 ⁰,
546 5233 724 5299 sedetiam
747 5257 820 5299 eum
844 5233 883 5298 de
906 5231 1045 5298 nostra‘l
1069 5235 1101 5297 in
1125 5255 1163 5298 eo
1186 5231 1413 5298 benevolentia
1436 5233 1645 5296 certioratum
1668 5253 1738 5296 esse
1760 5228 1921 5310 volentes,
1947 5252 2023 5315 pro·
2043 5255 2078 5299 ss

376 5337 481 5402 dictas
499 5337 690 5402 donationes
714 5337 885 5403 laudamus
903 5338 1075 5422 omniaque
1097 5338 1131 5399 in
1154 5359 1193 5400 ea
1206 5345 1219 5372 ⁸
1241 5344 1394 5399 contenta
1417 5334 1616 5398 ratificantes
1632 5333 1828 5418 aprobamus
1845 5340 1878 5394 et
1895 5331 2027 5398 donata

376 5441 409 5504 in
432 5442 479 5504 cis
503 5439 562 5504 sub
586 5439 754 5504 tuitionem
777 5439 997 5506 mundiburdii
1012 5440 1116 5505 nostri
1130 5439 1305 5523 recipimus
1329 5448 1361 5501 et
1384 5447 1540 5523 perpetuo
1558 5459 1629 5500 esse
1653 5437 1827 5500 sancimus.
1863 5433 2028 5500 Preterea

378 5565 451 5608 cum
484 5546 517 5608 in
546 5541 686 5608 ecclesia
714 5543 792 5608 dicti
821 5543 1016 5608 venerabilis
1045 5544 1147 5607 nostri
1176 5541 1366 5606 monasterii
1394 5541 1538 5622 insignes
1566 5538 1827 5622 deposuissemus
1861 5536 2029 5624 reliquias

463 5695 521 5750 ⁴⁸2.
550 5697 666 5767 [Ricger]
769 5697 836 5763 a)A
942 5699 969 5760 b)
986 5703 1045 5749 statt
1064 5713 1112 5748 nac
1217 5696 1242 5754 c)
1259 5700 1320 5744 aaa
1338 5710 1430 5760 passos
1516 5687 2031 5756 1d)nstraouaelohtmn9mecum.
