4576 6428
917 426 1042 482 ΟΤΤΟ
1065 427 1088 481 Ι.
1113 422 1185 480 965.
1812 415 1874 480 407

226 623 359 672 farinariis
378 627 404 671 et
422 623 594 672 servitoribus
617 623 680 683 ariis,
704 621 749 670 sed
769 627 795 672 et
813 622 967 686 appenditia
986 624 1043 672 eius
1058 641 1087 684 ιι,
1111 605 1244 672 Arrrerisf
1266 639 1384 672 inausum
1408 639 1468 672 cum
1492 625 1642 688 integritate
1665 639 1721 685 sris,
1739 624 1875 672 vincarum

227 727 329 777 scilicet
357 741 515 790 pascuarum
545 741 667 791 agrorum
697 730 723 774 et
752 726 892 788 silvarum,
921 743 970 775 nec
1000 727 1086 776 minus
1116 731 1142 776 et
1166 729 1257 776 vineas
1281 727 1387 789 Aluodi,
1416 723 1531 776 omnesg
1561 729 1588 776 in
1616 733 1705 778 monte
1728 727 1810 777 Barro
1833 727 1876 777 vel

227 831 364 880 Barricino
388 831 558 890 constitutas,
582 831 610 877 in
632 830 788 878 Bruviriaco
812 846 917 894 quoque
940 829 1099 893 plantariam
1122 831 1275 895 Edenulphi
1298 837 1325 880 et
1347 831 1508 880 Leutrnumli
1532 848 1591 881 cum
1616 831 1774 897 quibusdam
1790 833 1875 882 vineis

227 934 299 996 aliis,
322 933 451 998 quidquid
474 935 552 982 etiam
576 935 604 982 in
623 932 776 998 Saponariis
799 934 831 983 de
854 939 929 998 parte
952 936 1036 983 sancti
1055 934 1120 998 Apri
1143 935 1263 997 liabetur,
1286 951 1336 984 nee
1358 951 1411 985 uon
1435 940 1461 984 st
1483 936 1637 985 farinarium
1660 938 1687 986 in
1711 937 1806 999 Nasio,
1830 937 1875 986 sed

193 1043 253 1089 bct
275 1055 395 1088 mansum
419 1040 502 1087 sancti
525 1039 663 1086 starimini
687 1053 747 1087 curn
770 1043 840 1086 sorte
864 1038 921 1087 eius
943 1039 988 1102 qui
1012 1044 1073 1086 aute
1096 1039 1166 1087 feres
1189 1040 1341 1088 monasterii
1368 1039 1495 1100 consistit,
1519 1056 1578 1088 cunr
1602 1039 1722 1102 ecclesia,
1747 1041 1807 1089 item
1828 1040 1876 1088 vil-

227 1141 308 1191 lulam
332 1157 399 1206 quae
422 1141 519 1190 dicitur
542 1141 689 1190 vidiliacus
711 1158 741 1202 ιι,
768 1147 795 1190 ει
817 1141 948 1190 Alannunr
972 1157 1031 1190 curn
1055 1142 1176 1190 omnibus
1199 1142 1363 1205 appendiciis
1386 1129 1459 1204 suis,
1478 1160 1537 1193 cum
1561 1143 1674 1193 ecclesia
1696 1159 1764 1208 quae
1788 1148 1827 1192 est
1848 1145 1877 1192 in

228 1245 398 1294 Columbaria
422 1240 454 1293 et
476 1228 636 1314 quidquid
658 1227 701 1292 ad
724 1228 862 1292 eandem
885 1229 1057 1293 ecclesiam
1080 1232 1223 1314 respicit.
1265 1229 1433 1315 Capellam
1457 1255 1586 1318 quoque
1610 1232 1775 1297 Horcadis
1798 1232 1877 1298 villa

227 1333 271 1397 ad
294 1333 379 1397 hanc
402 1334 508 1418 ipsam
532 1332 704 1396 ecclesiam
727 1333 942 1416 pertinentem
965 1333 1133 1417 praefatus
1158 1332 1325 1400 Gerardus
1350 1337 1486 1399 antistes
1509 1336 1542 1398 in
1567 1337 1616 1399 sui
1645 1357 1876 1401 commemora-

227 1438 348 1500 tionem
377 1436 589 1500 anniversarii
618 1437 684 1499 iam
712 1444 788 1499 ante
818 1433 981 1498 sublatam
1009 1457 1067 1520 pre
1098 1459 1209 1500 amore
1239 1441 1343 1501 sancti
1367 1437 1449 1523 Apri
1472 1447 1504 1502 et
1527 1461 1585 1523 spe
1607 1442 1698 1524 regni
1728 1439 1877 1504 coelestis

133 1594 135 1598 .
178 1539 381 1606 10fratribus
410 1537 561 1602 reddidit.
608 1537 764 1602 Similiter
787 1539 832 1602 eis
856 1537 1029 1601 eeclesiam
1052 1537 1092 1603 de
1117 1539 1268 1624 Oripiaco
1296 1563 1354 1626 pre
1378 1541 1522 1606 remedio
1546 1542 1685 1618 animae
1700 1565 1778 1606 suae
1801 1565 1876 1607 eon-

227 1642 309 1707 tulit.
347 1657 444 1706 Villam
467 1674 483 1704 ιι
507 1656 634 1721 Stephani
658 1673 717 1706 curn
741 1657 905 1720 appendiciis
928 1657 983 1705 suis
1007 1662 1033 1706 et
1055 1658 1192 1707 basilicam
1216 1675 1239 1720 ιι,
1264 1657 1396 1709 Salamias
1419 1676 1479 1709 cum
1503 1660 1616 1710 ecclesia
1638 1667 1664 1710 et
1686 1663 1756 1710 omni
1780 1677 1877 1725 appen-

228 1761 301 1823 ditie,
324 1761 401 1810 Silini
416 1778 432 1808 ιι
447 1767 548 1810 curtem
571 1777 632 1810 cum
655 1761 768 1811 eeclesia
789 1777 806 1808 ιι
829 1765 855 1810 et
877 1761 1006 1810 Grimuldi
1029 1747 1173 1810 vicinum
1196 1777 1256 1811 curn
1280 1762 1444 1826 appendiciis
1467 1763 1522 1812 suis
1545 1770 1604 1832 pro
1629 1771 1693 1834 quc
1717 1749 1806 1813 facta
1829 1759 1878 1813 est

228 1852 439 1916 commutatio
466 1849 507 1915 de
535 1849 632 1914 rebus
663 1851 766 1914 sancti
797 1849 878 1934 Apri
907 1852 992 1914 intra
1023 1850 1105 1914 fines
1134 1849 1365 1914 Hercadenses
1395 1859 1427 1914 et
1457 1849 1652 1916 Navensesh
1685 1851 1876 1936 iacentibuS,

227 1971 378 2034 Cripiacum
401 1986 460 2018 cum
483 1969 648 2034 appendiciis
671 1971 726 2018 suis
749 1986 773 2031 ιι,
796 1969 937 2018 Mannonis
961 1977 1061 2018 curtem
1090 1985 1150 2018 cum
1179 1968 1292 2018 ecclesia
1320 1984 1352 2018 ex
1374 1969 1492 2034 integre,
1523 1969 1644 2018 similiter
1667 1969 1791 2018 Stadonis
1814 1975 1840 2019 et
1862 1985 1878 2017 ι

178 2077 209 2125 15
227 2074 427 2124 Birandenocum
450 2089 510 2122 cum
534 2057 669 2122 dimidiu
693 2073 805 2123 ecclesia
829 2076 855 2122 et
877 2073 904 2120 in
928 2055 1073 2122 hlasellosi
1096 2079 1229 2120 mansos
1248 2067 1323 2138 tres,
1347 2073 1534 2122 Martiniacum
1556 2088 1616 2122 cum
1640 2073 1760 2135 ecclesia,
1783 2073 1829 2122 sed
1852 2078 1879 2122 ει

228 2183 323 2226 ιειιιιιιι
346 2178 374 2226 iu
396 2177 514 2226 Boviace
537 2193 569 2225 cx
592 2181 648 2226 teto
672 2192 750 2241 squam
775 2175 902 2226 Silvester
924 2191 971 2238 per
993 2177 1149 2239 prestariam
1173 2177 1264 2237 tenuit,
1289 2176 1356 2225 duos
1379 2192 1485 2240 queque
1507 2191 1612 2225 mansos
1631 2178 1659 2224 iu
1678 2175 1802 2226 hlediarro
1818 2177 1877 2225 vico

228 2282 273 2330 ubi
297 2281 397 2330 salinae
420 2296 511 2330 eorum
533 2281 627 2330 usibus
651 2264 801 2329 conditae
825 2284 900 2340 sunt,
924 2295 991 2344 ques
1014 2284 1040 2328 et
1063 2281 1101 2328 eis
1120 2279 1311 2344 tlbristoplrers
1332 2279 1466 2344 quondam
1489 2279 1575 2341 (ledit,
1598 2297 1614 2328 ιι
1637 2295 1756 2329 rnansuur
1781 2265 1878 2328 etiam

228 2386 355 2450 Stephani
377 2387 405 2434 in
428 2385 504 2433 silini
528 2387 602 2434 curte
625 2401 685 2434 curn
708 2385 831 2434 omuibus
854 2383 982 2448 quidquid
1005 2365 1091 2430 idem
1108 2365 1293 2451 Stephanus
1318 2382 1414 2431 babere
1433 2383 1470 2431 ibi
1489 2384 1562 2432 visus
1581 2389 1627 2444 est,
1651 2367 1784 2432 alodum
1801 2390 1878 2452 quo·

229 2496 291 2560 que
310 2475 344 2537 in
362 2469 516 2537 Isciacol
539 2470 627 2558 quod
650 2471 740 2536 dedit
755 2471 922 2536 Retfridus
945 2470 1038 2535 miles
1062 2480 1137 2555 pest
1160 2472 1193 2534 in
1218 2472 1289 2555 ipso
1313 2472 1510 2536 monasterio
1535 2493 1720 2553 conversus,
1746 2471 1878 2536 alodum

179 2595 212 2642 ιο
231 2579 328 2642 etiam
352 2575 440 2662 qued
464 2576 554 2641 dedit
577 2574 748 2641 Conradus
772 2575 905 2661 quidam
932 2574 1052 2640 nobilis
1081 2577 1115 2638 in
1142 2576 1300 2638 comitatu
1323 2573 1474 2638 Salninse
1497 2576 1531 2638 in
1553 2573 1631 2638 villa
1654 2597 1738 2660 quae
1762 2574 1881 2638 dieitur

228 2679 470 2763 Dructelingas,
495 2680 627 2745 alodum
645 2702 773 2767 quoque
793 2677 903 2764 [qued]
923 2678 1011 2743 dedit
1028 2677 1160 2764 quidam
1177 2678 1275 2761 Ilugo
1292 2699 1468 2742 conversus
1484 2679 1516 2741 in
1533 2675 1685 2742 ειιιιιιιο1
1707 2686 1739 2742 et
1754 2687 1880 2763 partem

230 2782 387 2847 ecclesiae
411 2806 509 2869 quam
532 2783 676 2848 habebat
698 2784 732 2846 in
746 2782 824 2846 villa
840 2803 923 2866 quae
946 2780 1065 2846 dicitur
1081 2777 1286 2862 Hercadisffl,
1313 2780 1458 2845 similiter
1481 2779 1612 2845 alodum
1635 2782 1731 2846 unius
1755 2780 1879 2844 seilicet

230 2887 335 2950 mansi
364 2888 396 2948 in
426 2895 526 2971 ponte
555 2887 649 2949 iuxta
677 2894 820 2950 castrum
849 2887 971 2970 Fangis
984 2897 997 2924 ¹¹
1029 2907 1126 2970 super
1154 2885 1289 2949 fluvium
1313 2884 1422 2950 Ornae
1452 2885 1541 2972 quod
1563 2884 1652 2949 dedit
1680 2885 1879 2950 Godefridus

230 2989 322 3052 miles
346 3011 404 3074 pro
429 2988 596 3074 sepultura
620 3012 694 3071 sua,
730 2991 763 3053 in
786 2991 943 3054 comitatu
966 3013 1044 3053 vcro
1067 2988 1225 3052 Moslinse
1254 2998 1318 3053 tres
1342 3011 1474 3052 manses
1498 2997 1530 3052 et
1552 2988 1723 3054 dimidium
1745 2991 1779 3053 in
1801 2988 1880 3053 villa

179 3111 212 3156 as
231 3114 314 3177 quae
336 3091 460 3155 Villare
484 3092 603 3156 dicitur
625 3114 723 3176 super
746 3091 869 3156 Ornam
892 3093 1026 3158 fluvium
1050 3095 1112 3157 sita
1136 3114 1218 3177 ques
1241 3091 1446 3176 Angelilinus
1469 3115 1528 3178 per
1555 3094 1737 3177 precariam
1766 3093 1878 3156 tenuit.

230 3213 405 3262 concedimus
428 3228 534 3277 queque
556 3212 623 3275 illis,
655 3214 725 3262 sicut
746 3215 773 3262 in
796 3214 942 3278 privilegiis
965 3215 1150 3278 episcoporum
1173 3215 1337 3275 continetur,
1366 3214 1394 3261 in
1416 3211 1482 3260 villa
1503 3227 1572 3277 quae
1596 3211 1693 3261 dicitur
1715 3211 1806 3260 Pietra
1828 3201 1879 3271 [ex]

230 3317 373 3380 piscatoria
395 3317 512 3381 episcopi
535 3332 590 3365 una
612 3332 716 3382 quaque
739 3317 905 3366 hebdomada
928 3317 994 3367 diras
1016 3323 1122 3379 nectes,
1152 3311 1321 3386 praeterea
1344 3300 1461 3365 cellam
1484 3299 1667 3364 Bainvillae
1690 3321 1788 3384 quam
1811 3301 1880 3385 qui·

230 3403 307 3468 dam
322 3404 414 3490 miles
430 3402 618 3469 Αιιιιιιιιιι0
640 3406 770 3469 nomine
792 3404 867 3469 loco
891 3407 996 3470 saneti
1012 3404 1094 3490 Apri
1117 3404 1253 3469 tradidit
1274 3415 1306 3468 et
1328 3403 1467 3488 legalem
1490 3403 1566 3468 inde
1581 3404 1772 3468 vestituram
1791 3403 1879 3484 feeit,

230 3529 269 3571 eo
285 3506 437 3572 videlicet
452 3517 564 3571 tenere
580 3516 615 3571 ut
631 3507 730 3592 aliqui
755 3507 796 3572 de
819 3508 973 3572 fratribus
998 3507 1040 3573 ad
1063 3507 1312 3572 custodiendum
1334 3507 1492 3590 regularis
1516 3506 1708 3591 disciplinae
1732 3506 1879 3570 ordinem

180 3634 213 3682 30
230 3612 264 3674 in
287 3633 325 3674 eo
348 3610 422 3675 loce
446 3620 643 3695 ponerentur
665 3620 697 3675 ct
719 3633 777 3696 per
801 3611 1009 3677 succedentia
1031 3621 1180 3697 tempera
1203 3611 1391 3676 monasterii
1409 3611 1513 3674 sancti
1530 3607 1611 3695 Apri
1627 3617 1778 3694 respectu
1793 3617 1880 3672 tene-

230 3722 357 3796 rentur,
386 3715 517 3799 insuper
544 3715 643 3778 etiam
673 3713 829 3800 quidquid
858 3738 899 3779 ex
929 3724 1021 3800 parte
1053 3717 1158 3780 sancti
1182 3714 1263 3799 Apri
1285 3716 1318 3778 in
1342 3712 1546 3796 Rechiringis
1570 3721 1602 3776 et
1622 3714 1656 3776 in
1678 3711 1826 3796 Pipingis
1849 3721 1881 3776 et

231 3817 262 3880 in
279 3815 466 3900 Marmugot
488 3819 689 3882 coniacentis
704 3840 784 3883 -esse
807 3817 943 3884 videtur.
983 3819 1089 3904 Saepe
1112 3820 1199 3882 t'atus
1222 3819 1320 3882 etiam
1341 3816 1537 3881 venerabilis
1560 3818 1695 3882 antistes
1713 3815 1880 3881 Gerardus

230 3918 403 3984 ecclesiam
428 3919 468 3984 de
490 3921 663 3986 vitriacos
689 3945 748 4006 pro
772 3922 924 3987 habenda
948 3944 1076 4006 semper
1106 3923 1235 3986 animae
1265 3943 1345 3985 suae
1372 3921 1681 3985 commemoratione
1711 3919 1878 4004 praedicto

229 4022 302 4088 loco
331 4024 481 4089 restituit.
526 4041 600 4090 Haec
629 4042 711 4105 igitur
740 4043 828 4090 omnia
854 4046 995 4104 praecepte
1019 4040 1184 4090 celsitudinis
1208 4045 1313 4090 nostrae
1336 4038 1459 4089 habenda
1480 4039 1669 4103 perpetualiter
1692 4040 1832 4088 statuimus
1856 4009 1887 4088 et.

179 4151 211 4198 35
231 4141 331 4206 absque
354 4141 546 4206 inquietudinis
569 4143 712 4193 cuiuslibet
735 4143 856 4193 molestia
878 4145 1039 4208 possidenda
1061 4161 1077 4192 ιι
1099 4143 1272 4204 decrevimus,
1307 4126 1536 4191 interdicentes
1560 4138 1595 4191 ut
1618 4145 1703 4206 ipsam
1732 4142 1880 4191 ordinatam

230 4246 462 4309 congregationem
483 4252 579 4293 neme
603 4229 847 4294 succedentium
870 4234 1100 4317 episcoporum
1123 4231 1174 4296 vel
1198 4229 1363 4317 quaelibet
1386 4231 1565 4314 petentium
1589 4251 1801 4314 personarum
1824 4261 1880 4308 per-

230 4349 337 4398 turbare
359 4348 402 4398 vel
426 4348 582 4398 exordinare
604 4350 702 4398 iniuste
724 4355 876 4414 praesumat
897 4335 949 4399 vel
973 4357 1014 4398 ex
1037 4334 1134 4399 rebus
1158 4356 1270 4399 cerunt
1293 4333 1461 4418 quidpiam
1484 4335 1617 4415 minuat,
1641 4349 1687 4399 sad
1710 4349 1789 4398 liceat
1807 4364 1880 4412 prae-

229 4453 291 4502 fatis
314 4451 450 4502 monachis
479 4467 532 4501 non
561 4451 646 4502 solum
676 4452 809 4516 praelatas
838 4467 893 4514 res,
924 4452 970 4501 sed
993 4453 1072 4502 etiarn
1095 4455 1117 4502 si
1139 4468 1193 4517 qua
1216 4437 1370 4522 deinceps
1394 4468 1410 4502 a
1433 4452 1482 4502 dee
1506 4454 1659 4502 timentibus
1681 4440 1879 4502 monasterio

231 4540 343 4606 Oblata
371 4556 483 4618 suerint,
516 4557 606 4620 quiete
636 4555 728 4605 ordine
756 4554 891 4619 possidere
921 4556 1039 4621 nihilque
1062 4558 1100 4606 eis
1123 4557 1210 4605 oneris
1233 4557 1347 4620 amplius
1370 4558 1481 4622 quisque
1508 4557 1660 4620 praesulum
1683 4557 1881 4606 succedentium

178 4665 212 4714 te
231 4661 349 4724 imponat
370 4677 449 4725 quam
473 4661 499 4709 in
523 4665 665 4710 memorato
681 4659 820 4724 privilegio
836 4661 1009 4708 constitutum
1025 4675 1082 4710 esse
1098 4665 1208 4722 constat,
1228 4677 1244 4707 ιι
1263 4659 1309 4710 sed
1324 4643 1621 4730 quandocumquei
1644 4677 1692 4724 pre
1708 4660 1799 4725 aliqua
1813 4661 1882 4710 ordi-

231 4765 338 4814 natione
356 4749 406 4813 vel
423 4749 628 4833 correptione
652 4763 684 4812 ad
707 4763 776 4812 idem
798 4764 987 4812 monasterinm
1011 4764 1160 4826 accesserit,
1183 4765 1334 4828 paupertati
1358 4779 1449 4812 corum
1467 4764 1489 4812 si
1505 4762 1622 4812 soluerit
1643 4765 1792 4827 participet,
1816 4763 1882 4813 alias

232 4873 319 4916 autem
343 4872 372 4916 ut
394 4868 506 4930 praelati
538 4882 629 4916 sumus
663 4882 711 4915 nec
739 4868 796 4930 ipse
819 4883 867 4916 nec
890 4869 931 4916 sui
955 4868 983 4916 in
1012 4868 1102 4932 alique
1129 4852 1284 4918 fratribus
1314 4853 1520 4916 inveniuntur
1550 4853 1689 4917 onerosi.
1728 4867 1765 4917 Ut
1794 4871 1883 4916 alitem

234 4970 313 5018 liuius
343 4970 538 5018 constitutionis
567 4975 673 5019 nostrae
701 4970 830 5020 autoritas
859 4969 958 5020 tirmior
986 4971 1117 5020 habeatnr
1139 4989 1155 5020 ιι
1179 4987 1225 5036 per
1255 4969 1425 5020 succedentia
1453 4974 1573 5034 tempera
1600 4962 1633 5018 et
1660 4953 1882 5018 inviolabilius

233 5066 458 5140 conservetur,
493 5087 572 5123 manu
594 5074 703 5138 propria
725 5089 783 5123 cam
805 5073 896 5123 subter
918 5072 1080 5123 firmavimus
1104 5074 1248 5140 annulique
1272 5075 1354 5125 nestri
1377 5074 1550 5138 impressione
1572 5058 1718 5141 insigniri
1749 5074 1882 5123 iussimus.

179 5323 212 5371 45
317 5311 375 5366 2⁹0.
403 5315 423 5378 ι’)
444 5315 472 5364 D
488 5313 543 5364 aad
559 5314 622 5376 ΠΙ,
640 5314 800 5366 AuthorisA
881 5316 956 5383 g)1>
971 5316 1026 5367 aad
1043 5314 1106 5378 ΡΠ,
1125 5316 1274 5368 homiuisA
1356 5315 1383 5380 h)
1402 5316 1437 5379 D,
1457 5317 1639 5367 Horradenses
1658 5323 1684 5367 et
1702 5314 1881 5367 hlaueusesA

403 5385 423 5440 i)
442 5383 477 5443 D,
503 5383 699 5434 MinssellosA
802 5386 830 5447 ιι)
850 5385 885 5448 D,
905 5385 1075 5436 MisciacoA
1179 5387 1198 5450 ι)
1216 5385 1250 5446 D,
1270 5389 1295 5434 in
1316 5392 1420 5436 essarta
1435 5383 1462 5444 0,
1480 5388 1508 5436 iu
1526 5393 1600 5451 parte
1621 5384 1641 5436 A
1746 5388 1781 5444 ιιι)
1803 5386 1882 5435 Orca-

404 5452 444 5501 dis
471 5451 526 5513 01),
554 5453 681 5502 Herradis
705 5451 727 5502 A
839 5456 868 5521 n)
889 5455 945 5516 01),
971 5456 1075 5522 Pangia
1099 5454 1123 5504 A
1226 5457 1252 5519 o)
1269 5471 1297 5504 so
1315 5454 1381 5503 auch
1399 5455 1427 5502 ia
1447 5453 1503 5516 OD,
1528 5454 1651 5504 reuhrmd
1669 5470 1697 5503 ει·
1715 5456 1743 5503 ia
1760 5455 1808 5504 der
1824 5470 1882 5504 oer-

406 5535 613 5584 aospeqoayenea
627 5520 911 5586 Schaslaapaurkoade
930 5523 1039 5586 (Oolmet
1052 5524 1068 5573 l.
1082 5541 1103 5575 c.
1115 5523 1181 5588 364)
1200 5523 1326 5574 Amulius
1342 5530 1456 5586 seaeant
1474 5523 1542 5573 roird
1645 5525 1672 5589 p)
1691 5523 1726 5586 D,
1746 5524 1882 5574 Gerardus

405 5590 437 5638 de
461 5590 614 5650 Truvriace,
634 5589 699 5640 otas
716 5592 897 5643 eeclesiamA
1001 5597 1028 5660 q)
1048 5592 1084 5656 D,
1109 5596 1344 5659 quotienscumque
1362 5591 1430 5657 ru,
1458 5593 1643 5658 quodcumque
1660 5591 1692 5642 A.
