4576 6420
908 421 1033 496 o'r'ro
1055 441 1078 496 1.
1104 438 1174 495 aar.
1800 433 1864 498 335

320 621 517 695 Bessapara
542 621 608 681 Otto
627 631 668 681 ΙΙ.
698 640 762 680 aem
793 623 825 682 J.
850 626 910 682 981
941 623 1081 702 (Stampt'
1107 626 1180 697 Ray.
1206 623 1279 702 787)
1313 624 1374 695 aas
1404 625 1451 683 dic
1482 626 1603 684 Draclec
1634 645 1690 685 voa
1721 628 1864 687 Zaccaria

320 723 515 796 capaciores,
551 726 684 782 malatera
712 728 760 783 cia
784 728 859 798 jetet
888 729 1090 787 versicolorus
1114 728 1277 788 Oliartalor
1299 729 1348 786 des
1372 732 1422 788 15.
1447 729 1516 788 eder
1537 735 1588 790 16.
1613 731 1665 789 Ji..
1693 750 1733 789 aa
1759 733 1865 791 Geboie

318 827 416 886 stand.
461 828 571 900 Isieqea
593 829 640 886 die
662 829 787 902 Minaei
808 831 901 888 dieser
926 833 1014 890 Trete
1036 831 1098 903 aas
1116 832 1168 889 der
1191 832 1290 902 Hand,
1320 850 1351 890 so
1375 833 1471 891 laesere
1493 835 1536 892 sie
1558 835 1619 892 sicis
1642 835 1713 892 tiocii-
1735 853 1796 898 aar
1817 838 1863 892 ia-

319 932 419 988 sowcit
447 933 603 1004 beseitipc'a
631 932 675 990 als
704 949 732 990 es
759 934 822 991 sict
851 951 903 992 ant
932 935 1116 994 caderwtrts
1142 936 1358 994 mebrocisbarc
1386 936 1561 994 Auedreclre
1589 937 1652 995 aad
1675 937 1865 1011 Wendaapea

320 1033 448 1092 hoadelt.
482 1033 542 1092 Am
560 1037 717 1108 weaiqsten
738 1035 854 1094 Verlass
877 1038 953 1095 reieci
975 1037 1037 1109 aas
1055 1039 1102 1096 die
1116 1039 1234 1097 Nemea
1255 1041 1328 1108 seia,
1353 1039 1441 1097 daca
1465 1041 1558 1112 cinips
1580 1042 1613 1098 ia
1635 1040 1690 1098 dea
1713 1041 1778 1098 sirei
1792 1041 1862 1099 DD.
1904 1043 1905 1052 ²

320 1137 504 1195 verschiedea
527 1138 636 1196 laetere.
671 1139 747 1196 Hier
769 1140 875 1198 tonate
891 1141 995 1213 jedocb
1017 1159 1077 1199 aar
1099 1142 1152 1199 sier
1165 1142 1262 1200 Norae
1285 1142 1335 1200 des
1350 1142 1439 1201 Abies
1462 1144 1537 1201 nocis
1560 1143 1612 1201 der
1633 1144 1694 1204 VU.
1712 1145 1776 1202 aad
1790 1146 1865 1202 aacb

319 1240 371 1298 cler
389 1241 662 1301 Geriebtsarleaadc
683 1259 748 1300 eom
777 1243 808 1301 J.
834 1247 898 1303 967
924 1243 1082 1321 (Zaccaria
1104 1245 1122 1302 t.
1147 1263 1169 1303 c.
1196 1250 1235 1304 74
1258 1251 1292 1302 a⁰
1315 1244 1347 1323 6)
1374 1247 1516 1305 emradirt
1539 1247 1661 1306 wasiers.
1703 1249 1791 1306 Trete
1812 1249 1865 1306 ster

319 1344 479 1403 schlecbtea
500 1346 739 1420 Urberlieserunq
762 1347 831 1406 stad
853 1347 933 1406 dicae
954 1347 1025 1406 DD.
1055 1349 1136 1406 nicht
1161 1367 1202 1406 aa
1229 1351 1436 1408 beaasiaactea.
1482 1351 1546 1408 Das
1570 1356 1644 1409 erstc
1669 1351 1745 1408 uiri
1773 1351 1866 1410 daret

321 1448 450 1506 ciurana
472 1449 525 1506 der
548 1450 716 1523 dansalipca
730 1452 859 1509 Karistoi
878 1452 1022 1524 paleariae
1045 1453 1142 1512 Warte
1165 1453 1228 1510 aad
1244 1454 1382 1511 Ferraria
1404 1455 1541 1526 verberet
1563 1455 1626 1512 aad
1648 1454 1716 1514 DO.
1732 1455 1796 1514 240
1820 1473 1864 1513 cr·

320 1552 400 1609 reciet
423 1554 484 1610 sicis
507 1553 600 1611 daret
623 1554 671 1611 die
693 1553 1014 1624 Intercentioassorraet
1036 1555 1099 1614 aad
1122 1555 1175 1613 (las
1196 1556 1382 1614 Esclreiakell
1403 1557 1448 1615 ais
1464 1557 1621 1615 Elaborat-
1633 1558 1683 1616 cles
1698 1559 1765 1616 Μ’.
1802 1559 1864 1616 Hat

319 1653 415 1712 dieser
435 1658 498 1714 sicli
522 1659 709 1730 ianitrices
731 1658 880 1730 nteqliclrst
905 1675 945 1715 aa
968 1658 1016 1714 dic
1036 1659 1097 1717 VU.
1119 1659 1269 1730 aeliutica,
1304 1677 1335 1718 so
1363 1662 1463 1718 reeicit
1492 1661 1563 1718 decb
1592 1661 1640 1718 die
1668 1660 1865 1734 Ausaitlrlwnq

320 1757 372 1815 der
386 1758 587 1833 Basilia-apsa
603 1765 691 1820 etwas
708 1763 760 1832 ab,·
782 1779 852 1818 eam
872 1762 954 1820 Tlrcii
976 1761 1093 1819 baadclt
1117 1778 1146 1820 cs
1169 1764 1230 1819 siclt
1253 1763 1338 1821 tobei
1358 1764 1518 1836 allcrdinqs
1533 1782 1594 1822 aar
1609 1783 1660 1822 am
1676 1764 1723 1821 die
1738 1764 1865 1822 Rcilscn-

318 1860 405 1934 solae,
434 1881 504 1920 eant
530 1865 613 1922 Tirsai
635 1866 705 1922 aber
726 1865 817 1934 ancli,
848 1883 931 1922 meaa
954 1865 1006 1922 dor
1026 1865 1267 1938 Uebcrlieferanp
1289 1885 1329 1924 aa
1351 1869 1459 1924 trauca
1483 1869 1535 1937 ist,
1566 1885 1618 1924 am
1641 1857 1867 1924 etwas‘aaaaa
1936 1903 1937 1908 κ

274 2019 277 2030 ,
323 1967 520 2024 Besitestaad.
545 2001 586 2010 -
608 1968 668 2025 Dic
691 1971 847 2026 incorrecte
865 1969 1154 2042 Tayesbcsciclmaay
1177 1969 1258 2026 tuan
1280 1969 1343 2026 bier
1365 1969 1437 2026 aecii
1460 1970 1586 2041 semiper
1607 1969 1702 2026 alsia
1717 1967 1784 2026 ΠΟ.
1803 1972 1863 2027 181

317 2070 378 2141 aas
397 2071 454 2127 den
478 2077 505 2130 1.
525 2071 613 2144 April
636 2073 759 2144 besoyea
777 2072 900 2141 werden,
926 2071 965 2128 cta
981 2072 1033 2129 clar
1047 2073 1153 2130 Feblcr
1169 2073 1218 2130 ‹lcs
1234 2072 1377 2130 Datators
1400 2071 1532 2141 effratei·
1554 2071 1644 2129 daria
1666 2071 1774 2129 bestcbt
1797 2071 1866 2130 dass

321 2192 353 2231 er
374 2174 441 2231 ctam
463 2174 552 2246 April
574 2176 769 2248 siebeatciyipe
790 2175 897 2234 Nonae
919 2176 1053 2248 beipeleqt
1076 2175 1135 2234 irat.

424 2447 462 2511 lu
485 2449 616 2511 nornine
640 2457 752 2511 sancte
775 2457 807 2512 et
829 2447 996 2512 individue
1020 2448 1182 2530 trinitatis.
1229 2448 1306 2513 Otto
1331 2448 1441 2512 diviua
1462 2449 1592 2513 favente
1616 2451 1788 2515 clementia
1810 2453 1867 2514 im-

219 2561 349 2636 perator
364 2560 531 2636 augustae.
633 2567 661 2616 Si
677 2581 740 2632 erga
755 2567 815 2616 loca
830 2565 927 2615 divinis
943 2566 1060 2616 cultibus
1075 2567 1227 2630 mancipata
1248 2573 1356 2633 propter
1378 2583 1494 2618 amorem
1517 2569 1558 2620 dei
1583 2569 1693 2634 eiusque
1714 2572 1745 2635 Ιἰιι
1767 2569 1866 2620 eisdem

218 2669 283 2719 locis
307 2670 357 2719 sibi
380 2669 539 2720 famulantes
562 2669 687 2720 benefitia
709 2675 859 2735 opportuna
880 2671 1016 2737 largimur,
1039 2673 1168 2736 premium
1191 2673 1268 2722 nobis
1291 2678 1380 2722 eterne
1402 2675 1622 2723 remunerationis
1644 2674 1715 2738 apud
1731 2674 1866 2724 dominum

168 2778 200 2825 20
219 2772 327 2836 rependi
350 2774 457 2822 minime
481 2773 633 2823 diffidimus.
671 2773 788 2839 Ideoque
811 2776 928 2824 omnium
951 2773 1069 2824 fidelium
1093 2779 1184 2824 sancte
1208 2775 1250 2824 dei
1273 2775 1384 2825 ecclesie
1407 2779 1609 2840 nostrorumque
1631 2777 1793 2840 presentium
1815 2777 1864 2826 sci-

218 2878 280 2928 licet
303 2893 334 2928 ao
357 2878 507 2928 futurorum
530 2879 635 2928 noverit
658 2880 824 2942 universitas,
848 2879 962 2944 qualiter
976 2896 993 2926 a
1008 2879 1149 2928 Donninus
1173 2873 1280 2928 abbas¹²
1302 2879 1455 2928 monasterii
1478 2879 1563 2928 sancti
1578 2879 1717 2929 Benedicti
1731 2880 1802 2944 quod
1821 2895 1868 2944 per

219 2981 385 3032 Desiderium
402 2999 489 3048 regern
506 2966 769 3048 Langobardorumb
793 2987 898 3032 constat
920 2983 1001 3034 fuisse
1024 2982 1164 3032 fundatum
1187 2984 1215 3031 in
1238 2971 1512 3032 semitono'erixiano
1536 2982 1595 3034 loeo
1617 2984 1663 3047 qui
1686 2982 1784 3033 dicitur
1798 2985 1866 3034 Leo-

218 3101 278 3147 nes,
307 3091 366 3154 per
388 3068 605 3134 Adelheidam
628 3067 781 3134 dilectam
804 3073 976 3155 coniugem
998 3081 1144 3135 nostram
1167 3071 1407 3155 imperatricem
1429 3072 1586 3156 regnique
1609 3073 1711 3135 nostri
1735 3093 1866 3135 consor-

219 3183 284 3236 tem
305 3176 427 3238 nostrie
450 3173 566 3238 detulit
590 3173 756 3238 obtutibus
786 3193 946 3242 emunitates
969 3195 1048 3256 atque
1071 3196 1196 3255 precepta
1218 3189 1433 3254 predecessorum
1457 3196 1607 3240 nostrorum
1630 3192 1818 3255 imperatorum
1841 3195 1868 3240 et

168 3293 200 3339 25
219 3307 317 3356 regum,
348 3292 473 3343 videlicet
495 3292 556 3361 dire
579 3295 703 3342 memorie
726 3293 819 3343 Karoli
842 3295 930 3359 magni
954 3295 1070 3360 augusti,
1093 3293 1233 3353 Lndovici,
1256 3294 1377 3343 Letharii
1400 3299 1480 3358 atque
1502 3295 1565 3342 item
1587 3293 1718 3343 Ludovici
1741 3309 1790 3344 nec
1813 3309 1865 3343 non

220 3404 245 3447 et
267 3397 435 3463 Bersngarii‚
458 3391 604 3462 Hugonisc
627 3391 659 3446 et
682 3397 816 3460 Lotharii,
845 3413 892 3462 per
914 3413 966 3462 que
989 3397 1125 3448 monachis
1148 3396 1266 3447 eiusdem
1289 3396 1442 3446 monasterii
1465 3397 1550 3444 sancti
1573 3396 1710 3446 Benedicti
1733 3397 1866 3462 quandem

220 3501 376 3550 divisionem
400 3500 432 3549 de
454 3501 534 3550 rebus
556 3501 609 3549 iam
632 3500 679 3549 iati
704 3501 808 3550 cenobii
836 3501 899 3551 olim
928 3484 1048 3550 factamd
1077 3507 1265 3550 concesserunt
1293 3501 1351 3549 iure
1379 3494 1551 3549 firmissimo⁰
1578 3499 1726 3549 habendam
1749 3506 1776 3549 et
1797 3500 1866 3550 ordi·

220 3605 347 3666 naudam,
376 3606 502 3669 quatinus
524 3605 706 3654 incursionum
729 3605 836 3654 remotis
858 3604 991 3655 illecebris
1014 3621 1062 3670 pro
1085 3610 1203 3668 tempore
1227 3585 1357 3654 dominor
1377 3602 1492 3668 regulari
1515 3602 1655 3668 discipline
1679 3603 1760 3652 dediti
1783 3603 1866 3654 iamn-

219 3709 267 3758 lari
296 3711 393 3775 iugiter
421 3709 535 3758 valeant.
574 3708 625 3757 Sed
648 3709 711 3774 quia
734 3709 822 3757 minus
844 3710 872 3757 in
895 3708 993 3758 eisdem
1016 3709 1232 3773 preceptionibus
1255 3707 1368 3772 (quedam
1391 3707 1558 3756 habebantur
1580 3723 1631 3771 que
1653 3707 1781 3757 fratribus
1809 3724 1866 3772 pre-

168 3816 201 3863 30
220 3815 310 3877 scripti
339 3813 443 3862 cenobii
473 3817 621 3876 competere
649 3816 808 3874 noscuntur,
840 3811 874 3862 ad
902 3813 999 3861 iustam
1028 3813 1183 3877 petitionem
1212 3811 1362 3862 eorumdem
1390 3827 1527 3860 servorum
1548 3811 1590 3860 dei
1620 3794 1795 3880 deprecata
1818 3806 1867 3860 est

219 3901 345 3987 prefata
368 3902 557 3985 imperatrix
579 3909 689 3965 nostre
718 3917 867 3966 serenitatis
897 3915 1095 3978 excellentiam,
1125 3921 1155 3966 ut
1183 3931 1273 3965 omnes
1302 3915 1461 3964 emunitates
1484 3916 1625 3978 omniaque
1646 3919 1772 3980 precepta
1794 3921 1866 3965 ante-

210 4035 353 4070 cessorum
375 4024 524 4069 nostrorum
545 4035 637 4084 regum
661 4024 687 4068 et
709 4020 896 4084 imperatorum
919 4019 953 4068 ob
977 4033 1092 4069 amorem
1115 4019 1157 4070 dei
1179 4019 1309 4069 inviolata
1331 4034 1484 4083 permanere
1508 4019 1591 4068 eidem
1615 4025 1705 4069 sancte
1724 4035 1866 4085 congrega-

219 4125 286 4174 tioni
308 4129 335 4174 et
356 4139 388 4173 ea
410 4139 461 4188 que
484 4139 629 4188 congruere
652 4139 684 4172 ac
705 4123 910 4173 necessitatibus
933 4123 1093 4174 famulorum
1117 4122 1159 4172 dei
1183 4123 1306 4186 expedire
1335 4116 1494 4187 patebantss,
1523 4127 1615 4172 nostra
1637 4122 1786 4172 firmissima
1809 4138 1866 4187 pre-

220 4229 341 4291 ceptione
365 4227 569 4277 concederemus
588 4232 614 4276 et
636 4227 874 4276 corroboraremus.
913 4227 996 4276 Cuius
1018 4226 1142 4290 precibus
1158 4226 1192 4274 ob
1208 4226 1292 4274 divini
1308 4226 1395 4276 cultus
1414 4230 1618 4290 sanctorumque
1634 4226 1677 4276 dei
1692 4227 1866 4276 reverentiam

169 4341 201 4386 35
220 4337 246 4381 et
269 4337 358 4381 nostre
381 4330 508 4381 mercedis
531 4329 738 4380 emolumenturn
760 4329 873 4379 libenter
896 4328 1037 4379 adsensum
1066 4313 1236 4377 tribuimus
1259 4335 1286 4378 et
1307 4329 1376 4378 hauc
1398 4333 1487 4378 nostre
1511 4330 1676 4378 auctoritatis
1699 4331 1865 4379 constitutio-

219 4452 278 4485 nem
301 4437 452 4500 perenniter
474 4440 501 4485 et
523 4434 724 4484 immutabiliter
746 4433 953 4484 conservandam
975 4432 1032 4482 fieri
1055 4433 1189 4495 iussimus,
1212 4448 1258 4497 per
1281 4414 1386 4497 quamh
1409 4433 1497 4481 omnia
1513 4449 1564 4497 que
1579 4433 1689 4482 inferius
1705 4433 1866 4483 adnotantur

219 4540 320 4604 absque
342 4540 498 4604 cuiusquam
521 4537 705 4603 inquietudine
727 4555 743 4585 a
766 4536 947 4586 diminutione
963 4551 1011 4585 seu
1032 4536 1216 4584 immutatione
1245 4535 1414 4586 concedimus
1441 4535 1564 4586 habenda
1591 4539 1618 4586 et
1645 4535 1792 4586 ordinanda
1820 4553 1866 4600 per

220 4643 342 4692 abbatem
366 4644 399 4692 ab
422 4644 487 4707 ipsis
510 4616 624 4692 electum
647 4648 737 4690 nostra
759 4639 913 4704 plenissima
934 4638 1076 4704 largitione
1099 4645 1125 4688 et
1148 4654 1239 4688 eorum
1262 4637 1390 4688 electione
1412 4638 1463 4702 ipsi
1487 4643 1578 4687 salicto
1596 4638 1655 4688 loco
1674 4621 1866 4688 substitutumi

219 4745 364 4795 secuudum
387 4745 429 4796 dei
452 4745 614 4794 veluntatem
639 4759 781 4810 eorumque
804 4744 831 4792 in
855 4744 978 4794 omnibus
1001 4749 1193 4808 competentem
1216 4743 1372 4792 utilitatem:
1406 4742 1432 4791 id
1456 4747 1495 4791 est
1517 4744 1703 4792 monasterium
1727 4759 1786 4792 cnm
1810 4744 1866 4792 suis

169 4857 202 4904 40
221 4848 376 4898 adiacentiis
398 4850 426 4897 in
449 4849 562 4898 circuitu
585 4865 600 4894 s
623 4863 683 4896 cnm
706 4847 857 4911 baptismali
880 4847 993 4898 ecclesia
1015 4849 1098 4896 sancti
1122 4846 1245 4908 Insania,
1267 4847 1428 4911 pertinentia
1450 4847 1478 4894 in
1501 4843 1608 4894 Summo
1630 4845 1705 4906 lacu,
1736 4846 1865 4908 Viniolae,

221 4953 408 5017 Campellioue,
432 4952 515 5014 Sulla,
538 4953 668 5012 blateruo,
692 4951 824 5012 Gavardo,
847 4950 966 5014 Falisco,
990 4951 1125 5012 Cavonuo,
1148 4967 1164 4998 s
1188 4949 1344 5010 scuviliaco,
1369 4949 1437 4998 (iasa
1459 4963 1536 5008 nova,
1567 4933 1765 5013 Bisentiane‚
1791 4949 1865 4998 Caru-

220 5057 319 5119 posuri‚
342 5055 539 5116 blarmoretulo,
564 5055 724 5117 Calvisiana,
748 5055 858 5118 Rn'aclo,
882 5057 964 5118 (lade,
987 5058 1015 5104 in
1038 5056 1203 5120 Gontaringo
1226 5035 1364 5104 ecclesiak
1392 5053 1476 5102 sancti
1501 5053 1579 5114 Petri,
1603 5035 1638 5100 ιιι
1668 5057 1758 5102 sancte
1782 5053 1865 5102 blarie

221 5160 246 5206 in
270 5161 426 5220 Mauratica,
451 5160 590 5224 Capraina,
614 5160 758 5222 Cisiniano,
781 5158 962 5220 Marcelliano,
986 5157 1143 5220 Quinciano,
1166 5157 1303 5218 Vertuina,
1327 5155 1477 5220 Lupellina,
1501 5155 1570 5217 Sala,
1596 5157 1671 5218 Villa,
1695 5155 1821 5206 solarium
1839 5158 1866 5205 iu

222 5265 312 5312 Brixia
334 5279 394 5314 cum
416 5263 501 5314 broilo
525 5280 609 5328 usque
632 5266 659 5312 in
682 5265 753 5313 viam
776 5263 884 5313 orientis
907 5269 982 5311 eum
1005 5245 1144 5310 eeclesia
1168 5248 1272 5310 saneti
1295 5245 1478 5328 Benedicti,
1502 5276 1563 5311 casa
1585 5264 1612 5310 in
1635 5263 1749 5325 Verona,
1773 5277 1815 5312 res
1839 5263 1865 5310 in

169 5371 201 5417 45
220 5368 348 5429 Tarvisio,
372 5367 526 5429 Bucellano,
549 5369 630 5417 curtis
653 5368 793 5430 Rexiliani,
818 5367 998 5431 Campaniola,
1028 5366 1172 5416 Sabloneta
1199 5381 1276 5430 quam
1307 5366 1422 5415 Karalus
1450 5382 1498 5430 pro
1527 5371 1598 5415 stata
1627 5372 1717 5417 sancte
1747 5367 1866 5416 Romane

304 5572 548 5642 ite.[0aentha1}
636 5579 662 5636 a)
681 5577 806 5659 domuum
825 5578 947 5628 abbatem
966 5575 1000 5658 A·
1077 5575 1106 5656 bi
1124 5575 1428 5640 LongombardorumA
1510 5579 1534 5638 c)
1555 5573 1704 5640 HugoniA
1773 5574 1815 5656 d).
1832 5573 1865 5622 ad

392 5643 1018 5776 doriimsuiistitutea)rim¹ssuliiffliicdiesiamori)¹0
1038 5643 1226 5775 doiimeldcideia
1248 5643 1457 5763 sidcidtidiiid
1469 5643 1560 5763 mh)
1580 5642 1698 5709 quem
1771 5645 1790 5706 ¹)
1808 5659 1865 5708 mm
