4560 6420
409 385 473 450 222
839 482 844 490 Ι
1001 392 1458 453 ΚΑΙΒΕΒΠΒΚΠΝΒΕΝζ

411 593 543 654 Quocirca
566 595 683 644 omnium
706 593 865 644 universalis
888 594 983 658 eclesie
1005 592 1123 644 fidelium
1146 598 1296 644 nostrerum
1318 593 1443 645 videlicet
1469 576 1483 658 l
1510 591 1694 660 presentium“
1722 612 1753 647 ac
1781 597 1934 648 futurorum
1958 599 2078 648 noverit

409 697 549 763 industrie,
572 699 686 764 qualiter
711 681 892 748 Hadeleida
916 682 1034 747 dilecta
1056 684 1201 748 coniunx
1223 691 1335 748 nostra
1358 692 1390 748 et
1411 682 1604 751 Chonradus
1627 685 1696 752 dux
1716 686 1926 752 fidelissimus
1949 696 2078 752 noster

408 809 525 854 noemam
548 803 704 869 suppliciter
726 807 904 853 exoraverunt
924 807 1104 868 magestatem,
1127 809 1259 869 quatenus
1278 804 1312 853 ob
1327 819 1443 854 amorem
1459 821 1572 870 superne
1588 790 1832 860 remunerationisb
1853 824 1902 873 per
1916 813 2047 860 nostram
2061 801 2075 829 ⁰

408 911 526 975 precepti
556 910 679 975 paginam
709 908 824 974 quodam
846 909 1035 958 monasterium
1058 908 1129 958 inira
1150 909 1285 959 civitatem
1306 908 1489 960 Placentinam
1512 924 1528 958 a
1550 910 1627 960 beate
1650 912 1773 962 memorie
1795 911 1969 978 engelberga
1994 911 2076 962 vide-

409 1015 472 1064 licet
494 1015 660 1079 imperatrice
683 1017 865 1062 constructum
887 1018 914 1061 et
935 1013 963 1061 in
985 1012 1085 1062 bonore
1107 1014 1192 1062 sancti
1211 993 1304 1062 {lixti‘l
1327 1012 1478 1064 dedicatum
1494 1013 1573 1064 Berte
1588 998 1788 1085 nobilissime
1807 1015 1943 1082 abbatisse
1964 999 2073 1066 nobis
2094 1017 2113 1064 5

409 1102 619 1168 devotissime
642 1133 703 1166 cum
725 1116 848 1167 omnibus
871 1116 927 1166 suis
948 1117 1116 1181 pertinentiis
1139 1115 1293 1168 confirmare
1316 1117 1493 1183 dignaremur,
1516 1117 1595 1166 simul
1617 1133 1723 1185 quoque
1745 1120 1900 1170 roborantes
1916 1125 1943 1170 et
1959 1121 1991 1170 in
2007 1135 2073 1185 per-

407 1217 542 1289 petuum⁰
572 1222 746 1274 concedentes
775 1222 860 1274 eidem
891 1223 1050 1272 monasterie
1079 1221 1207 1287 quasdam
1236 1227 1338 1285 curtes,
1370 1220 1602 1271 Uuardasatallum
1630 1221 1747 1290 scilicet,
1781 1222 1911 1289 Campum
1933 1224 2073 1286 miliario,

408 1329 489 1378 Certe
511 1342 591 1391 noua,
613 1325 703 1395 Sexto,
728 1327 888 1388 Luciariam‚
918 1327 1011 1376 Litora
1033 1325 1185 1389 paludiana,
1214 1325 1321 1389 Uillole‚
1344 1325 1526 1392 Piguniariam
1549 1341 1609 1376 cum
1631 1328 1775 1393 ageceutiis
1797 1344 1897 1392 eorum,
1920 1335 1948 1380 et
1973 1331 2074 1380 omnia

372 1471 376 1478 .
407 1447 573 1498 quecumque
601 1436 746 1482 memorata
772 1431 927 1495 imperatrix
949 1445 996 1494 per
1018 1431 1194 1481 institutionis
1216 1445 1264 1480 sue
1285 1431 1410 1496 peginam
1433 1431 1532 1496 ubique
1554 1430 1624 1480 idem
1647 1431 1787 1482 cenobium
1810 1430 1938 1482 diffinivit
1961 1433 2073 1485 baben-

408 1536 478 1586 dum.
516 1537 636 1598 Quorum
657 1535 833 1600 petitionibus
855 1539 912 1584 tota
934 1533 1075 1585 devotione
1097 1534 1217 1585 faventes
1245 1533 1273 1583 id
1301 1533 1358 1584 fieri
1387 1535 1542 1598 annuimus,
1576 1535 1627 1586 hoc
1648 1541 1767 1586 nostrum
1794 1541 1950 1603 preceptum
1981 1539 2072 1589 scribi
2095 1538 2130 1584 10

407 1642 529 1692 iubentes
556 1656 604 1705 per
632 1640 704 1705 quod
731 1638 861 1705 prelibata
892 1639 970 1704 Bertq
1000 1620 1167 1706 abbatisse
1196 1637 1266 1688 idem
1295 1638 1483 1688 monasterium
1514 1637 1714 1703 confirmamus,
1747 1646 1878 1706 quatenus
1901 1641 1930 1691 in
1954 1657 2009 1692 sua
2031 1644 2072 1692 sit

406 1751 538 1810 potestate
557 1751 584 1796 et
601 1745 718 1795 dominio
742 1759 859 1810 cousque
881 1743 986 1806 vixerit,
1009 1748 1036 1792 et
1057 1741 1156 1792 ibidem
1178 1741 1339 1792 dominatrix
1362 1747 1390 1791 et
1411 1741 1557 1792 ordinatrix
1579 1748 1659 1808 atque
1682 1745 1777 1794 rectrix
1799 1744 1923 1811 invigilet
1939 1763 1958 1794 s
1979 1745 2072 1797 donec

407 1851 465 1899 eius
487 1849 568 1899 tuerit
590 1850 653 1910 vita,
675 1864 723 1912 per
745 1847 817 1914 quod
839 1848 920 1897 etiam
941 1847 995 1896 iam
1016 1847 1178 1911 prescriptae
1199 1845 1347 1896 venerabili
1369 1846 1428 1896 loce
1452 1846 1621 1897 concedimus
1643 1863 1675 1898 ac
1698 1848 1883 1900 confirmamus
1905 1865 2002 1901 omnes
2023 1867 2071 1902 res

407 1959 433 2005 et
450 1935 640 2019 posessionesf
660 1953 771 2003 mobiles
786 1967 818 2002 ac
832 1951 981 2002 immobiles
999 1957 1054 2000 tam
1076 1965 1123 2015 per
1145 1952 1261 2000 cartulas
1284 1965 1416 2016 quamque
1439 1956 1514 2002 extra
1535 1952 1651 2002 cartulas
1669 1953 1712 2004 vel
1730 1936 1857 2004 cuicumf

1877 1955 2071 2021 inscriptionis

407 2057 485 2108 titulo
508 2057 542 2107 ad
565 2063 666 2123 partem
688 2058 772 2122 ipsius
795 2057 948 2106 monasterii
971 2055 1076 2120 legibus
1098 2054 1245 2120 adquisitas
1268 2060 1295 2105 et
1316 2047 1484 2119 quirendasss
1509 2070 1556 2106 seu
1579 2057 1705 2122 quicquid
1727 2073 1775 2122 per
1795 2075 1888 2124 regum
1910 2059 1955 2110 vel
1980 2061 2067 2125 impe·
2091 2053 2123 2102 1⁵

407 2166 523 2212 ratarum
546 2167 741 2211 autecessorum
764 2165 914 2209 uostromm
936 2164 1062 2223 precepta
1083 2156 1118 2207 ad
1140 2157 1252 2208 eundem
1276 2172 1380 2207 sacrum
1402 2157 1490 2209 locum
1513 2159 1640 2210 collatum
1662 2167 1709 2222 est,
1732 2167 1810 2226 atque
1832 2161 1960 2212 cellulam
1978 2179 2067 2228 quan—

408 2265 468 2314 dam
490 2281 542 2331 que
563 2265 709 2330 antiquitus
731 2264 923 2314 Monasterium
946 2263 1092 2324 dicebatur,
1116 2279 1169 2312 uon
1192 2262 1286 2327 procul
1308 2278 1325 2312 a
1342 2246 1521 2330 Placentine‘
1541 2265 1607 2316 urbe
1623 2267 1716 2316 scitam
1730 2246 1772 2314 *¹¹
1794 2269 1839 2332 qui
1859 2267 1949 2332 Caput
1964 2268 2068 2319 'l‘rebis

407 2376 532 2434 vocatur,
555 2372 583 2419 in
605 2386 659 2436 qua
681 2368 778 2420 eclesia
800 2368 981 2434 apostolorum
1004 2369 1132 2433 principis
1154 2368 1255 2419 bonore
1278 2368 1368 2418 dicata
1389 2370 1523 2431 consistit,
1547 2385 1607 2419 cum
1630 2371 1752 2420 omuibus
1773 2371 1841 2420 inibi
1863 2372 2067 2436 pertinentibus

407 2474 628 2540 quemadmodum
644 2473 847 2524 Carllomannus
862 2474 1046 2523 serenissimus
1061 2488 1107 2524 rex
1129 2474 1277 2538 antiquitus
1300 2472 1409 2523 eandem
1433 2473 1556 2524 cellulam
1579 2489 1640 2524 cum
1660 2475 1791 2524 universis
1814 2476 1870 2524 suis
1893 2476 2066 2540 appendiciis

407 2580 492 2631 eidem
520 2580 680 2630 monasterio
709 2580 884 2644 proprietario
913 2580 970 2628 iure
999 2578 1193 2644 largitorem,
1227 2578 1411 2642 prenominato
1439 2579 1585 2628 venerabili
1614 2577 1673 2629 loco
1701 2594 1748 2642 per
1775 2578 1826 2629 boc
1848 2583 1938 2645 nostre
1961 2579 2065 2646 regalis
2084 2581 2118 2630 20

406 2684 574 2734 auctoritatis
601 2688 756 2747 preceptum
785 2699 817 2733 ex
846 2683 949 2748 integro
977 2665 1155 2746 perdonamus
1180 2680 1309 2748 largimur
1330 2681 1516 2732 confirmamus
1539 2697 1571 2733 ac
1593 2681 1679 2733 modis
1702 2682 1824 2732 omnibus
1846 2684 2065 2748 corroboramus,

406 2771 533 2838 familas‘
553 2804 659 2853 queque
674 2789 812 2852 utriusque
828 2801 907 2836 sexus
926 2791 952 2836 et
970 2767 1195 2836 condicionibus‘
1215 2802 1275 2835 curn
1299 2777 1438 2846 [clurtibus
1460 2793 1487 2837 et
1509 2787 1619 2852 capellis
1641 2801 1782 2851 earumque
1805 2777 1982 2852 appendiciis,
2001 2805 2064 2839 cum

407 2894 529 2943 omnibus
552 2891 668 2943 castellis
690 2893 759 2942 casis
780 2892 865 2941 vineis
888 2892 989 2956 campis
1011 2892 1118 2955 pascuis
1140 2892 1223 2955 pratis
1246 2889 1322 2940 silvis
1344 2891 1450 2941 salectis
1472 2891 1621 2942 sationibus
1643 2874 1798 2956 paludbusf
1818 2893 1895 2957 aquia
1918 2907 2064 2959 aquarum-

294 3007 299 3014 ·
380 3067 383 3072 A
407 3016 458 3065 que
487 2999 642 3049 decursibus
671 2996 830 3048 molendinis
858 2995 1011 3045 fluminibus
1033 2994 1227 3058 piscationibus
1249 2996 1314 3059 ripis
1336 2997 1438 3060 rupinis
1460 2997 1596 3047 montibus
1618 2997 1732 3048 collibus
1753 2979 1889 3048 vallibusi
1919 3013 1952 3050 ac
1975 2999 2063 3064 plani-

407 3105 495 3153 tiebus
517 3102 596 3152 cultis
617 3107 643 3152 et
665 3099 773 3150 incultis
796 3099 889 3149 divisis
912 3103 938 3149 et
958 3099 1081 3149 indivisis
1109 3101 1315 3151 mercationibus
1343 3101 1520 3167 vectigalibus
1549 3102 1759 3153 districtionibus
1787 3105 1871 3154 serris
1898 3110 1926 3155 et
1954 3105 2064 3156 ancillis
2082 3098 2116 3147 ²5

406 3189 518 3258 alldiis‘
539 3212 566 3257 et
587 3205 701 3256 aldianis
723 3209 750 3255 ot
772 3204 895 3254 omnibus
918 3219 969 3268 que
992 3202 1044 3252 dici
1067 3208 1113 3253 aut
1135 3204 1266 3253 nominari
1288 3210 1414 3268 possunt,
1437 3205 1471 3256 ad
1493 3206 1563 3258 idem
1585 3209 1774 3258 monasterium
1793 3209 1867 3274 iuxtq
1889 3213 1916 3260 et
1936 3208 2065 3276 legaliter

406 3311 610 3377 respicientibus
637 3310 666 3358 in
692 3311 823 3375 integrum
847 3306 1047 3370 confirmamus,
1081 3309 1119 3357 ita
1141 3306 1265 3358 videlicet
1292 3313 1322 3357 ut
1350 3309 1483 3373 prelibata
1504 3311 1585 3361 Berta
1610 3294 1771 3362 abbatissak
1799 3327 1940 3378 quousque
1963 3315 2064 3364 vixerit

407 3400 457 3467 ac¹
487 3421 578 3466 nostra
608 3415 765 3465 auctoritate
788 3413 913 3464 roborata
935 3413 967 3462 de
990 3414 1143 3477 prescriptis
1165 3413 1245 3462 rebus
1269 3412 1354 3463 eidem
1376 3415 1536 3464 monasterio
1558 3415 1753 3479 pertinentibus
1776 3421 1828 3464 tam
1852 3431 1900 3481 per
1922 3423 2063 3482 precepto-

406 3538 464 3571 rum
479 3523 604 3588 pagiuam
620 3525 650 3569 ut
665 3518 780 3568 diximus
803 3533 934 3584 quamque
957 3516 1068 3566 aliarum
1091 3518 1268 3567 instrumenta
1290 3523 1422 3568 cartarum
1446 3523 1472 3568 et
1494 3517 1634 3583 adquisitis
1657 3525 1684 3568 et
1705 3518 1874 3584 adquirendis
1897 3523 2063 3585 potestative

407 3626 491 3686 fatiat,
514 3641 530 3672 e
553 3638 708 3689 magnarum
731 3637 925 3687 parvarumque
947 3635 1120 3686 personarum
1144 3603 1339 3672 moletatione‘
1360 3627 1468 3672 remota
1513 3621 1541 3671 si
1564 3624 1624 3689 quis
1645 3608 1740 3672 huius
1762 3609 1864 3672 nostri
1887 3607 2065 3695 precepil‘
2082 3618 2115 3666 30

407 3712 580 3796 infringere
596 3711 744 3794 voluerit,
769 3712 853 3775 sciat
869 3733 904 3775 se
920 3711 1177 3795 compositurum
1193 3707 1266 3772 arif
1287 3710 1401 3794 optimi
1424 3709 1525 3776 libras
1542 3720 1682 3794 centum,
1705 3709 1915 3777 medietatem
1930 3734 2064 3780 camere

339 3807 341 3810 ¹
405 3825 516 3902 nostre
540 3825 571 3880 et
594 3814 803 3880 medietatem
825 3815 949 3900 prefate
977 3813 1175 3878 abbatissae.
1216 3813 1260 3878 Et
1283 3823 1319 3878 ut
1340 3815 1403 3879 hoc
1425 3816 1533 3880 verius
1557 3813 1708 3880 credatur
1730 3825 1761 3880 et
1784 3817 1927 3881 atentius
1951 3815 2065 3885 obser-

406 3931 509 4004 vetur,
534 3943 632 3985 manu
655 3930 767 3985 nostra
789 3920 921 4005 propria
945 3920 1107 4002 signatum
1132 3927 1164 3982 et
1185 3918 1274 3984 anuli
1296 3917 1423 3984 nostri‘
1443 3919 1555 3985 subter
1576 3921 1729 3984 iussimus
1751 3919 1930 3986 adfirmari.

509 4085 523 4166 ξ
545 4084 681 4169 Signum
704 4084 815 4150 domni
840 4083 970 4149 Ottonis
994 4086 1191 4149 serenissimi
1214 4085 1300 4169 rogis
1322 4080 1336 4162 i
1357 4083 1447 4164 (MP.)

510 4206 737 4291 lUuigfridus
760 4207 976 4272 cancellarius
1000 4207 1149 4272 advicem
1171 4206 1336 4272 Brauonis
1360 4204 1636 4292 archicappellani
1660 4206 1845 4290 recognovi.
1868 4209 1883 4292 ξ
1905 4207 1966 4288 (SI.
1989 4210 2042 4291 D.)
2085 4221 2118 4271 ae

510 4371 600 4435 Data
616 4388 689 4436 vm.
707 4371 780 4436 idus
795 4371 921 4437 februa.
938 4393 1024 4436 anno
1049 4372 1282 4436 incarnationis
1306 4369 1429 4436 domini
1453 4371 1528 4434 Iesu
1544 4368 1663 4434 Christi
1686 4383 1855 4453 Dccccnu,
1879 4368 2067 4437 indictione

408 4493 445 4558 x,
468 4496 556 4541 anno
578 4497 656 4539 vero
681 4474 791 4540 domni
816 4474 947 4540 Ottonis
970 4475 1004 4538 in
1027 4473 1123 4539 Italia
1146 4491 1167 4558 1,
1192 4476 1224 4538 in
1247 4474 1388 4539 Francia
1413 4492 1492 4555 xvl3
1514 4483 1623 4538 actum
1646 4473 1767 4559 Papia3
1789 4471 1930 4538 feliciter
1952 4476 1989 4540 in
2014 4476 2067 4542 dei

406 4601 538 4644 nomme
562 4601 667 4644 amen.

496 4768 552 4824 ill.
581 4767 920 4838 [Laschitaer·Zimerman]
1026 4769 1052 4830 a)
1071 4769 1124 4833 aas
1136 4768 1237 4829 liseur,
1263 4784 1341 4820 meor-
1363 4766 1496 4819 mehercle
1522 4773 1671 4820 noseorum
1773 4768 1802 4830 b)
1821 4767 1886 4818 oder
1909 4786 2071 4839 remunera-

579 4842 658 4891 tionis
762 4842 786 4902 c)
805 4844 866 4890 rtctt
883 4840 965 4890 nostri
983 4837 1030 4889 aa
1047 4838 1101 4890 VU.
1119 4837 1219 4889 wbrieb
1239 4837 1351 4903 Wipfia'd
1368 4844 1439 4898 irr‘m,
1466 4839 1522 4889 cirre
1538 4836 1691 4902 Assem
1709 4835 1802 4886 welebe
1823 4843 1896 4888 aaut
1920 4839 2073 4908 din-diam
2091 4844 2126 4890 40

579 4925 630 4959 mer
645 4907 695 4972 fib
715 4915 833 4960 nostrum
848 4907 987 4973 peream
1005 4907 1079 4970 wir-d,
1099 4906 1156 4958 bier
1173 4907 1234 4958 uber
1250 4923 1300 4958 oon
1318 4906 1432 4972 wigera
1448 4906 1516 4957 acob
1532 4906 1582 4970 fiir
1604 4913 1721 4958 nosuam
1742 4905 1886 4957 concendat
1909 4909 2024 4962 worden
2041 4930 2074 4962 aa

579 4979 636 5028 reia
651 4978 750 5030 aeaeae
836 4977 863 5041 d)
881 4981 964 5028 meret
982 4975 1058 5040 sisti,
1081 4977 1154 5028 dmm
1172 4995 1186 5027 c
1203 4975 1441 5042 decumbe-iuben,
1459 4976 1562 5027 aazias
1580 4993 1645 5026 corr.
1664 4976 1692 5024 ia
1710 4975 1775 5026 Sixti
1864 4977 1890 5039 e)
1911 4987 2031 5046 perpetu
2048 4981 2075 5032 A

580 5045 642 5113 qs
738 5049 766 5114 g)
785 5063 851 5098 oon.
869 5062 917 5096 aare
935 5047 1082 5112 querendae
1177 5047 1205 5108 b)
1223 5045 1278 5098 VU.
1297 5048 1375 5097 sitam
1392 5046 1452 5098 loco
1471 5048 1517 5112 qui
1603 5045 1623 5111 i)
1642 5061 1707 5094 corr.
1726 5060 1773 5094 om
1790 5044 1870 5096 vallis
1963 5047 1994 5112 lr)
2015 5049 2076 5102 hier

580 5132 716 5198 dpekdnt
733 5117 830 5194 araia,
854 5134 903 5184 wie
919 5136 1008 5197 rpiiter
1031 5120 1117 5185 abbae
1132 5132 1183 5196 fiir
1207 5133 1359 5184 abbatissae
1454 5132 1475 5196 l)
1492 5137 1554 5182 etati
1576 5129 1690 5182 haeder
1707 5129 1761 5182 VU.
