4560 6436
844 431 970 488 ΟΤΤΟ
992 433 1016 489 Ι.
1041 425 1231 483 936-973,

994 609 1081 684 439.

951 767 1130 846 (eiecit.)

225 902 305 980 Ouo
332 904 472 977 scilecit
497 905 575 976 deon
603 931 675 978 ooo
705 904 778 976 dior
808 903 1052 1001 peyrr‘r'ndeteo
1080 901 1224 974 Kioster
1251 901 1386 974 {birido
1414 901 1484 974 deo
1512 901 1644 974 dritten
1675 899 1778 971 Ticil
1804 899 1863 972 des

215 1026 437 1124 iconiqliciteo
470 1027 583 1125 Hofes
616 1026 782 1114 desiliret,
821 1025 981 1122 bestitipt
1013 1024 1083 1096 deo
1116 1021 1344 1096 Besitzstond
1376 1021 1455 1093 ond
1486 1022 1544 1093 die
1570 1019 1775 1116 Eiokitnsto
1804 1019 1864 1091 des

182 1145 376 1218 eKtosrers
402 1146 481 1218 ond
505 1147 651 1219 oerieibt
676 1145 871 1217 &onothera
899 1144 957 1217 dio
985 1144 1207 1214 Irorrroroittit.
1438 1160 1547 1219 Poride
1570 1162 1634 1220 952
1656 1157 1747 1232 April
1770 1162 1820 1218 16.

321 1352 485 1413 Giartuior
505 1372 560 1412 vore
582 1354 691 1413 Portae
713 1372 769 1411 oris
793 1353 858 1410 rtem
879 1351 1005 1424 Ausone
1027 1352 1075 1409 des
1098 1354 1149 1410 16.
1170 1350 1222 1408 Jb.
1248 1348 1271 1420 s.
1293 1347 1322 1408 4¹
1345 1351 1388 1406 im
1410 1350 1436 1406 tr.
1456 1349 1657 1409 Stootsorobio
1678 1366 1718 1406 ee
1741 1348 1864 1405 Hormo-

318 1475 368 1515 oer
389 1457 449 1537 (B).
478 1493 522 1500 -
549 1457 704 1528 Absciirift
726 1458 904 1528 Hoffmanos
927 1474 983 1516 eus
1006 1457 1071 1514 deor
1094 1453 1220 1527 Aofonq
1244 1454 1293 1512 des
1317 1458 1371 1526 18.
1389 1454 1441 1513 Jb.
1466 1453 1534 1512 MS.
1555 1462 1663 1512 XXIII.
1689 1454 1751 1510 835
1775 1450 1799 1522 f.
1824 1455 1865 1510 40

317 1561 428 1620 abendo
449 1561 509 1640 (0).
1874 1559 1877 1576 '

321 1700 429 1758 Mater
455 1698 527 1758 Ant.
551 1699 709 1758 Bruosoic.
732 1704 798 1758 107
818 1703 894 1756 o⁰3
921 1699 997 1755 nocti
1025 1696 1152 1753 oodcrcr
1179 1692 1333 1764 Abscbrist
1363 1694 1541 1764 Hoffmoons
1566 1692 1632 1770 (M)
1658 1717 1698 1745 =
1721 1691 1867 1750 llobiilon

320 1805 394 1860 dcto
410 1803 463 1862 SS.
488 1804 530 1861 ed.
545 1813 569 1861 1.
593 1821 667 1862 saec.
684 1806 713 1873 5,
730 1805 795 1862 352
816 1804 870 1858 mit
888 1805 950 1861 955
976 1824 1016 1852 =
1039 1801 1214 1857 Heineccios
1229 1795 1301 1854 Arri.
1322 1795 1437 1854 Gestar.
1456 1799 1506 1865 16,
1534 1821 1571 1847 z
1596 1797 1699 1868 aare
1714 1793 1782 1854 aa
1801 1789 1865 1863 16l,

321 1909 362 1966 63
385 1929 425 1958 =
449 1907 595 1965 Mobitioo
616 1907 692 1965 sicto
716 1903 768 1966 SS.
792 1905 836 1963 ed.
853 1914 894 1974 11,
926 1922 1000 1964 socc.
1024 1907 1053 1974 5,
1077 1906 1150 1972 351,
1177 1926 1215 1954 =
1239 1901 1378 1958 Leibreite
1400 1898 1479 1957 Ano.
1505 1905 1535 1968 3,
1559 1904 1623 1958 303
1652 1918 1692 1956 ro
1722 1903 1794 1958 973.
1825 1931 1866 1938 -

320 2008 485 2080 Lercksold
506 2009 577 2067 Aoi.
602 2010 701 2069 Poeid.
725 2014 767 2069 18
795 2026 852 2067 oris
875 2009 1055 2079 Hoffmanns
1076 2003 1231 2075 Absoirrist
1260 2003 1310 2061 des
1332 2005 1407 2076 jotri
1435 2004 1516 2060 nicht
1546 2004 1627 2061 rrclrr
1654 2002 1867 2073 custodio-roo

323 2112 516 2170 Trorssnmts
538 2112 660 2183 liudolf
670 2122 692 2172 1.
717 2145 758 2154 —-
781 2113 910 2176 Reimer
930 2114 1003 2184 Roy.
1028 2113 1101 2170 186.
1124 2143 1167 2152 -
1190 2104 1320 2180 &troops
1337 2109 1409 2180 Reo.
1432 2111 1506 2166 211.

320 2247 393 2305 nes
421 2249 508 2305 seror
522 2225 524 2232 ’
537 2251 579 2305 rm
608 2248 640 2306 J.
664 2252 748 2308 1290
777 2267 832 2306 von
854 2246 1009 2318 emersi.
1032 2246 1173 2324 (sorem
1194 2247 1267 2318 seq.
1291 2243 1388 2322 1017)
1411 2247 1562 2317 rainere
1584 2244 1706 2316 nepam,
1729 2244 1804 2300 were
1826 2245 1868 2298 rm

319 2352 424 2424 Lause
446 2354 496 2411 des
521 2356 570 2412 13.
587 2353 640 2412 Ji.
664 2353 840 2426 onqefertiot
863 2354 981 2412 worden
1003 2355 1076 2422 sein,
1100 2355 1134 2410 in
1156 2352 1288 2409 wibbem
1310 2351 1365 2408 dos
1379 2350 1502 2408 Ktostcr
1523 2351 1587 2408 brut
1611 2350 1668 2407 dere
1682 2367 1738 2406 oon
1752 2348 1868 2406 Leuct-

322 2454 384 2526 setd
407 2458 425 2514 i.
450 2475 472 2515 c.
496 2457 740 2528 westoutiobten
766 2457 928 2516 Uriroorieo
956 2475 997 2515 on
1025 2456 1083 2514 den
1112 2459 1144 2514 in
1173 2457 1238 2513 dem
1261 2455 1300 2513 1).
1321 2457 1492 2526 emmonim
1518 2453 1609 2513 Orien
1636 2456 1768 2526 boyettert
1795 2470 1866 2521 soor,

321 2563 422 2618 sciron
444 2560 635 2618 Besitestond
657 2563 726 2618 ober
747 2558 874 2630 oietsocb
895 2558 1086 2632 aoqesocirten
1108 2561 1171 2618 soh.
1209 2560 1273 2618 Der
1294 2559 1437 2617 Fulsober
1459 2561 1594 2616 benoteto
1616 2557 1673 2629 seir
1694 2558 1751 2614 den
1773 2561 1868 2614 ersten

325 2664 411 2722 Trou
432 2664 496 2721 und
518 2665 575 2722 deri
598 2664 725 2734 Scidoss,
751 2667 805 2722 wie
827 2665 880 2722 der
901 2665 1074 2722 Pctitdroot
1097 2665 1259 2723 ersioirtliob
1282 2665 1393 2733 machi,
1423 2663 1477 2721 dos
1500 2663 1567 2723 Do.
1586 2674 1621 2722 ΙΙ.
1647 2662 1775 2734 Stumpf
1797 2663 1867 2734 Rey.

322 2771 387 2825 857
408 2767 472 2824 rod
494 2768 637 2825 eutichete
655 2768 818 2826 deorsetben
832 2769 908 2826 anob
924 2768 978 2826 dos
997 2769 1281 2840 Titelmcnooromm.
1323 2769 1391 2826 Was
1414 2786 1446 2825 er
1467 2767 1645 2840 itinrofrtqto
1667 2767 1785 2824 oerrritli
1808 2767 1869 2824 sirii

322 2870 415 2927 durch
437 2871 631 2944 &witerne
654 2871 703 2929 des
727 2873 828 2940 Hirtio,
853 2871 946 2929 durch
968 2872 1016 2928 die
1037 2871 1240 2943 camorlioirco
1266 2871 1474 2943 Zeitonoobert,
1499 2871 1592 2928 durch
1614 2870 1792 2928 Ausdrtiete
1814 2871 1868 2926 wie

325 2971 448 3042 novalia,
473 2974 556 3032 miles
579 2973 623 3032 als
647 2974 797 3032 dortheus
813 2973 890 3044 frete
904 2974 1084 3046 Erindmty.
1122 2975 1183 3032 Mit
1199 2973 1294 3032 dieser
1308 2974 1479 3046 Ftlscbemo
1494 2975 1585 3046 inopi
1601 2975 1649 3032 dic
1664 2975 1870 3044 Eriooitercny

323 3092 496 3151 zusammen
517 3076 620 3133 roetcbe
642 3076 691 3134 die
715 3076 803 3149 Gopic
825 3077 874 3135 des
897 3076 965 3136 ΒΟ.
980 3087 1017 3136 ΙΙ.
1042 3075 1171 3149 Stumpf
1188 3078 1259 3150 noy.
1279 3079 1342 3136 806
1366 3079 1398 3136 in
1420 3077 1665 3137 meraciter
1687 3078 1716 3136 B
1739 3079 1780 3133 im
1800 3076 1870 3135 Ver-

321 3179 414 3252 yleicir
436 3181 489 3237 mit
512 3179 565 3237 der
585 3181 658 3238 roob
685 3181 892 3239 oortoodeneo
918 3180 1067 3252 Ursoioist
1097 3179 1246 3251 oufweist.
1284 3181 1348 3238 Der
1370 3181 1483 3240 Passus
1506 3183 1539 3238 in
1560 3180 1628 3239 ΒΟ.
1652 3184 1713 3239 439
1743 3179 1822 3249 Quod
1845 3180 1870 3237 si

323 3281 388 3354 quis
411 3285 472 3340 arte
495 3315 537 3324 —
560 3283 610 3341 fiat
632 3285 744 3342 stimmt
766 3284 902 3342 eicmliob
924 3286 979 3342 mit
994 3285 1082 3356 jener
1104 3284 1318 3356 Interpoloiioo
1341 3286 1470 3343 ethereis.

169 3502 203 3549 ro
427 3487 466 3550 In
489 3488 619 3551 nomine
643 3496 755 3551 sancte
778 3495 811 3551 et
831 3487 998 3552 individue
1021 3489 1186 3552 trinitatis.
1225 3485 1303 3552 Otto
1328 3487 1440 3552 divina
1462 3487 1593 3552 favente
1617 3486 1790 3553 clementis
1812 3489 1870 3552 im-

221 3599 354 3673 perator
373 3600 540 3676 augustus.
639 3607 763 3656 Omnium
786 3605 903 3656 fidelium
921 3624 938 3654 r
955 3613 1009 3656 tam
1032 3609 1210 3672 praesentium
1234 3621 1313 3671 quam
1335 3623 1351 3654 s
1373 3607 1524 3655 futurorum
1547 3608 1590 3671 pie
1613 3607 1748 3657 devotioni
1771 3613 1868 3672 pateat,

221 3704 376 3774 quomodo⁰
399 3727 447 3760 nos
470 3711 505 3761 cb
528 3725 643 3760 amorem
666 3712 741 3776 regui
764 3713 847 3760 eterni
869 3713 1005 3776 nostrique
1028 3712 1131 3776 imperii
1157 3709 1302 3759 stabilitate
1325 3726 1373 3760 nec
1397 3726 1450 3759 uon
1473 3711 1586 3760 sanitate
1608 3719 1699 3760 nostra
1721 3727 1752 3760 ac
1775 3711 1870 3760 dilecte

221 3815 341 3880 coniugn
364 3821 453 3864 nostre
479 3796 544 3863 aob
568 3797 778 3863 dilectissime
802 3798 926 3864 sobolis
955 3821 1034 3879 atque
1057 3830 1105 3878 pro
1128 3814 1243 3863 remedio
1274 3800 1457 3863 animarum
1485 3810 1655 3884 parentum
1685 3811 1870 3865 nostrorum

220 3922 249 3969 in
271 3921 385 3986 quodam
408 3921 467 3970 loco
491 3927 581 3970 nostro
604 3921 702 3970 Palithi
726 3913 885 3969 nominato⁶
907 3919 1042 3970 abbatiam
1066 3919 1254 3968 monachorum
1277 3919 1305 3967 in
1328 3901 1453 3968 bonored
1481 3906 1587 3969 sancti
1611 3904 1767 3970 Iohannis
1789 3905 1869 3988 bap·

171 4015 204 4063 30
222 4009 298 4072 tisie
329 4012 498 4095 sanctique
528 4026 687 4074 contessoris
718 4041 734 4072 a
765 4024 879 4075 Servatii
910 4029 1088 4073 constructam
1121 4039 1252 4072 consensu
1284 4037 1316 4071 ac
1346 4023 1483 4073 voluntate
1516 4025 1675 4075 venerabilis
1704 4009 1870 4090 Eetionis,

221 4111 481 4195 Maguniinensis
509 4128 619 4177 ecclesie
645 4111 800 4178 Videlicet
822 4127 1024 4191 archiepiscopi,
1047 4125 1105 4176 fieri
1127 4128 1306 4176 concessimus
1328 4142 1359 4176 ac
1383 4135 1474 4176 nostra
1489 4129 1563 4193 regia
1578 4129 1620 4178 vel
1638 4128 1769 4193 imperiali
1786 4129 1869 4177 muni-

221 4227 332 4278 ficencia
354 4230 466 4279 stabiliri
490 4230 662 4280 decrevimus.
699 4231 740 4279 Ad
764 4231 843 4280 huius
866 4237 942 4298 ergo
967 4231 1075 4280 abbatie
1097 4223 1240 4294 praefate⁰
1264 4237 1434 4294 augmentum
1456 4214 1521 4278 acb
1544 4226 1700 4301 perpetue
1727 4215 1872 4280 solidite-

222 4317 264 4380 tis
286 4316 472 4381 firmitatem
494 4319 624 4382 tertiam
647 4327 774 4402 partem
803 4319 891 4382 curie
920 4327 1032 4382 nostre
1061 4317 1180 4381 Palithi
1204 4348 1264 4382 cum
1288 4335 1410 4384 cornibus
1433 4334 1467 4383 ad
1497 4318 1581 4384 beno
1605 4337 1654 4384 rite
1678 4335 1872 4400 pertinentibus

222 4421 328 4486 eidem
355 4420 491 4486 ecclesie
520 4437 712 4501 imperpetuum
736 4436 932 4501 perdurandum
956 4437 1099 4498 donamus,
1129 4437 1179 4486 boc
1202 4441 1242 4486 est
1264 4438 1333 4485 areis
1355 4455 1371 4484 r
1394 4438 1470 4486 terris
1493 4437 1571 4486 cultis
1594 4443 1620 4488 et
1643 4437 1750 4487 incultis
1772 4439 1824 4485 viis
1846 4442 1872 4486 et

170 4537 204 4585 so
224 4541 303 4589 inviis
326 4541 442 4590 exitibus
465 4545 490 4589 et
513 4539 642 4588 reditibus
664 4541 775 4604 quesitis
798 4547 824 4588 et
847 4540 1010 4604 inquirendis
1033 4541 1103 4604 agris
1127 4542 1227 4603 campis
1250 4542 1333 4604 pratis
1351 4541 1458 4604 pascuis
1476 4540 1550 4588 silvis
1566 4541 1757 4604 piscationibus
1773 4547 1871 4588 Vena·

222 4628 366 4694 tionibus
396 4644 554 4694 molendinis
583 4645 726 4694 mobilibus
755 4651 781 4694 et
808 4644 980 4694 inmobilibus
1009 4651 1036 4694 et
1059 4646 1085 4692 iu
1109 4645 1247 4709 rrrsuripiis
1270 4645 1408 4707 utriusque
1430 4658 1510 4692 sexus
1533 4645 1687 4708 cunctisque
1710 4642 1769 4692 aliis
1792 4644 1872 4692 rebus

223 4763 274 4812 que
298 4747 332 4796 ad
355 4749 403 4798 hec
432 4748 601 4813 aliquatenus
630 4748 682 4798 dici
714 4749 755 4798 rel
784 4748 977 4798 accommodari
1007 4753 1134 4813 possunt,
1163 4748 1197 4797 ad
1224 4746 1334 4797 eandem
1364 4747 1497 4796 abbatiam
1529 4741 1561 4795 et
1590 4731 1633 4796 ad
1665 4733 1873 4795 sustentatio·

222 4857 297 4900 uem
320 4836 554 4902 monachorum
581 4837 613 4900 in
637 4833 700 4900 esf
726 4835 788 4900 deo
817 4834 1045 4901 famulantium
1069 4845 1181 4899 nostra
1204 4837 1295 4918 regia
1317 4834 1368 4898 vel
1392 4834 1552 4918 imperiali
1576 4836 1747 4900 maiestate
1770 4851 1871 4915 integre

224 4967 256 5002 ac
285 4954 473 5017 perpetualiter
501 4954 637 5004 cadmus
686 4938 740 5002 Ad
769 4938 830 5002 hec
859 4961 936 5003 vero
967 4939 1157 5025 supradicta
1186 4938 1324 5003 eandem
1355 4936 1577 5022 supradictam
1612 4938 1785 5002 ecclesiam
1814 4960 1873 5022 per

173 5050 207 5097 40
226 5039 357 5104 diversa
384 5041 459 5105 loca
487 5052 698 5128 augmentare
728 5053 761 5108 et
789 5041 968 5107 honorifice
998 5042 1101 5107 ditare
1131 5042 1340 5108 devotissime
1369 5044 1556 5106 curavimus
1586 5051 1682 5128 atque
1711 5041 1753 5106 ab
1784 5045 1871 5107 omui

225 5145 400 5207 vexatione
431 5166 488 5207 seu
516 5148 728 5230 oppressione
757 5145 892 5210 liberam
922 5168 1112 5231 permanere
1142 5145 1346 5211 decrevimus
1358 5155 1382 5227 ⁸,
1410 5145 1497 5210 unde
1528 5148 1627 5211 etiam
1658 5146 1816 5210 ccclesias
1840 5155 1872 5210 et

224 5242 355 5309 nouas¹¹
378 5245 421 5309 ad
443 5246 578 5311 eandem
602 5248 808 5332 praedictam
831 5251 954 5314 curiam
981 5251 1041 5314 rite
1069 5252 1268 5336 pertinentes
1297 5271 1371 5312 cum
1401 5249 1544 5334 praediis
1573 5260 1670 5336 atque
1699 5249 1872 5316 novalibus

225 5347 331 5411 eidem
346 5347 484 5412 ecclesie
500 5351 749 5433 assignavimus.
784 5350 912 5417 Placuit
934 5376 1012 5418 vero
1035 5353 1266 5418 nichilominus
1290 5355 1410 5439 scripto
1435 5363 1547 5417 nostro
1571 5355 1765 5419 confirmare
1780 5377 1873 5440 prae-

225 5451 281 5516 dia
303 5450 355 5515 vel
377 5450 500 5516 reditus
523 5453 691 5536 praedicte
714 5454 852 5520 ecclesie
876 5457 943 5520 sive
966 5479 1025 5542 per
1046 5479 1107 5522 nos
1131 5480 1188 5521 seu
1210 5479 1269 5542 per
1293 5457 1377 5522 alios
1403 5479 1550 5543 quosque
1578 5456 1691 5522 fideles
1723 5457 1872 5541 collatos,

173 5637 207 5686 ts
312 5639 370 5693 439.
400 5639 622 5709 [nochor-rolez]
731 5647 757 5698 ai
777 5643 892 5710 quodO
997 5646 1025 5708 b)
1045 5651 1071 5696 et
1091 5645 1143 5696 011
1248 5649 1273 5711 c)
1294 5646 1356 5712 OM,
1385 5649 1512 5699 nominati
1532 5648 1557 5698 Β
1661 5649 1688 5710 d)
1707 5647 1877 5700 honoremO

396 5708 504 5773 silebit
522 5711 594 5762 nc
692 5712 826 5774 ileadem
852 5712 904 5765 ΟΜ
1007 5715 1301 5782 g)deceruimus0t1
1407 5718 1434 5785 h)
1451 5733 1522 5768 nora
1541 5715 1599 5768 ΟΜ.

276 5820 498 5865 ΝΜ·
1626 5827 1666 5888 ro
