4560 6420
266 401 328 466 174
863 409 1311 468 KAISERURKUNDEN.

363 593 452 659 Data
478 611 515 657 11.
538 589 611 658 idus
640 591 709 656 iulii
737 615 823 657 anno
851 593 1085 658 incarnationis
1116 591 1238 657 domini
1266 606 1506 674 mccccxhvm,
1541 613 1627 656 anno
1656 593 1750 675 regni
1782 590 1921 655 Ottonis

262 700 347 782 regis
370 715 423 781 61,
446 697 625 762 indictione
647 694 731 777 111¹13
754 708 864 762 aetum
886 699 919 761 iu
941 696 1192 778 Throtmennia3
1215 699 1249 760 in
1272 694 1324 760 dei
1346 697 1478 761 nomine
1501 717 1605 760 amen.

1056 888 1116 961 92.

272 1041 352 1118 0116
377 1044 537 1143 1661111191
558 1043 638 1116 dem
652 1044 798 1117 Kloster
820 1041 857 1118 S.
874 1017 974 1116 Eure
997 1043 1052 1116 bei
1078 1042 1169 1115 Toal
1189 1041 1247 1115 die
1273 1041 1468 1115 demselbeu
1490 1066 1568 1114 6661
1585 1039 1741 1138 Biseleof
1756 1037 1920 1116 Gauzlin

261 1165 484 1265 pelopeutlicle
508 1163 573 1237 der
594 1165 959 1264 Wedereiufitbruup
982 1163 1046 1237 der
1068 1163 1312 1263 Meueusreqet
1333 1164 1593 1262 zupeeoiesemen
1616 1159 1739 1237 Guter.
1937 1177 1953 1222 ⁵

1492 1305 1587 1377 Tusey
1609 1306 1674 1362 947
1696 1302 1817 1375 Aayast
1839 1306 1870 1361 3.

364 1493 510 1553 Mobillon
532 1493 609 1553 Actu
631 1494 683 1555 SS.
708 1495 751 1553 ed.
778 1503 801 1566 1,
824 1511 896 1552 saec.
922 1497 951 1563 5,
976 1498 1036 1554 891
1061 1495 1184 1567 Frcpm.
1214 1527 1256 1535 -
1280 1490 1392 1552 0616161
1414 1493 1494 1552 Hist.
1518 1493 1553 1550 de
1575 1493 1724 1550 16116166
1752 1490 1797 1548 ed.
1825 1499 1848 1561 I,
1873 1496 1916 1560 1⁶,

363 1599 429 1657 352
448 1617 489 1656 su
511 1602 574 1658 948
597 1596 647 1676 (A)
671 1622 710 1651 =
734 1599 777 1658 ed.
799 1607 838 1669 ll,
860 1603 903 1669 2⁶,
929 1602 1000 1669 192,
1026 1620 1065 1650 =
1089 1597 1228 1671 Bouquet
1251 1602 1280 1668 9,
1304 1600 1367 1656 380
1387 1600 1459 1658 612
1479 1614 1519 1655 zu
1535 1599 1607 1656 946.
1631 1630 1673 1639 --
1694 1595 1828 1653 Botriser
1842 1595 1915 1669 Rea.

365 1704 427 1760 140
450 1719 490 1759 su
512 1705 584 1762 946.
609 1737 650 1746 -
674 1702 803 1775 Stumpf
820 1704 892 1776 1169.
918 1707 990 1762 149.

363 1840 443 1898 Dass
466 1840 521 1898 das
540 1858 635 1913 pause
650 1841 689 1898 D.
713 1842 788 1899 uma
811 1841 929 1899 localem
943 1839 1045 1898 Dictat
1065 1839 1252 1912 yesehrteben
1274 1840 1312 1896 ist
1335 1836 1391 1909 fur
1412 1836 1529 1896 welches
1551 1836 1599 1894 die
1617 1835 1840 1894 svasuumenea
1860 1836 1917 1896 Ur·
1935 1847 1966 1893 10

364 1943 483 2001 tondeo
499 1944 548 2002 des
563 1943 700 2002 Klosters
723 1945 840 2003 beuutst
864 1944 980 2001 worden
1001 1943 1079 2013 siud,
1104 1942 1367 2000 16161666166111611
1383 1941 1431 1999 die
1447 1939 1798 2010 Conobmatiouasonuel
1812 1939 1918 1997 welche

363 2047 425 2105 6161
447 2047 599 2119 6119116161
621 2065 661 2106 au
684 2048 732 2106 die
754 2049 807 2106 der
828 2047 1007 2122 eurycleqteu
1028 2046 1170 2107 Urkcude
1198 2046 1248 2104 des
1276 2044 1415 2117 Bisolvofs
1442 2063 1507 2104 eom
1536 2045 1568 2104 J.
1591 2046 1655 2104 936
1678 2041 1805 2120 (aalma
1828 2043 1872 2102 ed.
1894 2051 1917 2113 1,

367 2154 406 2221 1⁶,
429 2148 505 2228 342)
529 2151 711 2211 aasehliesst.

467 2337 505 2400 16
534 2339 664 2400 nomine
695 2348 826 2401 sanetae
854 2349 886 2401 et
916 2336 1102 2402 individuae
1131 2337 1296 2401 trinitatis.
1341 2334 1420 2400 Otto
1451 2334 1562 2400 divina
1588 2334 1718 2399 favente
1742 2334 1918 2398 clementia

261 2461 331 2502 rex.
423 2439 457 2504 Si
481 2442 567 2503 errim
591 2462 673 2525 quae
696 2439 739 2504 ad
762 2462 929 2504 servorum
953 2440 1004 2505 dei
1028 2442 1169 2525 quietem
1192 2441 1369 2526 pertinent,
1399 2439 1609 2503 devotissima
1638 2437 1857 2502 sollieitudine
1885 2449 1918 2501 et
1936 2457 1965 2506 15

262 2543 420 2628 imperiali
450 2543 655 2629 providentia
683 2566 914 2629 procuramus,
950 2542 992 2606 ad
1021 2544 1275 2608 emolumentum
1298 2544 1425 2607 animae
1448 2553 1579 2607 nostrae
1601 2541 1652 2606 vel
1679 2541 1724 2606 ad
1745 2551 1915 2606 aeternam

260 2645 495 2711 beatitudinem
516 2648 755 2732 capescendam
777 2649 841 2712 hoe
864 2645 978 2731 procul
1001 2646 1100 2711 dubio
1129 2648 1289 2731 pertinere
1315 2670 1382 2711 666
1405 2646 1601 2713 dubitamus.
1647 2645 1774 2711 Idcirco
1800 2655 1915 2710 notum

260 2748 330 2813 fieri
353 2749 504 2815 volumus
528 2751 679 2816 omnibus
703 2760 835 2815 sanetae
858 2751 910 2816 dei
933 2752 1090 2816 ecelesiae
1117 2752 1267 2818 fidelibus
1297 2754 1505 2838 nostrisque·
1532 2750 1758 2837 praesentibus
1789 2750 1917 2815 seilicet

261 2862 293 2916 61
320 2853 452 2935 futuris,
488 2856 565 2939 quia
595 2852 775 2920 Gauzlinus
805 2855 999 2920 venerabilis
1029 2856 1235 2921 Leuchorum
1265 2855 1354 2920 urbis
1384 2857 1559 2941 episcopus
1589 2865 1722 2920 nostrae
1753 2857 1917 2940 suggessit

261 2956 516 3040 mansuetudini,
551 2980 589 3021 66
614 2958 702 3043 quod
725 2958 889 3045 quoddam
912 2963 1145 3024 monasterium
1168 2961 1202 3024 in
1226 2959 1380 3025 suburbio
1405 2959 1550 3026 eiusdem
1573 2961 1713 3025 civitatis
1737 2981 1816 3024 suae
1839 2982 1916 3025 con·
1934 2977 1966 3025 2⁰

262 3071 429 3144 structum,
453 3062 508 3127 ubi
525 3073 656 3130 sanetus
672 3063 763 3149 Aper
778 3065 948 3130 confessor
963 3065 1083 3130 Christi
1105 3065 1282 3130 tumulatus
1299 3067 1495 3149 agnoscitur,
1519 3064 1658 3148 regulari
1675 3086 1714 3128 ac
1732 3066 1915 3130 monastico

263 3164 366 3230 ordini
398 3165 562 3248 deditum,
596 3166 654 3231 sed
687 3165 840 3252 deinceps
870 3171 1000 3252 penitus
1030 3169 1242 3254 depravatum
1272 3168 1608 3254 atque'destructum,
1637 3167 1770 3234 tandem
1795 3165 1917 3234 Christi

262 3269 385 3334 auxilio
414 3272 488 3356 piae
517 3271 698 3336 devotionis
729 3270 902 3337 sudoribus
926 3274 1131 3359 propriisque
1153 3272 1322 3338 laboribus
1346 3273 1444 3357 digno
1467 3272 1626 3356 regularis
1649 3274 1735 3336 vitae
1759 3281 1848 3337 statu
1870 3274 1917 3338 16-

263 3374 417 3458 signitum
440 3382 473 3438 et
496 3372 724 3440 decentissimo
749 3375 861 3440 ordine
885 3378 1075 3441 monasticis
1098 3376 1211 3442 usibus
1234 3385 1382 3462 aptatum
1406 3374 1603 3461 quibusdam
1631 3374 1728 3439 rebus
1757 3374 1800 3439 ab
1827 3385 1917 3442 ante

262 3477 447 3544 cessoribus
464 3481 531 3542 suis
545 3500 650 3563 nuper
668 3477 860 3544 substractis
884 3503 923 3544 ae
946 3503 966 3544 a
989 3503 1023 3544 se
1045 3479 1230 3544 reformatis
1252 3479 1430 3544 liberaliter
1447 3477 1626 3543 donaverit.
1664 3478 1730 3544 Sed
1746 3501 1787 3542 ne
1803 3501 1916 3566 quam·
1934 3492 1965 3538 15

263 3580 342 3646 libet
364 3585 627 3647 contrarietatem
655 3591 712 3648 aut
739 3584 995 3669 inquietudinem
1024 3605 1044 3647 a
1072 3583 1277 3669 praesulibus
1307 3605 1366 3669 per
1394 3592 1542 3668 tempora
1570 3583 1716 3648 labentia
1743 3585 1777 3647 in
1800 3581 1917 3650 eadem

262 3685 339 3751 sede
362 3684 424 3750 sibi
447 3671 695 3751 succedentibus
718 3686 896 3751 monaehib
919 3710 1001 3773 quos
1024 3689 1058 3751 in
1080 3697 1259 3752 memorato
1281 3689 1479 3752 monasterio
1499 3695 1745 3771 aggregaverat,
1769 3685 1917 3774 quolibet

261 3799 406 3876 tempore
435 3793 504 3876 pati
531 3799 741 3874 cogerentur,
772 3790 976 3876 privilegium
1003 3793 1050 3854 eis
1073 3790 1331 3856 ecclesiasticum
1354 3792 1529 3856 autoritate
1553 3813 1587 3854 se
1609 3790 1775 3874 professus
1799 3798 1850 3852 est
1871 3789 1916 3852 fe-

262 3892 346 3958 cisse
374 3915 438 3979 quo
469 3895 674 3958 serenissime
703 3901 873 3977 sanxerat,
909 3904 944 3958 ut
972 3893 1081 3958 nullus
1109 3894 1300 3980 pontificum
1328 3893 1389 3958 sibi
1418 3893 1659 3958 succedentium
1682 3893 1852 3979 quippiam
1875 3890 1915 3955 de

261 3996 358 4062 rebus
382 4019 464 4083 quas
486 3997 584 4062 iidem
606 3998 759 4062 monaehi
781 4008 856 4062 a'nte
879 3998 1102 4083 possederant,
1126 4000 1224 4063 immo
1248 4000 1319 4083 ipse
1341 3995 1526 4062 reddiderat
1548 4005 1605 4060 aut
1627 3997 1654 4059 si
1674 4017 1739 4084 qua
1758 3994 1914 4077 deinceps
1932 4006 1964 4055 ao

262 4102 304 4166 ab
334 4123 373 4166 eo
402 4104 575 4188 impetrare
605 4113 754 4186 possent,
787 4104 977 4167 imminuere
999 4113 1056 4168 aut
1078 4105 1204 4168 maiora
1226 4101 1290 4166 illis
1314 4101 1446 4164 servitia
1470 4121 1568 4184 quam
1596 4100 1666 4182 ipse
1689 4099 1915 4178 constituerat,

234 4213 236 4218 '
262 4204 402 4269 inferret.
447 4205 567 4270 Rerum
598 4215 708 4270 autem
736 4205 900 4271 voeabula
929 4230 1011 4294 quas
1040 4209 1102 4293 ipsi
1131 4217 1206 4272 ante
1236 4215 1407 4270 tenuerant
1430 4213 1462 4267 et
1484 4226 1565 4290 quas
1588 4205 1658 4288 ipse
1680 4202 1833 4287 largitate
1857 4224 1918 4267 sua

261 4310 463 4390 restituerat,
492 4309 567 4373 huie
597 4319 727 4373 nostrae
751 4312 934 4374 autoritatis
957 4320 1133 4396 praecepto
1155 4313 1295 4375 inserere
1319 4308 1452 4392 dignum
1475 4306 1644 4388 duximus,
1678 4305 1713 4371 id
1735 4313 1785 4370 est
1807 4307 1917 4370 vicum

263 4413 369 4477 saneti
391 4411 472 4498 Apri
496 4435 571 4478 cum
593 4415 697 4478 vineis
720 4415 813 4478 terris
836 4417 939 4498 pratis
963 4414 1054 4478 silvis
1076 4415 1240 4478 farinariis
1263 4423 1296 4476 et
1319 4408 1528 4476 servitoribus
1553 4411 1636 4493 suis,
1660 4409 1718 4473 sed
1740 4419 1773 4473 et
1786 4421 1917 4495 'appen-

263 4513 343 4580 ditia
365 4517 444 4599 eius,
467 4513 502 4579 id
524 4524 573 4580 est
596 4514 788 4581 Camiaeum
811 4540 884 4581 eum
906 4518 1091 4600 integritate
1115 4538 1183 4598 sua,
1207 4514 1344 4580 Auroris
1366 4537 1517 4579 mansum
1539 4535 1615 4580 eum
1636 4514 1823 4596 integritate
1845 4534 1915 4596 sua,
1933 4524 1964 4572 11

262 4620 430 4684 vinearum
453 4619 578 4685 scilicet
600 4641 798 4706 pascuarum
821 4641 974 4704 agrorum
997 4632 1029 4685 et
1051 4620 1216 4702 silvarum,
1239 4641 1300 4683 nec
1324 4620 1429 4683 minus
1454 4627 1486 4682 et
1508 4619 1622 4682 vineas
1645 4614 1777 4699 Alnodi,
1804 4639 1917 4681 omnes

262 4725 296 4788 in
317 4734 427 4789 monte
449 4724 553 4789 Barro
576 4725 629 4789 vel
650 4725 820 4789 Barrieino
845 4727 1054 4808 constitutas,
1078 4727 1111 4788 16
1133 4725 1313 4789 Bruvriaeo
1337 4744 1466 4809 quoque
1489 4722 1685 4808 plantat-iam
1707 4721 1861 4786 Edenulfi
1886 4730 1918 4786 et

263 4828 461 4894 Leutmundi
484 4851 558 4894 eum
582 4828 777 4914 quibusdam
799 4830 904 4892 vineis
933 4827 1022 4912 aliis,
1058 4827 1216 4914 quidquid
1238 4829 1336 4892 etiam
1358 4829 1393 4892 in
1416 4825 1607 4912 Saponariis
1631 4825 1671 4890 de
1692 4835 1788 4912 parte
1812 4827 1918 4890 sancti

263 4927 344 5015 Apri
373 4929 525 5014 habetur,
560 4954 621 4996 nec
643 4953 710 4996 non
733 4941 765 4997 et
786 4932 976 4996 farinarium
999 4933 1033 4995 in
1055 4931 1174 5014 Nasio,
1209 4929 1267 4996 sed
1290 4940 1322 4994 et
1344 4951 1494 4996 mansum
1517 4930 1622 4992 saneti
1644 4927 1819 4992 Maximini
1843 4949 1919 4992 cum

264 5043 350 5098 sorte
374 5035 443 5098 eius
466 5036 520 5119 qui
544 5045 618 5099 ante
642 5036 728 5099 fores
751 5037 940 5100 monasterii
965 5037 1124 5117 consistit,
1147 5059 1222 5100 eum
1244 5035 1393 5118 ecclesia,
1423 5036 1501 5098 item
1523 5033 1667 5098 villulam
1690 5053 1774 5118 quae
1798 5033 1918 5098 dicitrar
1934 5049 1968 5099 46

263 5136 463 5220 Vidiliacus,
497 5147 530 5201 et
551 5137 698 5203 Villenas
723 5161 765 5202 ex
788 5139 913 5224 integro
938 5151 969 5203 61
991 5137 1135 5205 Alanum
1158 5161 1231 5204 oum
1256 5139 1405 5206 omnibus
1427 5137 1626 5224 appenditiis
1649 5136 1730 5217 suis,
1766 5157 1844 5200 cum
1867 5159 1919 5200 ee-

264 5241 364 5306 clesia
386 5262 470 5326 quae
493 5245 597 5306 estin
621 5240 849 5326 Columbario,
884 5265 982 5328 quam
1011 5246 1081 5329 ipse
1112 5243 1243 5330 praesul
1270 5242 1493 5310 munificentia
1520 5263 1579 5306 sua
1601 5238 1722 5303 eisdem
1745 5239 1919 5304 monachis

264 5344 353 5411 dedit
375 5356 407 5410 et
429 5348 550 5433 scripto
574 5348 610 5410 in
632 5346 782 5432 synodali
806 5357 969 5413 conventu
991 5348 1177 5413 confirmari
1206 5346 1346 5430 studuit,
1380 5355 1413 5412 et
1441 5344 1611 5411 dimidium
1639 5364 1790 5408 mansum
1822 5366 1922 5428 quem

263 5451 333 5536 ipse
356 5451 480 5516 eisdem
503 5449 649 5515 similiter
671 5453 849 5534 concessit,
873 5450 984 5516 villam
1007 5474 1136 5538 quoque
1159 5450 1316 5538 Stephani
1341 5473 1415 5515 eum
1438 5449 1635 5536 appenditiis
1658 5447 1724 5510 suis
1748 5455 1780 5508 61
1804 5446 1922 5514 basili·

364 5604 406 5659 tl.
433 5607 460 5669 h)
480 5605 578 5656 6616161
595 5605 790 5672 mausolaea
1944 5613 1976 5662 45

366 5688 407 5744 92.
435 5691 543 5760 [Uhlira]
646 5694 672 5755 a)
692 5691 831 5743 nostrisA
935 5695 964 5757 b)
983 5693 1126 5746 monachos
1143 5691 1175 5744 A.
