4508 6428
338 394 404 461 384
919 349 1387 459 ΙΚΑΙΒΕΒΠΒΚῙΙΗΙ)ΕΝ.

340 593 416 650 cato
439 606 499 649 suo
522 593 555 649 et
574 584 678 669 ipsius
700 582 859 668 episcopii
874 589 906 646 et
922 589 1129 647 ostenserunt
1154 579 1356 667 [preceptum
1379 603 1478 646 unum
1500 580 1557 648 ubi
1580 583 1764 646 continetur
1786 583 1821 645 in
1844 603 1885 644 eo
1911 582 2000 644 sicut

340 690 394 754 hic
418 686 530 752 subter
551 686 684 770 legitur:
707 701 739 749 ln
758 692 873 761 nomine]
895 683 1018 750 dominis
1038 701 1122 751 nostri
1140 722 1173 730 -
1188 723 1221 730 -
1239 695 1306 751 -.⁸
1327 683 1528 770 Prceptum¹¹
1550 687 1658 771 ipsum
1680 687 1873 752 obstensum
1896 695 1934 749 et
1954 683 1998 748 ab

342 791 455 857 ordine
478 790 634 856 relectum
656 788 727 854 fuit.
761 789 854 853 'lbmc
876 789 1159 874 interrogaverrmt
1181 790 1244 874 ipsi
1266 788 1391 854 iudices
1407 798 1440 852 et
1454 788 1619 854 auditores
1642 811 1753 854 eorum
1769 787 1998 854 Ermenaldus

341 897 517 981 episcopus
540 903 572 957 et
589 891 784 977 Asprandus
807 901 947 957 avocato
971 893 1040 957 eius
1063 901 1096 957 et
1117 893 1220 977 ipsius
1242 892 1412 977 episcopii,
1436 914 1495 977 pro
1519 893 1589 978 quit
1612 903 1801 978 preceptum
1823 894 1938 978 ipsum
1961 893 1996 955 iu

340 1001 438 1063 istum
473 1004 679 1061 ostenserunt
710 994 878 1060 iudicium.
914 995 1006 1061 Tunc
1036 995 1274 1081 responderunt
1303 997 1370 1059 iam
1401 993 1488 1060 dioto
1519 995 1715 1060 Ermenaldo
1750 997 1931 1081 episcopus
1963 1004 2029 1061 ets

340 1100 516 1187 Asprando
539 1108 679 1164 avocato
698 1085 783 1164 eius:
819 1099 915 1163 ‘Vere
933 1107 1122 1184 preceptum
1141 1100 1240 1163 istum
1257 1098 1303 1163 ibi
1320 1099 1524 1180 ostensimus,
1547 1107 1583 1161 ut
1598 1097 1705 1163 nullus
1722 1097 1878 1184 quislibet
1892 1097 1994 1162 homo

226 1215 228 1224 ⁴
341 1205 448 1270 dicere
477 1207 564 1291 posit
592 1203 681 1289 quod
708 1225 770 1268 uos
800 1226 873 1267 eum
897 1202 1024 1267 occulte
1048 1212 1104 1269 aut
1126 1202 1528 1269 conludiose-abuisemus
1551 1212 1608 1266 aut
1629 1204 1845 1280 tenuisemus‚
1875 1212 1910 1266 et
1932 1225 1994 1268 nec

341 1307 457 1374 scilesi
489 1317 640 1394 apareat,
674 1316 707 1372 et
739 1309 825 1372 casis
857 1306 1008 1372 omnibus
1037 1306 1134 1372 rebus
1162 1307 1243 1394 ipsis
1274 1330 1332 1372 seu
1353 1305 1487 1371 familiis
1512 1315 1544 1370 et
1568 1308 1677 1370 omnia
1699 1306 1787 1392 quod
1809 1329 1870 1393 per
1891 1309 1994 1372 istum

341 1422 530 1498 preceptum
558 1411 655 1476 nobis
679 1420 711 1476 et
734 1433 811 1496 pars
833 1413 937 1496 ipsius
960 1411 1118 1496 episcopii
1142 1432 1335 1477 concessum
1358 1410 1465 1495 adque
1488 1409 1734 1475 corroboratum
1756 1420 1821 1495 est,
1852 1411 1994 1477 abemus

340 1525 373 1580 et
394 1525 541 1581 tenemus
564 1516 698 1581 adiuro
721 1522 753 1578 et
775 1510 1018 1600 proprietario¹¹
1045 1514 1148 1599 ipsius
1177 1515 1335 1599 episcopii
1366 1521 1477 1578 sancte
1499 1513 1669 1598 Regiensis
1691 1513 1846 1598 ecclesie,
1875 1512 1937 1580 et*
1966 1517 1994 1580 si
2014 1531 2045 1577 10

340 1617 494 1705 quislibet
515 1618 613 1684 homo
638 1617 753 1703 aliquit
776 1617 884 1682 dicere
906 1616 991 1700 vult,
1016 1619 1122 1702 parati
1141 1639 1264 1699 sumus,
1287 1616 1414 1700 exinde
1429 1638 1504 1681 cum
1527 1639 1603 1683 eum
1624 1619 1658 1682 in
1679 1619 1810 1684 racione
1836 1619 1994 1686 standum

341 1724 428 1787 etin
448 1723 566 1786 vestris
589 1723 767 1807 presenciis
790 1721 936 1805 legitima
957 1721 1021 1786 fine
1044 1720 1289 1807 precipiendum
1311 1729 1360 1798 et,
1384 1741 1445 1806 que
1468 1719 1541 1806 plus
1565 1727 1630 1800 cst,
1654 1723 1818 1807 querimus
1841 1731 1878 1787 ut
1902 1721 1994 1788 dicat

339 1827 400 1890 iste
415 1824 607 1911 lngefredus
629 1824 731 1890 iudex
752 1834 785 1889 et
807 1834 946 1889 avocato
971 1824 1081 1889 domni
1104 1824 1312 1910 imperatoris
1327 1823 1382 1909 qui
1397 1821 1443 1888 ibi
1459 1845 1629 1908 apresens
1645 1833 1704 1908 est,
1729 1826 1756 1890 si
1771 1827 1832 1890 iste
1848 1826 1992 1891 domnus

337 1930 519 2016 imperator
546 1939 736 2016 preceptum
764 1931 863 1993 istum
890 1929 959 1992 fieri
989 1929 1104 2014 rogavi
1132 1937 1189 1992 aut
1210 1949 1310 1992 manu
1332 1928 1465 2013 propria
1487 1927 1640 1993 roboravi
1662 1927 1733 1993 vell
1761 1927 1844 1993 illud
1865 1929 1991 1994 annulo

341 2055 399 2098 suo
424 2033 545 2118 sigilari
569 2035 673 2116 iussit,
701 2042 758 2097 eut
780 2034 865 2096 casis
889 2040 922 2096 et
943 2030 1041 2102 rebus
1065 2053 1121 2096 seo
1144 2029 1278 2096 familiis
1300 2040 1333 2095 et
1356 2033 1466 2096 omnia
1488 2029 1577 2117 quod
1597 2033 1633 2096 in
1655 2034 1752 2098 istum
1775 2031 1895 2117 legitur
1919 2056 1991 2120 pre
2011 2053 2042 2100 15

340 2144 470 2221 ceptum
494 2159 514 2201 a
536 2146 629 2222 parte
657 2136 790 2222 publica
818 2137 958 2222 pertinet
980 2156 1023 2199 an
1045 2131 1133 2200 non’
1182 2134 1274 2199 Tunc
1303 2133 1388 2198 dixit
1416 2135 1487 2220 ipse
1509 2134 1701 2220 lngefredus
1728 2135 1829 2202 iudex
1855 2145 1889 2200 et
1913 2159 1991 2201 avo·

340 2248 415 2304 cato
439 2238 550 2304 domni
572 2240 776 2324 imperatori:
813 2238 908 2303 ‘Vere
932 2249 1122 2327 preceptum
1144 2240 1243 2304 istum
1266 2225 1458 2325 quod'inibi
1482 2249 1650 2306 ostensum
1672 2239 1786 2323 abetis,
1809 2240 1938 2307 bonum
1960 2251 1993 2306 et

339 2363 453 2406 verum
475 2351 525 2407 est
547 2352 579 2406 et
596 2342 734 2407 domnus
751 2340 830 2407 Otto
852 2342 1031 2427 imperator
1053 2344 1108 2430 qui
1130 2342 1175 2408 ibi
1192 2366 1362 2429 apresens
1385 2353 1444 2426 est,
1467 2345 1536 2408 fieri
1560 2345 1655 2409 iussit
1678 2355 1710 2409 ct
1732 2367 1832 2409 manu
1855 2347 1994 2432 propria

338 2444 490 2510 roboravi
513 2455 545 2510 et
562 2445 603 2510 de
625 2445 746 2512 annulo
763 2469 821 2511 suo
842 2445 965 2531 sigilari
988 2449 1145 2533 precepit,
1171 2457 1203 2512 et
1225 2449 1312 2512 casis
1335 2457 1369 2513 et
1390 2446 1487 2513 rebus
1510 2457 1543 2511 et
1566 2449 1676 2514 omnia
1698 2447 1786 2534 quod
1808 2469 1868 2534 per
1891 2451 1993 2513 istum

340 2557 530 2635 preceptum
552 2549 781 2615 confirmatum
803 2558 835 2614 et
857 2549 1109 2616 corroboratum
1128 2559 1191 2633 est,
1220 2573 1241 2614 a
1264 2561 1356 2635 parte
1379 2549 1512 2636 publica
1534 2572 1594 2614 nec
1617 2573 1637 2614 a
1660 2560 1752 2636 parte
1774 2551 1911 2617 marche
1933 2575 1993 2639 per
2010 2569 2042 2615 ιο

339 2651 497 2718 nullusvis
525 2655 655 2738 ingenio
679 2655 818 2738 pertinet
846 2675 906 2717 nec
935 2655 1097 2738 pertinere
1126 2652 1223 2718 debet
1251 2675 1325 2719 cum
1353 2653 1441 2738 lege,
1476 2653 1533 2718 sed
1563 2656 1672 2719 omnia
1700 2653 1788 2740 quod
1810 2676 1870 2740 per
1892 2658 1992 2720 istum

340 2764 531 2842 preceptum
546 2756 774 2836 confirmatum
789 2767 822 2821 ct
836 2756 1086 2822 corroboratum
1102 2767 1160 2840 est,
1176 2779 1236 2823 vos
1252 2758 1315 2842 ipsi
1333 2756 1530 2824 Ermenaldo
1547 2760 1721 2844 episcopus
1736 2767 1768 2822 et
1782 2757 1992 2844 Asprando¹

339 2869 478 2925 avocato
495 2882 606 2946 apars
629 2861 732 2946 ipsius
755 2862 901 2946 episcopi
925 2871 1036 2926 sancte
1051 2861 1222 2946 Regiensis
1246 2861 1383 2926 ecclesie
1406 2862 1503 2927 abere
1526 2871 1558 2926 et
1580 2871 1689 2927 tencre
1713 2861 1839 2927 debetis
1861 2863 1907 2927 ad
1922 2865 1994 2928 iure

339 2965 555 3049 proprietario
578 2965 724 3028 iustam¹¹
746 2965 853 3049 ipsum
876 2962 1086 3050 preceptum’
1129 2962 1212 3029 (lum
1235 2967 1305 3050 ipse
1322 2963 1514 3049 Ingefredus
1537 2963 1637 3030 iudex
1652 2975 1685 3030 et
1699 2974 1858 3030 avocatus
1881 2966 1994 3031 taliter

340 3064 518 3148 aseruised‚
542 3075 619 3130 tunc
641 3067 868 3132 iudicaverunt
889 3067 953 3150 ipsi
975 3065 1099 3132 iudices
1122 3075 1158 3131 ut
1179 3068 1251 3152 ipso
1274 3066 1466 3152 Ingefredus
1489 3067 1589 3134 iudex
1612 3077 1644 3133 et
1672 3080 1831 3134 avocatus
1853 3081 1993 3136 maneat
2009 3086 2042 3134 25

339 3168 458 3234 exinde
478 3167 648 3235 tacitus³et
664 3179 836 3235 contentus
855 3167 899 3234 da
916 3191 992 3253 pars
1010 3169 1143 3254 publica
1161 3177 1194 3234 et
1211 3170 1255 3234 da
1269 3192 1347 3256 pars
1363 3170 1494 3237 marche
1518 3171 1558 3236 de
1583 3173 1691 3237 omnia
1713 3170 1801 3259 quod
1823 3174 1857 3238 in
1880 3175 1994 3259 ipsum

339 3285 529 3361 preceptum
557 3276 785 3341 confirmatum
807 3283 839 3339 et
861 3273 1110 3340 corroboratum
1139 3274 1271 3358 legitur,
1303 3275 1426 3359 etipse
1448 3274 1576 3360 prefato
1599 3273 1799 3342 difflenaldo
1823 3275 1937 3361 presul
1961 3286 1995 3341 ct

339 3376 514 3464 Asprando
538 3387 677 3444 avocato
701 3379 770 3443 eius
793 3384 948 3442 maneant
970 3377 1089 3442 exinde
1112 3376 1227 3441 solutis
1250 3385 1283 3440 et
1304 3377 1465 3446 indemnis
1488 3401 1509 3442 a
1530 3400 1608 3464 pars
1631 3375 1801 3464 predicteh
1829 3382 1995 3466 episcopii

339 3493 451 3548 sancte
466 3483 636 3567 Regiensis
652 3482 800 3547 ecclesie.
833 3481 972 3568 Insuper
993 3483 1152 3546 miseruut
1172 3479 1318 3546 bannum
1335 3479 1445 3546 domni
1461 3484 1650 3567 imperatori
1668 3481 1825 3567 predictis
1840 3482 1993 3549 Aubcrto

338 3586 485 3651 marchio
509 3595 542 3651 et
564 3609 675 3652 comes
697 3587 819 3672 palacii
842 3595 874 3650 et
891 3584 1017 3651 Uberto
1041 3585 1217 3673 episcopus
1241 3594 1273 3648 et
1295 3587 1414 3651 missus
1438 3587 1549 3652 domni
1572 3589 1777 3673 imperatoris
1801 3609 1902 3673 super
1923 3589 1992 3654 iam
2011 3615 2043 3662 30

340 3692 435 3757 dictis
459 3691 610 3758 omnibus
632 3690 729 3758 rebus
752 3701 785 3757 et
807 3690 939 3756 familiis
962 3691 1050 3755 etin
1073 3692 1183 3755 omnia
1206 3689 1296 3777 quod
1310 3692 1344 3754 in
1359 3692 1467 3775 ipsum
1490 3700 1681 3777 preceptum
1701 3690 1820 3775 legitur
1842 3693 1877 3757 in
1900 3714 1993 3758 man·

339 3817 437 3859 cesos
460 3795 525 3860 duo
549 3794 654 3877 milia,
677 3805 713 3861 ut
735 3794 844 3860 nullus
867 3793 1022 3881 quislibet
1042 3793 1142 3860 homo
1165 3815 1287 3878 magna
1308 3816 1476 3880 parvaque
1499 3816 1640 3880 persona
1656 3794 1697 3860 de
1713 3797 1821 3860 omnia
1845 3797 1938 3882 quod
1959 3799 1996 3864 in

339 3899 447 3983 ipsum
479 3907 670 3983 preceptum
703 3898 932 3968 confirmatum
965 3907 998 3964 et
1027 3897 1275 3964 corroboratum
1309 3897 1427 3983 legitur
1460 3900 1528 3962 iam
1561 3898 1648 3963 dicto
1683 3899 1840 3984 episcopii
1878 3911 1995 3965 sancte

339 4001 508 4086 Regiensis
540 4000 677 4066 ecclesie
706 4001 866 4067 devestire
896 4012 952 4092 aut
981 4003 1162 4088 inquietare
1193 3999 1373 4087 presuma¹¹
1404 4002 1473 4066 sine
1504 4001 1601 4087 legali
1629 4002 1765 4086 iudicio,
1801 4005 1882 4090 qui⁰
1913 4027 1994 4071 vero

338 4102 462 4188 fecerit,
485 4104 649 4190 predictos
672 4106 738 4171 duo
762 4105 852 4174 milia
871 4128 1045 4171 mancosos
1062 4106 1132 4170 auri
1150 4106 1397 4190 conpositurum
1419 4129 1454 4171 se
1472 4117 1639 4192 agnoscat,
1662 4105 1873 4172 medietatem
1896 4119 1993 4194 parte
2011 4131 2043 4178 ss

340 4228 467 4271 camere
497 4207 608 4273 domni
636 4211 843 4294 imperatoris
866 4219 898 4275 et
920 4208 1128 4275 medietatem
1156 4211 1259 4296 ipsius
1285 4209 1483 4275 Ermeualdo
1508 4212 1682 4296 episcopus
1712 4211 1846 4296 eiusque
1882 4235 1994 4277 succe

341 4308 468 4375 scribus
496 4334 516 4375 a
545 4334 621 4397 pars
652 4311 789 4398 predicti
819 4314 978 4399 episcopii
1009 4323 1121 4377 sancte
1143 4313 1314 4398 Regiensis
1344 4312 1491 4379 ecclesie.
1537 4314 1581 4378 Et
1609 4335 1668 4399 pro
1697 4313 1781 4378 hanc
1804 4337 1825 4379 a
1847 4317 1993 4381 futuram

339 4414 513 4480 tenendam
536 4417 724 4483 memoriam
748 4439 804 4482 seo
828 4438 887 4502 pro
912 4419 1086 4482 securitate
1109 4416 1215 4483 eidem
1230 4416 1417 4482 Ermenaldi
1441 4419 1615 4504 episcopus
1638 4420 1770 4503 eiusque
1794 4423 1994 4485 successori-

339 4515 401 4582 bus
424 4539 444 4582 a
466 4540 542 4605 pars
571 4520 673 4606 ipsius
702 4522 861 4607 episcopii
891 4543 952 4606 ego
981 4521 1086 4585 Liuzo
1120 4519 1278 4602 [notarius
1309 4519 1352 4603 et]
1383 4518 1483 4584 iudex
1514 4521 1597 4584 sacri
1626 4518 1744 4606 palacii
1775 4543 1817 4584 ex
1846 4522 1993 4587 iussione

340 4620 451 4685 domni
473 4621 704 4708 imperatoriss
723 4633 756 4688 et
774 4622 910 4689 Auberti
933 4623 1079 4688 marchio
1104 4632 1136 4688 et
1158 4645 1267 4688 comes
1291 4623 1412 4708 palacii
1435 4632 1468 4688 et
1482 4623 1597 4688 Uberti
1621 4624 1794 4708 episcopus
1817 4632 1850 4687 et
1870 4627 1993 4691 missus
2010 4648 2045 4695 ιο

340 4747 396 4789 seu
418 4724 563 4791 iudicum
586 4729 791 4793 amunicioue
815 4729 932 4814 scripsi
955 4736 988 4792 et
1009 4727 1163 4810 interfuit,
1187 4748 1274 4791 enno
1297 4728 1424 4812 imperii
1449 4725 1559 4790 domni
1583 4724 1696 4791 Ottoni
1718 4728 1850 4792 etitem
1874 4727 1991 4794 Ottoni

339 4827 397 4892 filii
413 4831 482 4894 eius
497 4831 609 4914 gracia
624 4829 677 4896 dei
691 4852 768 4916 rega
783 4830 836 4896 hic
851 4832 887 4895 in
901 4829 999 4895 ltalia
1013 4831 1125 4912 tercio,
1149 4828 1201 4894 die
1216 4851 1304 4894 nono
1327 4851 1438 4894 mense
1461 4837 1612 4914 augusto,
1635 4829 1815 4896 indictione
1838 4834 1991 4917 septima.

337 5035 339 5040 ,
444 4983 489 5066 (†)
506 4983 642 5050 Otberto
656 5008 777 5058 ,comes
800 4986 921 5072 palacii
945 4984 1134 5070 subscripsi.
1223 4983 1268 5066 (†)
1282 4983 1448 5050 Hvbertus
1471 4987 1584 5069 gracia
1603 4983 1654 5050 dei
1673 4984 1872 5072 episcopuss
1892 4989 1992 5054 inter·

339 5086 396 5152 fui.
484 5086 529 5167 (†)
552 5089 625 5172 Ego
649 5087 817 5155 Gerardus
846 5113 956 5156 comes
978 5088 1025 5154 ibi
1046 5089 1104 5154 fui.
1190 5087 1235 5169 (†)
1257 5086 1455 5152 Adelbertvs
1481 5111 1591 5154 comes
1614 5088 1754 5154 interfui.
1844 5089 1890 5171 (†)
1914 5091 1990 5178 Ego

339 5190 511 5257 Raiuerius
540 5215 650 5257 comes
672 5192 718 5258 ibi
741 5194 798 5259 fui·
887 5193 931 5275 (l)
956 5194 1029 5278 Ego
1052 5193 1163 5259 Uuido
1190 5191 1320 5258 humilis
1343 5194 1517 5279 episcopus
1539 5192 1680 5258 interfui·
1765 5190 1810 5274 (†)
1831 5189 1906 5278 Ego
1930 5195 1991 5261 Re
2008 5215 2043 5266 45

340 5294 466 5379 prendo
490 5316 601 5360 comes
616 5293 662 5360 ibi
676 5295 733 5362 fui.
823 5296 868 5378 (†)
886 5295 1076 5370 Grimaldus
1098 5299 1211 5380 gracia
1234 5296 1286 5361 dei
1309 5297 1484 5381 episcopus
1506 5295 1647 5360 interlui.
1735 5294 1781 5377 (†)
1798 5293 1991 5380 Sigefredus

426 5445 486 5500 tlt.
513 5448 540 5515 i)
559 5449 617 5515 dni,
634 5451 738 5517 impris,
759 5451 785 5501 di
804 5469 850 5519 eps
873 5452 939 5504 obvie
955 5451 1223 5534 Abls'mtpmiqbcu
1325 5451 1353 5518 g)
1365 5449 1436 5516 solqt
1453 5447 1515 5502 Do.
1528 5451 1585 5501 268
1680 5450 1751 5512 b)A
1848 5453 1869 5515 i)
1887 5452 1911 5504 A
1930 5461 1993 5506 stac

511 5533 592 5586 silens
695 5537 722 5599 k)
742 5537 795 5602 cqs
806 5537 895 5590 Ram
994 5540 1013 5602 l)
1032 5540 1175 5591 roboraunl
1194 5538 1225 5602 Δ,
1248 5537 1274 5588 d.
1293 5537 1318 5587 t.
1341 5539 1384 5588 ein
1402 5536 1494 5601 Scbcfl
1510 5554 1542 5587 m
1558 5539 1653 5603 merzig,
1679 5538 1802 5590 roboravi
1821 5537 1910 5604 potat
1932 5541 1993 5593 dm

510 5603 733 5670 semotam
755 5610 850 5674 rogavi
951 5609 989 5670 m)
1008 5614 1099 5660 est-
1115 5608 1254 5674 Asprando
1277 5607 1330 5670 mss
1345 5605 1434 5658 Ram
1536 5605 1606 5669 n)A
1628 5613 1689 5658 rtutt
1712 5609 1787 5658 iuxta
1895 5609 1925 5674 o)
1944 5615 1992 5678 qui

511 5671 698 5741 narhqetrapm
714 5691 764 5726 aon
778 5675 892 5742 qlotcber
909 5676 999 5729 Hau.
2010 5689 2047 5739 50
