4560 6426
1013 406 1464 471 KAISERURKUNDEN.

519 597 609 660 Data
632 614 696 661 1111.
716 620 792 661 nou.
816 595 871 660 iul.
894 620 980 660 anno
1005 596 1187 660 dominicae
1211 594 1445 660 incarnationis
1468 608 1681 673 nccccxvul,
1705 590 1884 655 indictione
1928 596 1956 668 ὅ,
1981 608 2079 650 anno

414 723 491 764 vero
521 701 613 784 regni
641 700 845 764 invictissimi
878 701 964 784 regis
987 698 1174 763 Ohuonradi
1199 717 1267 779 vu,
1301 706 1411 762 aetum
1440 696 1484 761 ad
1512 697 1678 760 civitatem
1701 692 1917 772 Uuireiburc3
1951 693 1985 755 in
2019 689 2078 754 dei

414 804 545 868 nomine
567 802 704 867 feliciter
727 826 832 868 amen.

1205 1040 1266 1116 35.

412 1198 572 1271 Konrud
599 1199 759 1296 besic'c'tipt
780 1197 860 1270 (ἰεηι
882 1197 1045 1270 Bistbuet
1073 1196 1274 1293 Wr'trzburp
1302 1194 1372 1267 den
1400 1194 1521 1291 Bezep
1543 1193 1602 1266 des
1628 1195 1665 1265 iu
1690 1193 1891 1290 Wtirzburp
1922 1218 1967 1265 ze
1993 1204 2117 1264 ent-5

415 1317 622 1394 rimandam
646 1318 771 1391 mes·
1619 1352 1787 1423 Wtrsoure
1809 1353 1873 1411 918
1896 1349 1969 1409 Jeu
1993 1353 2025 1408 5.

516 1561 764 1636 Oriqieeldiploru
787 1562 827 1618 int
851 1560 878 1618 le.
901 1560 1110 1620 Reieltsereltie
1131 1578 1171 1618 su
1193 1560 1345 1618 Mencken
1368 1557 1431 1637 (A).

513 1729 595 1787 lion.
620 1728 804 1795 Boiee28‘,
827 1727 890 1785 155
912 1729 946 1782 e⁰
968 1729 1031 1785 109
1059 1742 1117 1783 (eres
1139 1722 1169 1783 A
1192 1747 1232 1776 =
1256 1724 1384 1782 Bbismer
1405 1721 1442 1781 A.
1468 1721 1553 1784 Coer.
1578 1726 1619 1781 34
1642 1729 1676 1780 πθ
1698 1726 1749 1782 34.
1776 1755 1812 1765 -
1837 1723 1969 1781 Bo'imrer
1993 1723 2072 1794 Rep.

513 1833 589 1904 Imp.
614 1835 666 1900 33,
690 1830 762 1903 Rep.
786 1829 862 1888 Kar.
887 1830 981 1888 1265.

517 1997 577 2052 Vou
601 1992 660 2054 ΕΒ.
684 1994 759 2052 neeis
781 1993 873 2051 cinere
898 1990 1038 2066 concepte
1056 1994 1250 2066 peselee‘eben,
1274 1993 1330 2064 fiir
1351 1991 1467 2051 welches
1491 1993 1545 2052 elus
1567 1993 1606 2052 D.
1623 1991 1750 2063 Amoiss
1775 2010 1835 2050 eom
1859 1997 1887 2051 1.
1905 1991 2075 2050 December
2097 2005 2132 2052 10

512 2105 574 2157 ssu
600 2097 741 2174 (Belemer
762 2097 833 2169 Rep.
858 2096 933 2154 Kar.
959 2094 1054 2174 1074)
1080 2099 1198 2154 beetrtst
1222 2097 1338 2154 reordee
1360 2098 1407 2154 ist.

514 2303 572 2380 (C.)
596 2298 610 2379 ll
632 2301 670 2364 Iu
692 2301 823 2364 nomine
848 2309 981 2364 sanctae
1005 2309 1037 2363 et
1059 2299 1247 2364 individuae
1270 2301 1433 2364 trinitatis.
1471 2298 1687 2364 Chuonradus
1711 2300 1821 2364 divina
1845 2301 1977 2364 favente
2003 2300 2071 2364 cle-

408 2405 531 2469 mentia
558 2427 627 2467 rex.
715 2403 852 2466 Noverit
881 2404 1023 2466 omnium
1050 2403 1195 2467 fidelium
1223 2411 1408 2467 nostrorum
1435 2405 1655 2488 praesentium
1679 2404 1803 2468 scilieet
1825 2414 1858 2468 et
1880 2405 2070 2468 futurorum

409 2509 562 2591 sollertia,
585 2510 661 2593 quia
677 2509 727 2572 vir
742 2506 938 2571 venerabilis
954 2505 1081 2569 Thiodo
1098 2505 1384 2590 Uuireiburgensis
1395 2516 1408 2542 *²
1426 2507 1607 2570 aecclesiae
1624 2509 1797 2592 episcopus
1819 2507 1834 2594 ξ
1856 2507 1900 2571 ad
1915 2517 2071 2573 nostram

407 2615 497 2678 venit
521 2615 755 2698 praesentiam,
784 2633 921 2675 narrans
945 2609 1032 2695 quod
1056 2611 1087 2674 in
1111 2619 1256 2694 tempore
1284 2610 1500 2674 antecessoris
1525 2611 1574 2673 sui
1597 2609 1781 2695 Uuolfgarii
1804 2611 1949 2688 eiusdem
1976 2611 2069 2674 sedis
2094 2629 2128 2674 15

407 2718 553 2802 episcopi
570 2716 798 2780 Hludouuicus
821 2723 979 2798 augustus
1003 2737 1061 2798 pro
1087 2737 1165 2777 suae
1188 2713 1347 2778 mercedis
1371 2723 1543 2777 aucmento
1567 2713 1610 2777 ad
1632 2712 1803 2777 basilicam
1826 2716 1930 2778 saneti
1948 2713 2070 2778 Salva-

406 2821 486 2884 toris
505 2819 560 2883 ubi
581 2828 713 2882 sanetus
729 2816 893 2900 Kylianus
908 2825 1033 2900 martyr
1049 2815 1169 2880 Christi
1192 2819 1360 2901 preciosus
1384 2839 1521 2901 corpore
1544 2819 1726 2901 requiescit,
1751 2817 1891 2881 thelonei
1916 2817 2069 2883 debitum

408 2922 495 3007 quod
518 2922 562 2986 ad
585 2921 724 2986 eundem
747 2919 854 2984 locum
878 2919 1077 3003 Uuiroiburg
1100 2919 1222 2983 dietum
1246 2919 1343 2984 debet
1365 2918 1508 3004 persolvi
1531 2942 1551 2984 a
1574 2921 1700 2984 cunetis
1723 2922 1777 3004 qui
1800 2943 1873 2984 cum
1898 2931 2069 2986 mercatus

407 3027 454 3089 sui
478 3026 689 3090 mercimonio
713 3023 755 3088 ab
779 3025 940 3088 universis
964 3022 1140 3108 provinciis
1164 3031 1196 3085 et
1219 3022 1407 3086 civitatibus
1430 3023 1507 3086 illuc
1531 3025 1737 3106 conveniunt,
1762 3047 1836 3089 eum
1859 3024 2015 3089 consultu
2035 3037 2069 3089 et

404 3139 522 3215 rogatu
545 3127 722 3194 Uuicboldi
752 3127 881 3191 comitis
911 3127 965 3211 qui
994 3135 1072 3189 tunc
1101 3126 1208 3210 ipsum
1238 3124 1378 3190 thelonei
1402 3125 1546 3191 debitum
1569 3126 1684 3190 habuit
1706 3129 1739 3190 in
1761 3127 1973 3208 beneficium,
2007 3151 2069 3213 per
2089 3159 2126 3205 20

406 3256 484 3298 suae
514 3228 723 3297 actoritatisl'
750 3239 941 3315 preceptum
970 3229 1200 3314 perdonasset,
1232 3229 1289 3292 sed
1319 3229 1489 3313 dispendio
1517 3230 1657 3294 incendii
1681 3231 1768 3294 sacto
1793 3232 1826 3294 in
1849 3229 1964 3295 eodem
1989 3231 2067 3295 loco

405 3346 551 3420 tempore
575 3335 693 3421 prefati
714 3335 862 3418 episcopi
878 3333 1058 3397 Thiodonis
1082 3333 1165 3396 inter
1183 3341 1314 3396 caetera
1336 3355 1433 3417 quam
1458 3333 1597 3417 plurima
1621 3333 1773 3398 utensilia
1794 3333 1857 3398 boc
1879 3334 1967 3399 idem
1991 3358 2067 3419 prq-

404 3450 536 3525 ceptum
559 3439 742 3524 largitionis
765 3436 902 3522 predicti
921 3437 1008 3520 regis
1024 3444 1265 3500 concrematum
1283 3445 1341 3499 est.
1370 3436 1451 3500 Inde
1474 3437 1573 3522 igitur
1595 3438 1681 3502 idem
1705 3438 1815 3524 presul
1838 3447 1870 3502 et
1885 3439 2068 3502 Heirnieus

404 3566 514 3607 eomes
537 3551 735 3628 rogavenmt
758 3550 904 3605 nostram
929 3542 1151 3622 serenitatem,
1180 3548 1214 3602 ut
1236 3539 1298 3602 hoc
1321 3538 1406 3604 idem
1430 3550 1542 3605 nostra
1564 3544 1759 3606 auctoritate
1783 3543 2066 3606 confimiaremus.

405 3647 551 3726 Quorum
574 3649 685 3731 ltaque
707 3661 844 3726 petitioni,
867 3660 931 3724 quia
953 3660 1024 3709 iusta
1046 3663 1072 3708 et
1094 3659 1260 3708 rationabilis
1282 3660 1340 3708 visa
1362 3665 1413 3720 est,
1436 3676 1452 3707 e
1475 3675 1611 3710 assensum
1633 3663 1744 3729 prebere
1771 3641 1872 3726 placuit
1889 3667 1916 3711 et
1934 3662 2067 3711 iussimus
2086 3663 2123 3708 ‘25

404 3749 508 3814 eidem
525 3731 751 3835 episcopanos
767 3769 873 3814 nostrae
889 3763 1055 3813 auctoritatis
1071 3769 1225 3831 preceptum
1241 3762 1302 3812 iude
1318 3763 1448 3812 conscribi
1466 3779 1514 3828 per
1529 3765 1601 3830 quod
1616 3765 1782 3815 decernimus
1803 3765 1965 3830 firmiterque
1989 3767 2066 3816 iube-

404 3885 476 3931 mus,
510 3851 1242 3937 utsieut‹·0nstat⁰deeode1ngloriosissimo
1272 3872 1348 3934 rege
1374 3848 1584 3917 Hludouuice
1615 3855 1818 3938 caeterisque
1847 3871 2067 3918 antecessoribus

402 3974 500 4022 nostris
523 3972 556 4023 de
579 3957 726 4042 predicto
750 3956 893 4021 thelonei
916 3956 1027 4020 debito
1051 3971 1170 4037 prefatae
1193 3968 1338 4018 aecclesiae
1364 3984 1533 4032 concessum,
1558 3972 1595 4020 ita
1613 3972 1737 4036 deinceps
1758 3974 1856 4021 nostris
1877 3979 1904 4022 et
1924 3976 2068 4038 perpetuis

403 4077 566 4141 temporibus
583 4092 630 4140 per
647 4075 716 4125 lianc
736 4080 852 4125 nostram
874 4076 1059 4124 auctoritatem
1080 4078 1233 4137 permaneat
1255 4071 1451 4134 confirmatum,
1472 4079 1505 4122 ut
1523 4073 1613 4123 nullus
1629 4091 1660 4126 ex
1678 4074 1803 4126 fidelibus
1818 4077 1915 4126 nostris
1930 4076 1975 4126 vel
1991 4079 2066 4142 quis-

402 4179 468 4230 libet
482 4179 564 4228 uilam
580 4196 596 4226 a
611 4178 820 4243 inquietudinem
842 4177 990 4226 rectoribus
1011 4182 1154 4245 memorate
1170 4177 1281 4244 ecclesie
1297 4182 1344 4225 aut
1358 4177 1485 4226 ministris
1501 4180 1558 4228 eius
1574 4180 1660 4230 iacere
1676 4180 1774 4230 audeat
1788 4181 1832 4229 vei
1847 4185 1994 4247 presumat.
2030 4183 2069 4231 Et
2087 4181 2123 4224 30

403 4289 433 4331 ut
448 4283 499 4331 hoc
515 4283 604 4332 verius
619 4281 742 4332 credatur
757 4297 789 4331 ac
804 4297 851 4344 per
866 4281 956 4330 sutura
972 4287 1091 4347 tempora
1106 4297 1122 4330 a
1138 4281 1240 4330 eunctis
1256 4262 1375 4330 nostrisd
1397 4279 1520 4331 fidelibus
1536 4281 1689 4348 diligentius
1704 4289 1884 4345 conservetur,
1904 4299 1987 4333 mauu
2004 4301 2066 4349 pro-

402 4387 462 4450 pria
477 4391 569 4436 nostra
584 4387 676 4435 subter
691 4386 742 4435 hoe
759 4370 961 4433 firmavimus
977 4369 1140 4454 anuloque
1156 4378 1267 4432 nostro
1285 4369 1419 4453 sigillari
1439 4371 1653 4454 precepimus.

504 4537 519 4618 ᾗ
542 4535 676 4618 Signum
701 4533 812 4597 domni
835 4531 1023 4596 Ohnonradi
1049 4533 1138 4612 (ΜΕ.)
1164 4529 1378 4595 serinissimib
1398 4534 1494 4616 regis.
1517 4534 1531 4618 }{

505 4683 518 4738 a
541 4654 698 4720 Salomon
726 4654 941 4719 cancellarius
970 4654 1119 4718 advicern
1142 4641 1299 4736 Piligrimi
1330 4651 1653 4737 arehiepcapellanib
1681 4656 1856 4738 recognovi
1881 4664 1914 4718 et
1936 4656 1950 4740 ᾖ
1976 4657 2065 4735 (SR.)

1929 4761 1988 4836 (sl.
2008 4763 2064 4839 D.)
2086 4786 2122 4832 35

506 4920 596 4983 Data
616 4936 666 4983 111.
685 4941 761 4984 non.
783 4919 838 4984 iul.
858 4942 943 4984 auno
961 4919 1122 5002 dominice
1138 4920 1372 4983 incarnationis
1388 4925 1591 5000 Dcedcxvul,
1609 4920 1786 4985 indictione
1830 4932 1851 5003 ⁰,
1876 4945 1964 4986 anno
1982 4946 2065 4989 vero

402 5025 493 5107 regni
517 5023 722 5087 invictissimi
745 5025 832 5107 regis
848 5022 1037 5088 Chuonredi
1059 5039 1126 5102 vu3
1150 5031 1258 5086 actum
1272 5020 1282 5060 f
1303 5022 1347 5086 ad
1370 5021 1563 5086 Uuireiburc
1586 5024 1771 5105 eivitatern3
1795 5026 1827 5089 in
1850 5024 1904 5088 dei
1927 5029 2066 5092 nomine

402 5125 540 5190 ielieiter
562 5148 668 5190 amen.

504 5329 545 5384 ti.
572 5332 601 5398 g)
615 5331 808 5397 aermmpefis'llte
827 5331 913 5382 breue
930 5332 998 5381 rasela
1018 5316 1110 5382 indict.

503 5451 679 5520 ³5.[sieke1]
714 5525 735 5532 -
779 5453 806 5519 a)
825 5469 891 5502 cor-r.
909 5470 956 5502 eus
975 5455 1092 5506 Uuirzib.
1184 5453 1253 5516 ΜΛ
1342 5453 1366 5518 c)
1385 5471 1451 5504 corr.
1471 5471 1517 5503 erte
1535 5461 1640 5506 coristat
1654 5454 1658 5520 Ι
1674 5461 1727 5506 etet
1809 5456 1837 5519 d)
1856 5473 1872 5506 a
1891 5461 1998 5511 eunetis
2017 5462 2073 5525 ores
2087 5475 2123 5522 40

573 5540 675 5604 Ram,
694 5542 747 5590 nris
765 5540 827 5590 iiber
843 5538 891 5589 der
907 5539 976 5590 Zetis
993 5540 1181 5606 rmedpetroqen
1269 5540 1294 5605 e)
1312 5541 1500 5606 aeneaspefu'llte
1519 5541 1604 5591 Lete
1691 5542 1713 5608 f)
1732 5561 1747 5592 c
1766 5542 1819 5606 ees
1831 5543 1929 5594 Resur.
