4554 6414
774 430 1002 488 HEINRICH
1026 431 1049 486 I.
1074 426 1266 486 934-935.
1807 424 1848 488 ‘ll

155 669 161 674 .
199 615 301 702 ipsius
331 615 476 700 Sigifridi
506 624 628 679 curtem
658 636 756 690 tinam
787 612 957 698 Groninga
988 623 1210 698 nuncupatam
1238 623 1271 678 et
1299 611 1531 698 Oroppenstcti
1560 625 1593 679 et
1625 615 1851 699 Emmundorp

202 711 378 804 omnesque
402 742 454 783 res
477 741 559 803 quas
582 717 625 781 ab
648 715 841 781 Hadumaro
864 715 985 781 abbate
1008 717 1042 780 in
1064 716 1292 782 concambium
1315 718 1359 782 ad
1387 719 1571 802 praefatam
1599 728 1723 783 curtem
1745 717 1851 783 Grou-

198 826 298 908 ninga
313 824 513 907 pertinentes
530 823 744 906 suscepimus,
768 843 842 884 cum
866 819 1017 884 omnibus
1039 819 1187 885 adhaec
1210 821 1457 906 pertinentibus,
1481 844 1555 888 eum
1577 822 1747 887 curtilibus
1763 823 1851 888 aedi-

198 928 282 992 ficiis
304 928 478 1012 mancipiis
501 926 590 1010 agris
614 927 717 1010 pratis
740 926 872 1009 pascuis
896 925 991 1008 aquis
1015 923 1105 988 silvis
1130 925 1343 1011 omnibusque
1366 926 1410 991 ad
1434 926 1516 990 haec
1544 928 1614 991 iure
1642 927 1850 1013 legitimeque

165 1030 444 1117 suspicientibus
479 1027 646 1094 Proindeb
669 1028 730 1093 hoc
754 1030 875 1113 scripto
899 1027 1085 1093 confirmari
1108 1031 1260 1095 iussimus
1279 1052 1338 1114 per
1356 1031 1444 1116 qnod
1464 1030 1599 1096 tirmiter
1620 1033 1850 1116 praecipimus,

200 1146 360 1221 quatenus
383 1134 572 1220 praedictus
596 1133 771 1218 Sigifridus
794 1132 834 1196 de
858 1133 974 1197 eadem
997 1134 1197 1217 proprietate
1225 1134 1361 1199 liberam
1389 1132 1511 1199 habeat
1538 1144 1735 1220 potestatem
1758 1135 1849 1221 qnid-

199 1238 278 1325 quid
301 1239 362 1303 sibi
387 1237 506 1303 exinde
529 1237 661 1302 libuerit
683 1235 834 1301 faciendi.
875 1236 920 1300 Et
942 1245 978 1300 ιιι
1000 1235 1062 1300 hoc
1084 1238 1194 1301 verius
1217 1237 1384 1321 credatur,
1417 1260 1516 1303 manu
1544 1247 1658 1303 nostra
1686 1238 1766 1304 illud
1796 1239 1850 1303 fir-

199 1345 360 1408 mavimus
383 1351 416 1407 et
439 1341 559 1406 annulo
583 1350 695 1406 nostro
720 1339 855 1425 sigillari
878 1340 1042 1405 iussimus.

306 1481 441 1566 Signum
464 1481 586 1546 domini
609 1479 754 1543 Heinrici
780 1478 845 1558 (M.)
869 1479 1074 1544 invictissimi
1096 1481 1193 1563 regis.

151 1595 183 1640 ¹0
303 1586 417 1670 Puppe
441 1584 657 1650 cancellarius
680 1583 829 1648 advieem
852 1581 1043 1647 Hiltiberti⁰
1065 1583 1341 1668 archicappellani
1365 1587 1541 1669 recognovi
1565 1594 1597 1650 et
1621 1587 1692 1666 (SR.
1715 1587 1791 1666 NN.)

303 1723 392 1787 Data
415 1741 476 1788 vn.
500 1723 567 1787 kal.
597 1723 664 1787 iulii
693 1744 780 1786 anno
810 1722 993 1787 dominicae
1019 1723 1253 1787 incarnationis
1282 1737 1538 1806 Dccccxxxnn,
1572 1723 1750 1788 indictione
1779 1748 1850 1811 sep-

199 1830 288 1912 tima,
311 1851 398 1894 anno
420 1829 512 1914 regni
535 1828 670 1892 Henriei
693 1827 898 1892 invictissimi
920 1828 1007 1911 regis
1031 1845 1097 1910 nv3
1120 1836 1230 1893 actmn
1253 1829 1287 1892 in
1309 1826 1500 1910 Nordhusa3
1523 1827 1661 1892 feliciter
1683 1849 1788 1894 amen.

990 2031 1053 2108 37.

199 2191 373 2266 Heinrich
400 2190 560 2289 besttttipt
586 2189 665 2264 dene
686 2188 860 2289 Dometift
876 2189 1093 2263 Puderborn
1120 2191 1187 2264 dos
1213 2189 1411 2264 Waltlrecbt
1435 2189 1516 2262 rand
1540 2190 1599 2264 die
1625 2192 1848 2264 Ιιιιιηιιιιὶιιῖι.

150 2354 182 2401 15
1450 2333 1575 2391 Erroe'de
1597 2335 1660 2393 935
1683 2333 1804 2406 Metti.

306 2523 553 2596 Oriqimdde'ptom
577 2523 616 2580 im
640 2523 667 2581 k,
692 2522 895 2582 Stuutsurclrio
916 2539 955 2580 err
978 2522 1119 2580 Mdrtstcr
1142 2519 1203 2598 (A).

302 2661 423 2720 Erlund
446 2658 509 2722 01).
533 2661 637 2731 Westf.
661 2665 690 2731 1,
714 2663 757 2720 42
777 2667 811 2718 ιιι
833 2663 874 2719 49
897 2678 954 2719 cira
977 2659 1013 2720 Α.
1037 2694 1079 2702 -
1102 2658 1229 2732 Sturiips
1247 2661 1321 2732 Rea.
1345 2663 1396 2719 44.

302 2801 365 2859 Der
381 2798 502 2858 Gentem
524 2800 618 2858 dieses
643 2819 696 2858 ren
713 2798 772 2862 PC.
793 2803 1015 2874 nesciericbeueu
1029 2801 1069 2859 D.
1094 2799 1216 2858 destund
1238 2817 1295 2857 uus
1317 2797 1570 2870 &Soteristecilcn
1596 2817 1649 2857 ron
1665 2799 1759 2857 elenen
1774 2801 1850 2872 jetet

305 2905 337 2966 Z.
361 2905 389 2972 5,
415 2907 434 2963 6
454 2923 542 2977 pone,
574 2909 594 2964 7
615 2903 677 2975 sust
697 2923 785 2976 ponar,
814 2907 833 2962 4
856 2905 921 2962 crud
942 2909 963 2963 9
984 2923 1024 2960 ee
1044 2905 1227 2976 perimerem
1253 2901 1351 2960 llicile
1373 2905 1496 2959 eerstdd
1518 2901 1595 2961 situl.
1630 2903 1694 2962 Der
1714 2903 1850 2962 Dictator·

302 3007 373 3066 tr'r'sst
396 3009 458 3066 sich
479 3009 558 3066 nieht
581 3006 754 3078 seststellen,
786 3008 826 3066 do
848 3009 896 3067 die
917 3009 1056 3081 Fussanq
1079 3008 1172 3066 druch
1193 3007 1242 3065 die
1264 3009 1421 3065 nendum
1442 3006 1503 3068 VU.
1522 3007 1647 3079 ceneten
1670 3025 1740 3076 rerer,
1764 3013 1849 3064 ruint-

300 3111 356 3169 lictr
371 3112 464 3170 <terete
478 3110 518 3170 D.
534 3113 612 3170 Kurl
631 3119 688 3171 111.
712 3112 1004 3173 sollemniacum
1030 3112 1091 3170 und
1113 3112 1206 3170 durch
1226 3111 1265 3170 D.
1282 3110 1411 3183 laed-reip
1433 3110 1461 3168 d.
1479 3111 1518 3169 D.
1543 3110 1672 3170 Botrmer
1685 3112 1756 3170 RK.
1774 3116 1847 3172 793.

301 3215 393 3274 Diese
408 3217 548 3289 Fussunp
570 3216 671 3275 ecardo
693 3234 749 3274 con
771 3216 823 3274 der
837 3216 965 3275 Kunrler'
988 3218 1020 3275 in
1034 3217 1105 3275 ΒΗ.
1118 3220 1162 3276 38
1184 3215 1359 3275 wiederholt.
1393 3215 1432 3274 So
1454 3215 1552 3274 tossen
1573 3217 1634 3274 sich
1656 3215 1704 3274 die
1720 3217 1849 3289 jeteiprn

302 3319 425 3378 Locren
448 3321 500 3378 ruit
516 3318 613 3390 Hdlfe
634 3319 688 3379 der
708 3322 830 3378 erocr'tcn
852 3320 915 3380 VU.
939 3320 1003 3379 ond
1025 3320 1075 3379 des
1096 3319 1329 3394 mulsolqenden
1350 3320 1390 3380 D.
1413 3320 1509 3379 sicher
1529 3319 1692 3391 ousfdllcn.

305 3506 364 3588 (C.)
387 3507 401 3588 Ι
422 3507 461 3572 ln
490 3507 620 3571 nomine
650 3514 784 3571 sanetae
812 3515 844 3570 et
872 3505 1060 3571 individuae
1088 3507 1253 3571 trinitatis.
1290 3505 1465 3572 Heinrieus
1492 3506 1604 3572 divina
1631 3508 1763 3573 favente
1785 3509 1848 3574 cle-

149 3633 182 3680 25
200 3613 322 3676 mentia
344 3634 414 3676 rex.
494 3611 654 3675 Noverint
675 3610 788 3675 fideles
811 3611 913 3674 nostri
938 3619 1104 3695 presentes
1128 3611 1253 3676 seilicet
1275 3620 1308 3676 et
1329 3611 1439 3695 futuri,
1463 3610 1602 3696 qualiter
1624 3634 1684 3677 nos
1703 3612 1848 3677 Heinrici

201 3717 371 3800 aequivoci
395 3737 434 3779 ac
457 3715 567 3779 dilecti
590 3714 647 3778 filii
671 3717 774 3780 nostri
798 3724 831 3780 et
852 3716 1005 3780 Hadeuui
1028 3716 1116 3781 filiae
1138 3726 1270 3781 nostrae
1297 3725 1415 3801 rogatu
1443 3718 1665 3784 concessimus
1693 3719 1848 3784 fratribus

199 3822 232 3885 in
255 3819 328 3885 loeo
351 3817 365 3903 3
388 3819 393 3902 Ι
419 3820 473 3903 qui
496 3827 634 3884 vocatur
656 3817 890 3884 Paderbrunno
919 3819 980 3884 deo
1008 3820 1259 3904 famulantibus,
1293 3831 1379 3886 utin
1402 3833 1555 3902 eligendis*
1576 3839 1708 3902 episcopis
1730 3839 1798 3889 inter
1820 3856 1848 3888 se

200 3927 332 4010 propria
354 3939 482 3990 electione
503 3941 578 3990 iuxta
600 3941 740 4004 pristinum
761 3956 859 3989 morem
879 3924 1038 4006 fruantur,
1063 3925 1089 3988 sl
1111 3939 1189 3989 talem
1211 3942 1279 3990 inter
1295 3957 1323 3992 se
1338 3941 1456 3992 moribus
1471 3943 1633 4007 scientiaque
1652 3944 1792 4007 probatum
1811 3946 1848 3994 in-

200 4047 320 4094 venerint
334 4046 380 4110 qui
396 4045 480 4094 eidem
497 4043 584 4094 officio
600 4049 679 4109 aptus
694 4043 851 4109 dignusque,
874 4049 1001 4108 quantum
1017 4043 1133 4093 humana
1148 4044 1182 4094 ad
1197 4045 1247 4095 hoe
1263 4046 1388 4109 competit
1406 4045 1544 4110 fragilitas,
1567 4046 1728 4098 dinoscatur.
1754 4031 1759 4116 Ι
1784 4033 1849 4097 ΕΟ·

148 4151 181 4196 30
199 4133 335 4198 runtlem
357 4155 434 4218 ergo
455 4133 611 4218 petitione
635 4141 767 4198 nostrae
790 4147 956 4197 auctoritatis
977 4153 1147 4212 praeceptum
1168 4133 1274 4198 eidem
1290 4142 1404 4198 sancto
1420 4132 1494 4200 loeo
1515 4150 1572 4200 fieri
1588 4150 1762 4215 decrevimus,
1784 4169 1847 4218 qua·

200 4257 277 4302 tenue
299 4253 349 4301 sub
369 4251 441 4317 quali
466 4250 619 4302 defensione
642 4245 886 4300 antecessorum
910 4234 1121 4300 nostrorumb
1144 4253 1208 4314 fuit,
1231 4255 1269 4302 ita
1293 4253 1418 4318 deinceps
1439 4255 1489 4304 sub
1513 4261 1604 4304 nostra
1624 4257 1737 4306 tuitione
1760 4263 1786 4307 et
1808 4258 1846 4307 in-

199 4358 336 4406 munitatis
352 4355 505 4407 defensione
527 4372 587 4405 curn
609 4356 733 4406 omnibus
754 4355 837 4405 adse
859 4355 928 4405 iuste
950 4360 976 4405 et
996 4355 1118 4420 legaliter
1137 4339 1339 4426 pertiinentibns
1360 4364 1521 4422 permaneat.
1559 4351 1765 4424 Praeclipientes
1785 4378 1847 4426 ergo

199 4461 321 4511 iubemus
340 4466 371 4509 nt
390 4460 481 4510 nullus
502 4459 581 4511 iudex
603 4459 727 4524 publicus
749 4458 790 4510 vel
810 4451 946 4525 qni]slibet
967 4475 999 4509 ex
1019 4454 1173 4509 iudicariac
1195 4452 1344 4526 [potestate]
1365 4463 1393 4510 in
1416 4462 1542 4512 ecelesias
1564 4455 1620 4522 [aut
1638 4463 1697 4514 loca
1711 4465 1754 4515 vel
1770 4481 1848 4530 agros

200 4581 246 4614 seu
261 4565 377 4630 reliquas
392 4566 573 4629 possessiones
589 4569 747 4614 memoratae
763 4563 890 4614 ecelesiae
908 4554 984 4628 quas]
1005 4563 1130 4613 moderno
1153 4569 1270 4628 tempore
1291 4565 1361 4614 infra
1382 4564 1513 4615 dicionem
1534 4567 1607 4630 regni
1630 4568 1712 4616 nostri
1734 4559 1848 4633 [legibus

149 4677 181 4724 35
200 4668 317 4734 possidet
337 4669 380 4720 vel
401 4684 471 4735 qnae
494 4669 619 4733 deinceps
639 4670 667 4718 iu
688 4669 746 4718 iure
767 4669 851 4732 ipsius
871 4668 923 4718 loci
945 4660 1069 4728 voluelrit
1083 4667 1174 4717 divina
1193 4651 1197 4736 Ι
1218 4660 1311 4733 [pietas
1331 4669 1431 4734 augeri,
1453 4669 1488 4718 ad
1509 4684 1604 4719 causas
1625 4668 1754 4720 iudicaria
1776 4688 1847 4720 mere

198 4773 344 4824 audiendas
365 4773 408 4824 vel
429 4773 504 4825 freda
528 4772 658 4838 exigenda
677 4778 725 4822 aut
745 4773 894 4822 mansiones
918 4773 959 4822 vel
983 4777 1089 4837 paratas
1109 4771 1244 4822 faciendas
1265 4778 1312 4822 ant
1332 4772 1500 4822 fideiussores
1516 4773 1648 4822 tollendos
1663 4778 1710 4824 aut
1728 4775 1847 4824 homines

198 4879 282 4943 ipsius
298 4878 425 4929 eeclesiae
441 4884 534 4930 contra
549 4881 676 4928 rationem
692 4875 887 4942 ‹lisningendos
902 4893 952 4928 nee
966 4876 1036 4926 ullas
1051 4876 1222 4927 redibitiones
1237 4877 1279 4926 vel
1295 4875 1410 4926 inlicitas
1431 4878 1585 4926 occasiones
1606 4877 1776 4942 requirendas
1791 4879 1847 4929 ullo

200 4998 324 5048 umquam
344 4987 462 5048 tempore
482 4967 486 5050 Ι
505 4983 608 5048 ingredi
624 4983 722 5032 audeat
742 4981 785 5032 vel
800 4997 832 5032 ea
846 4983 936 5031 omnia
950 4997 1018 5047 qnae
1034 4997 1115 5047 supra
1134 4987 1278 5032 memorata
1298 4987 1360 5031 eunt
1374 4982 1479 5046 penitus
1500 4983 1605 5048 exigere
1620 4989 1778 5046 praesumat,
1801 4984 1847 5035 sed

199 5087 278 5138 liceat
296 5093 440 5137 memorato
459 5088 582 5152 episcopo
602 5088 709 5152 suisque
727 5085 924 5136 successoribus
942 5103 984 5137 rea
999 5087 1150 5152 praedictae
1171 5087 1298 5138 eeclesiae
1319 5101 1378 5136 curn
1401 5086 1524 5136 omnibus
1539 5102 1607 5153 quae
1621 5087 1740 5152 possidet
1757 5091 1847 5155 quieto

148 5192 182 5240 40
199 5191 291 5241 ordine
306 5192 440 5256 presidere
456 5197 483 5242 et
498 5199 587 5242 nostro
604 5191 716 5242 fideliter
730 5207 822 5256 parere
837 5192 961 5257 imperi03
983 5190 1110 5258 quicquid
1124 5207 1187 5242 vere
1203 5191 1283 5240 fiscus
1298 5189 1393 5240 exinde
1408 5205 1513 5255 sperare
1531 5192 1655 5256 potnerit,
1670 5197 1755 5243 totum
1771 5175 1775 5264 Ι
1790 5186 1848 5253 nos]

199 5311 247 5360 pro
268 5286 395 5355 [aetlerna
415 5288 635 5356 remunera[tione
656 5295 807 5361 praedictae
829 5294 956 5346 ecclesiae
971 5295 1005 5345 ad
1020 5293 1153 5360 stipendia
1167 5311 1314 5362 pauperum
1330 5300 1357 5345 et
1371 5295 1513 5346 luminaria
1528 5296 1712 5346 concinnanda
1726 5298 1847 5348 concedi·

200 5414 265 5462 mus,
284 5405 415 5465 quatenus
431 5399 525 5450 melius
540 5392 661 5460 delecltet
682 5400 792 5451 clericos
807 5401 835 5450 in
851 5400 941 5452 eadem
958 5400 1020 5452 sede
1040 5400 1165 5466 degentes
1180 5417 1228 5466 pro
1252 5402 1329 5451 nobis
1349 5393 1472 5466 [coniuge
1492 5400 1619 5466 proleque
1640 5407 1731 5452 nostra
1747 5401 1845 5452 domini

199 5503 404 5554 misericordiam
420 5519 537 5554 exorare.
571 5505 646 5554 Haec
661 5497 768 5570 qnippe]
783 5507 928 5556 auctoritas
943 5511 974 5558 ut
988 5504 1132 5571 pleniorem
1148 5506 1176 5556 in
1192 5505 1234 5557 dei
1250 5497 1365 5566 [nomine
1386 5505 1506 5555 obtineat
1520 5506 1638 5571 vigorem
1654 5510 1680 5555 et
1695 5506 1729 5556 ab
1746 5493 1847 5556 omnl-

302 5658 344 5714 ³0.
371 5661 400 5723 b)
417 5661 573 5714 Provided
676 5663 702 5728 c)
720 5663 863 5730 Hilgiberti
880 5662 912 5714 A.

148 5744 182 5794 4⁶
303 5744 345 5799 ³7.
373 5746 467 5815 [Fore]
563 5749 590 5810 a)
607 5746 745 5802 eodum
762 5765 810 5801 arra
828 5750 938 5802 eliendis
1029 5752 1058 5816 b)
1074 5750 1212 5804 certaret
1229 5767 1277 5802 aras
1293 5755 1411 5802 neonem
1502 5747 1528 5814 e)
1547 5745 1578 5800 A.
