4530 6434
885 441 1011 497 ΟΤΤΟ
1034 443 1058 498 1.
1083 438 1153 496 967.
1775 435 1840 500 tur

190 623 412 712 patriarcham
440 623 616 705 interfecit,
651 621 824 708 Aquilegie
852 631 884 687 et
913 624 947 687 in
976 624 1126 689 omnibus
1155 623 1275 688 finibus
1297 625 1446 690 Foriiulii
1476 628 1644 712 possidere
1666 628 1756 692 visus
1779 636 1839 708 est,

192 728 281 816 quod
304 730 448 793 omnium
471 727 591 792 iudicio
615 725 764 809 legaliter
786 728 819 789 in
842 727 892 790 ius
915 727 1061 792 eiusdem
1085 727 1222 793 ecclesie
1247 727 1368 794 decidit
1384 752 1442 814 per
1457 728 1542 796 illius
1559 731 1684 795 scilicet
1698 729 1840 794 nefande

192 832 390 917 operationis
413 851 542 912 necem,
565 851 625 893 nec
654 851 720 894 non
744 851 856 894 omnes
878 851 929 892 res
953 840 985 894 et
1007 833 1223 916 proprietates
1247 831 1403 897 ilnnoni‘1
1427 856 1507 920 quas
1532 857 1595 919 per.
1612 844 1839 919 preceptorum

191 939 328 1022 paginas
356 956 460 1019 nuper
489 934 529 998 de
557 933 754 1016 Berengario
785 932 859 996 dive
889 935 1044 998 memorie
1071 935 1266 1018 imperatore
1291 939 1479 1022 acquisivit,
1514 946 1547 1001 et
1570 937 1724 1023 quicquid
1747 938 1776 1000 ei
1800 936 1839 1002 de

157 1042 260 1103 biure
283 1047 454 1124 parentum
478 1037 610 1102 obvenit
635 1038 669 1100 in
692 1034 880 1122 supradicto
910 1039 1066 1102 comitatu
1089 1038 1247 1102 Foroiulii
1276 1041 1309 1102 in
1332 1040 1405 1103 vico
1430 1041 1591 1106 ΡιιῐίιιιιοΘ
1621 1063 1678 1104 seu
1706 1043 1739 1103 in
1763 1037 1838 1104 Cer·

191 1143 286 1206 ciano
315 1138 367 1203 vel
395 1141 428 1204 in
455 1136 604 1223 Rongis'
629 1149 685 1203 aut
712 1141 746 1202 in
776 1138 1019 1204 Preberdiacoss
1047 1149 1079 1203 et
1107 1142 1140 1203 in
1171 1141 1343 1205 Aulianico
1373 1152 1470 1228 atque
1497 1145 1531 1208 iu
1554 1142 1692 1208 Foliano
1723 1142 1775 1207 vel
1804 1144 1838 1206 in

190 1245 345 1326 Minore,
380 1265 440 1307 nec
464 1265 530 1307 non
554 1253 586 1308 et
607 1252 751 1307 castrum
774 1239 863 1327 qudd
885 1253 1022 1306 vocatur
1037 1244 1142 1308 Fama
1164 1266 1239 1309 oum
1263 1246 1412 1310 omnibus
1437 1249 1503 1311 suis
1526 1247 1728 1332 pertinentiis
1750 1249 1837 1312 intus

191 1356 224 1412 et
244 1341 324 1411 fo'ris
348 1345 391 1411 ad
413 1355 561 1411 nostrum
584 1347 634 1409 ius
657 1345 893 1430 pertinentibus
917 1353 949 1410 et
978 1346 1133 1432 quicquid
1164 1348 1248 1410 inter
1274 1348 1396 1413 fiumen
1427 1349 1635 1434 Liquentiam
1663 1370 1767 1434 usque
1794 1347 1839 1413 ad

190 1451 284 1516 Duas
308 1472 436 1515 sorores
460 1459 492 1514 et
513 1451 601 1514 viam
623 1448 791 1532 publicam
820 1469 918 1534 quam
947 1458 1081 1513 stratam
1107 1450 1338 1533 Hungarorum
1367 1460 1504 1534 vocant,
1538 1455 1708 1518 interiacet
1735 1474 1838 1538 usque

141 1565 171 1612 10
190 1553 234 1617 ad
262 1553 351 1618 littus
380 1556 498 1635 maris,
532 1563 601 1616 tam
630 1551 871 1637 prop1·ietates¹¹
901 1563 1102 1617 mortuorum
1131 1553 1297 1619 hominum
1327 1577 1425 1641 quam
1448 1566 1613 1621 eteorum
1637 1556 1692 1642 qui
1714 1554 1839 1641 absque

189 1657 369 1722 hereditate
386 1666 418 1722 et
433 1665 627 1722 testamento
648 1657 766 1720 mortui
789 1665 874 1739 sunt,
897 1678 955 1742 per
977 1659 1078 1742 nostri
1103 1660 1246 1743 precepti
1270 1660 1424 1743 paginam
1448 1669 1560 1725 nostra
1582 1659 1742 1745 imperiali
1765 1681 1840 1723 auc-

190 1762 321 1825 toritate
340 1760 536 1824 donaremus
555 1768 587 1826 et
605 1757 891 1824 confirmassemus
905 1756 922 1842 ³,
947 1770 1106 1846 quatenus
1130 1759 1238 1826 nullus
1261 1760 1328 1826 dux
1352 1762 1497 1826 marchio
1522 1785 1631 1827 comes
1653 1766 1838 1828 vicecomes

190 1873 247 1927 aut
262 1861 448 1928 sculdacius
465 1885 522 1926 seu
538 1862 648 1947 aliqua
664 1884 804 1946 persona
827 1863 860 1926 in
879 1863 1034 1948 predictis
1058 1862 1139 1928 locis
1162 1863 1282 1928 habeat
1305 1875 1502 1950 potestatem
1525 1866 1683 1951 placitum
1706 1865 1837 1932 tenendi

190 1966 414 2052 autaliquem
437 1966 603 2031 dationem
627 1966 677 2030 vel
701 1965 928 2030 redibitionem
950 1965 1150 2050 requirendi,
1184 1968 1247 2030 nisi
1271 1967 1359 2031 solus
1383 1969 1507 2052 prefate
1531 1967 1667 2033 ecclesie
1690 1969 1838 2053 pontifex'

140 2087 171 2134 15
189 2069 241 2134 vel
263 2069 350 2133 illius
373 2071 525 2134 vicarius.
566 2069 634 2134 Nos
658 2071 742 2133 enim
767 2067 979 2153 petitionibus
1004 2068 1219 2134 obedientesl
1242 2093 1301 2155 pro
1325 2071 1377 2135 dei
1401 2094 1512 2136 amore
1535 2081 1685 2156 statuque
1711 2071 1837 2155 imperii

190 2175 292 2237 nostri
321 2173 502 2258 predictam
529 2172 698 2238 abbatiam
728 2172 768 2236 de
798 2172 900 2238 Sexto
932 2195 1007 2238 cum
1036 2174 1194 2236 universis
1217 2175 1421 2258 pertinentiis
1445 2175 1512 2239 suis
1535 2185 1568 2238 et
1590 2175 1745 2261 quicquid
1767 2197 1837 2260 pre·

189 2278 374 2342 nominatus
396 2275 565 2343 Rodaldus
589 2277 757 2363 possidere
781 2279 870 2342 visus
894 2287 944 2341 est
966 2275 1138 2362 Aquilegie
1161 2279 1194 2340 in
1217 2276 1428 2364 cunctisque¹
1449 2279 1598 2344 Foriiulii
1621 2277 1750 2361 finibus,
1777 2300 1837 2344 nec

188 2402 255 2446 non
278 2403 389 2446 omnes
418 2403 470 2446 res
490 2391 533 2446 'et
561 2383 776 2467 proprietates
806 2371 1024 2467 prenominati
1048 2378 1213 2444 Annonitu
1243 2403 1324 2466 quas
1357 2405 1415 2466 per
1442 2392 1670 2467 preceptorum
1699 2384 1838 2466 paginas

189 2506 293 2569 nuper
308 2485 348 2549 de
364 2484 561 2570 Berengario
579 2484 654 2550 dive
675 2485 830 2550 memorie
847 2485 1047 2568 acquisivit¹¹
1070 2493 1101 2546 et
1124 2483 1280 2569 quicquid
1305 2484 1345 2548 de
1368 2486 1436 2548 iure
1459 2486 1488 2548 ei
1512 2495 1683 2570 parentum
1706 2484 1839 2549 obvenit

140 2604 172 2650 20
190 2589 247 2651 in⁰
275 2590 501 2674 prenominato
531 2591 688 2655 comitatu
711 2587 859 2653 Foriiulii
886 2589 920 2651 in
943 2587 1016 2651 vico
1039 2587 1203 2652 Patianor
1232 2609 1290 2652 seu
1312 2587 1345 2651 in
1370 2585 1529 2652 Cerciano
1551 2587 1603 2651 vel
1625 2589 1659 2651 in
1680 2587 1838 2651 Roncas‘l

189 2701 247 2755 aut
274 2692 308 2756 in
336 2689 577 2755 Preberdiacor
610 2702 642 2755 et
670 2695 704 2755 in
735 2690 909 2756 Aulianico
940 2698 1037 2775 atque
1066 2691 1100 2753 in
1128 2689 1266 2754 Foliano
1294 2689 1346 2753 vel
1375 2692 1408 2753 in
1438 2689 1595 2771 Miriono,
1629 2711 1689 2754 nec
1717 2712 1783 2754 non
1806 2699 1838 2754 et

190 2805 333 2860 castrum
363 2795 451 2880 quod
473 2804 611 2860 vocatur
632 2796 737 2859 Farra
765 2817 839 2859 cum
868 2792 1018 2859 omnibus
1043 2796 1109 2858 suis
1132 2794 1335 2877 pertinentiis
1358 2795 1445 2857 intus
1469 2802 1501 2856 et
1522 2794 1602 2856 foris
1626 2792 1669 2856 ad
1691 2801 1837 2858 nostrum

189 2899 240 2961 ius
269 2896 504 2981 pertinentibus
536 2907 568 2961 et
601 2896 757 2983 quicquid
790 2900 873 2961 inter
907 2896 1027 2960 flumen
1056 2896 1265 2982 Liquentiam
1295 2897 1380 2960 inter
1408 2896 1502 2961 Duas
1532 2917 1659 2961 sorores
1686 2905 1720 2960 et
1749 2896 1838 2959 viam

189 2999 357 3085 publicam
386 3023 484 3086 quam
513 3010 648 3065 stratam
678 3001 910 3083 Huugarorum
938 3008 1073 3077 vocant,
1107 3001 1277 3064 interiacet
1305 3022 1407 3084 usque
1434 2999 1478 3063 ad
1499 3001 1589 3064 littus
1613 2999 1729 3080 maris,
1763 3020 1838 3062 cum

139 3117 171 3164 ao
192 3105 341 3170 omuibus
369 3106 572 3190 pertinentiis
601 3103 815 3189 omnibusque
843 3103 940 3169 rebus
969 3103 1145 3169 mobilibus
1169 3114 1200 3168 et
1226 3102 1447 3168 immobilibus
1470 3113 1502 3167 et
1524 3101 1649 3167 familia
1671 3103 1838 3187 utriusque

190 3229 289 3272 sexus
312 3206 456 3272 castellis
479 3207 567 3271 villis
594 3207 677 3272 locis
705 3208 900 3272 massaritiis
923 3206 1058 3292 capellis
1082 3206 1218 3272 edificiis
1239 3206 1392 3296 domibus
1416 3206 1580 3271 montibus
1604 3205 1745 3270 vallibus
1768 3204 1837 3291 pla·

190 3309 337 3375 nicicbus
350 3312 474 3395 campis
486 3311 590 3376 vineis
607 3311 708 3395 pratis
725 3312 855 3394 pascuis
872 3310 962 3375 silvis
979 3313 1072 3397 aquis
1088 3333 1247 3397 aquarum
1264 3311 1455 3376 decursibus
1472 3313 1584 3377 salinis
1600 3309 1837 3397 piscationibus

189 3417 268 3500 ripis
291 3413 466 3500 paludibus
488 3413 683 3479 molendinis
708 3413 839 3478 salectis
863 3413 958 3478 cultis
982 3423 1015 3478 et
1037 3415 1179 3496 incultis,
1202 3417 1428 3500 prenominato
1452 3414 1632 3480 venerabili
1654 3415 1837 3500 patriarche

163 3517 165 3520 ’
189 3519 338 3585 Rodaldo
355 3528 387 3584 et
406 3541 464 3603 per
481 3541 555 3584 eum
578 3529 657 3584 sue⁸
680 3517 816 3583 ecclesie
839 3520 970 3604 suisque
994 3520 1239 3584 successoribus
1264 3520 1430 3604 perhanc
1452 3521 1554 3584 nostri
1578 3522 1722 3605 precepti
1746 3519 1836 3604 pagi-
1941 3563 1942 3566 ,

138 3640 174 3688 30
189 3645 266 3687 nam
294 3631 471 3708 nostraque
500 3623 658 3709 imperiali
682 3624 877 3687 auctoritate
900 3645 921 3686 a
943 3631 1054 3687 nostro
1079 3624 1147 3688 iure
1171 3632 1203 3686 et
1226 3621 1370 3688 dominio
1394 3633 1634 3708 sequestramus
1658 3633 1690 3687 et
1712 3624 1744 3686 in
1768 3622 1837 3686 eius

190 3725 408 3812 suorumquet
441 3748 667 3793 successorum
700 3729 750 3791 ius
783 3736 816 3791 et
849 3725 1027 3791 dominium
1063 3730 1194 3792 omnino
1224 3728 1481 3793 transfundimus
1511 3737 1543 3792 et
1570 3727 1758 3812 delegamus
1779 3726 1836 3790 ha·

189 3829 287 3895 beudi
317 3837 527 3915 potestatem,
563 3830 689 3896 scilicet
712 3830 800 3894 omni
823 3829 1084 3895 contradictione
1107 3838 1250 3912 remota,
1287 3839 1446 3917 qnatenus
1469 3829 1576 3893 nullus
1601 3828 1669 3892 dux
1691 3826 1837 3892 marchio

192 3955 302 3998 comes
324 3934 507 3999 vicecomes
532 3945 589 3999 aut
612 3933 814 3999 sculdascius
838 3957 895 3999 seu
918 3933 1027 4020 aliqua
1049 3956 1192 4018 persona
1213 3935 1248 3997 in
1270 3932 1424 4018 predictis
1447 3931 1529 3995 locis
1552 3930 1673 3996 habeat
1695 3939 1837 4016 potesta-

188 4046 254 4101 tem
281 4033 438 4121 placitum
466 4037 597 4101 tenendi
627 4046 684 4108 aut
715 4035 858 4121 aliquam
889 4036 1054 4102 dationem
1083 4037 1134 4101 vel
1164 4033 1392 4100 redibitionem
1423 4033 1622 4119 requirendi,
1656 4034 1719 4096 nisi
1747 4031 1837 4098 solus

138 4155 171 4203 35
190 4139 315 4226 prefate
344 4136 480 4202 ecclesie
510 4139 659 4224 pontifex
686 4138 739 4203 vel
755 4133 854 4204 ¹illius
883 4141 1035 4204 vicarius.
1082 4139 1116 4206 Si
1148 4142 1219 4227 quis
1250 4139 1345 4202 huius
1375 4139 1477 4201 nostn'
1512 4138 1665 4222 precepti
1692 4145 1837 4202 tenorem

189 4243 339 4326 frangere
357 4244 574 4327 temptaverit,
599 4244 682 4307 sciat
706 4265 740 4306 se
763 4243 1018 4326 compositurum
1042 4245 1112 4306 auri
1136 4244 1250 4327 optimi
1274 4240 1374 4305 libras
1398 4255 1428 4320 e,
1452 4238 1685 4304 medietatemu
1708 4261 1837 4304 camere

189 4355 300 4410 nostre
330 4354 362 4408 et
390 4343 597 4410 medietatem
627 4346 852 4430 prenominato
882 4345 1062 4410 venerabili
1090 4344 1275 4429 patriarche
1302 4342 1454 4408 Rodaldo
1486 4344 1618 4427 eiusque
1646 4341 1782 4406 ecclesie
1805 4351 1838 4406 et

190 4451 257 4514 suis
281 4447 525 4513 successoribus
549 4450 603 4534 qui
626 4470 685 4533 pro
708 4456 854 4532 tempore
876 4448 1005 4513 fuerint.
1041 4447 1138 4528 Quod
1161 4456 1197 4511 ut
1219 4448 1327 4510 verius
1351 4445 1502 4510 credatur
1525 4444 1775 4530 diligentiusque
1793 4444 1835 4510 ab

190 4551 341 4617 omnibus
365 4550 572 4632 observetur,
603 4572 704 4614 mauu
726 4551 858 4634 propria
880 4549 995 4615 subtus
1016 4551 1184 4615 firmantes
1206 4552 1241 4615 in
1263 4550 1354 4614 calce
1377 4551 1531 4615 iussimus
1555 4547 1691 4633 sigillari
1714 4548 1836 4614 annulo

139 4671 173 4719 ιι)
191 4655 288 4741 sigilli
309 4657 423 4720 nostri.

293 4794 430 4879 Signum
453 4791 564 4859 domni
588 4790 718 4858 Ottonis
742 4792 937 4858 serenissimi
961 4793 1178 4877 imperatoris.

293 4896 487 4963 Ambrosius
510 4895 725 4962 cancellarius
747 4896 898 4961 advicem
921 4895 1086 4961 Hubertir
1115 4897 1262 4981 episcopi
1292 4904 1324 4960 et
1352 4891 1632 4958 archicancellarii
1659 4893 1835 4977 recognovi

190 5010 223 5065 et
245 4999 433 5086 subscripsi.

277 5169 335 5224 tii.
362 5173 388 5238 d)
407 5172 512 5223 Amioni
529 5172 585 5222 ΕΙ]
686 5174 711 5234 e)
729 5173 842 5222 Pariana
861 5169 897 5234 D,
915 5171 1024 5222 Parano
1042 5169 1099 5220 ΕΙ]
1199 5170 1219 5231 ι)
1240 5173 1340 5236 Rungis
1359 5168 1443 5220 DDU
1536 5168 1565 5236 g)
1584 5167 1616 5229 D,
1634 5169 1837 5234 Preberdieot’,

139 5243 171 5290 45
360 5241 528 5293 Preherdicto
542 5241 570 5290 D
665 5240 692 5305 h)
709 5248 762 5291 tam
781 5242 814 5291 ad
833 5243 1006 5306 proprietates
1023 5239 1091 5302 allc5
1108 5237 1244 5302 oiollet’cbt,
1262 5238 1372 5290 dodica
1390 5238 1485 5289 erilem
1499 5235 1551 5290 Gra
1568 5240 1596 5288 in
1614 5239 1661 5290 der
1671 5236 1835 5304 nordfolqea-

361 5309 411 5361 dan
431 5309 595 5374 Baridts'pnay
612 5309 683 5360 nicht
701 5309 815 5360 enodhnt
832 5308 907 5372 wira,
927 5312 959 5359 ist
977 5309 1024 5358 der
1038 5323 1119 5372 ponae
1137 5307 1235 5358 Porrus
1252 5316 1305 5358 tam
1323 5311 1497 5374 proprietates
1516 5335 1549 5344 -
1567 5310 1662 5358 mortui
1681 5315 1742 5358 sunt
1759 5309 1836 5358 iater-

357 5378 448 5442 polirt,
465 5378 492 5429 d.
504 5378 528 5428 h.
547 5381 576 5428 ia
593 5377 783 5443 capeschicktcr
801 5378 880 5428 ll’eire
892 5395 939 5427 aar
951 5377 1011 5428 DO.
1024 5381 1074 5428 413
1091 5377 1344 5442 aameyenommen
1436 5379 1456 5438 i)
1478 5375 1533 5438 01),
1552 5377 1765 5427 confirmaremus
1783 5377 1841 5428 ΕΠ

361 5447 389 5512 ir)
409 5448 619 5514 obtemperantes
638 5448 673 5507 D,
700 5463 748 5499 nos
767 5454 855 5498 autem
873 5464 898 5513 p.
918 5448 1129 5511 obtemperantes
1148 5445 1205 5496 ΕΙ]
1304 5447 1322 5506 l)
1342 5443 1431 5507 DEU,
1456 5447 1484 5496 in
1502 5449 1603 5496 cunctis
1621 5445 1841 5512 ForiiuliiqueO

362 5517 397 5579 m)
417 5515 498 5577 ODD,
524 5517 635 5566 Amione
656 5515 681 5566 U
780 5513 807 5584 ιι)
826 5518 955 5582 acquisivi
976 5515 1000 5566 0
1100 5517 1126 5576 o)
1146 5515 1255 5566 obvenit
1271 5518 1334 5566 item
1352 5517 1379 5566 in
1398 5513 1457 5577 olle,
1484 5517 1547 5565 item
1566 5515 1691 5566 mrtweder
1708 5514 1790 5565 durch
1808 5516 1836 5565 id

363 5593 403 5638 est
419 5601 450 5634 ru
467 5591 577 5635 manaen
593 5584 655 5634 oder
671 5584 739 5634 nach
756 5585 785 5635 Z.
798 5588 817 5634 ὅ
832 5601 863 5634 aa
879 5584 1006 5636 roesam
1085 5607 1086 5612 ¹
1112 5587 1140 5650 p)
1159 5585 1273 5635 Pariana
1291 5583 1327 5647 D,
1348 5585 1472 5636 Partiano
1491 5583 1518 5634 E
1628 5587 1655 5650 q)
1673 5583 1790 5634 Bonchis
1809 5583 1837 5634 D

363 5657 384 5720 r)
401 5653 573 5705 Preberdiato
596 5652 626 5703 D
736 5654 759 5720 s)
776 5670 875 5720 sueque
901 5654 924 5706 0
1033 5658 1053 5712 t)
1072 5652 1167 5715 DEU,
1193 5657 1249 5704 eius
1276 5655 1317 5705 ius
1344 5669 1503 5720 suorumque
1527 5651 1551 5703 0
1657 5655 1685 5716 u)
1705 5653 1793 5704 madia
1816 5651 1840 5706 0

362 5725 389 5792 v)
408 5721 576 5786 LiubertiO,
602 5721 712 5773 Luherti
730 5721 766 5785 D,
791 5725 901 5774 Luberti
917 5723 951 5786 D,
981 5725 1092 5775 huberti
1116 5723 1145 5775 U.

1573 5825 1633 5887 59*
