4538 6436
896 399 1023 457 ΟΤΤΟ
1045 402 1069 456 1.
1094 399 1164 454 970.
1788 393 1849 459 531

207 584 401 651 molendinis
429 582 751 668 molendinorumqne
780 582 861 648 locis
889 584 992 648 vineis
1020 585 1107 666 agris
1130 585 1232 668 pratis
1255 585 1386 668 pascuis
1409 587 1533 670 campis
1557 585 1648 650 silvis
1670 583 1851 669 bannisquc

207 687 365 752 silvarum
388 686 553 751 montibus
577 685 706 771 alpibus
729 684 825 750 cultis
848 695 880 749 et
902 683 1033 750 incultis
1048 688 1111 750 viis
1130 695 1162 749 et
1179 687 1275 750 inviis
1299 688 1392 772 aquis
1416 711 1638 774 aquarumque
1661 687 1851 754 decursibus

206 789 349 854 exitibus
366 799 398 853 et
412 787 568 852 reditibus
592 790 726 873 quesitis
750 797 781 851 et
805 788 1004 874 inquirendis
1029 791 1180 873 omnique
1203 791 1397 874 pertinentia
1419 794 1488 856 iure
1510 794 1696 878 respicienti
1720 792 1763 858 ad
1784 814 1851 876 pre·

206 895 274 960 fata
297 893 381 957 loca.
419 893 463 956 Et
486 901 521 957 ut
543 893 606 956 hoc
628 892 847 974 munificentiq
870 902 1002 956 nostrae
1026 902 1214 978 preceptum
1237 895 1463 958 inconvulsum
1487 905 1584 983 atque
1602 893 1851 980 inpermutabile

172 995 392 1081 cqternaliter
414 996 447 1058 in
470 1003 637 1080 posterum
660 992 734 1076 fiat,
769 994 853 1060 lianc
882 1005 1014 1061 nostrae
1042 999 1248 1062 auctoritatis
1276 1007 1402 1064 cartam
1431 998 1529 1064 scribi
1561 1001 1713 1064 iussimus
1736 1008 1785 1081 et,
1816 1009 1852 1062 ut

208 1101 315 1164 verius
345 1098 511 1176 credatur,
546 1097 643 1162 anulo
672 1100 762 1181 regni
790 1101 893 1174 nostri
917 1122 989 1164 eam
1012 1099 1147 1182 sigillari
1170 1103 1374 1186 precepimus
1398 1111 1495 1188 atque
1519 1102 1579 1167 sub
1603 1102 1717 1167 eadem
1739 1113 1852 1167 nostra

209 1204 454 1270 confirmatione
478 1204 703 1284 annexuimus,
734 1213 771 1266 ut
793 1205 988 1288 quicumque
1011 1206 1053 1267 sit
1075 1205 1130 1289 qni
1154 1202 1194 1268 de
1217 1203 1412 1289 pretitulatis
1434 1205 1531 1270 rebus
1555 1228 1630 1291 case
1655 1206 1706 1270 dei
1729 1206 1851 1271 violen-

208 1310 286 1373 tiam
309 1307 361 1371 vel
384 1308 534 1392 rapinam
556 1315 613 1370 aut
636 1308 767 1370 omnino
791 1306 945 1392 quicquid
973 1305 1091 1371 exinde
1121 1306 1182 1371 sibi
1211 1329 1369 1392 usurpare
1397 1319 1578 1392 presumat,
1611 1306 1752 1395 [publice
1781 1333 1851 1374 sen·

208 1409 351 1495 tencie]d
374 1411 462 1475 velut
483 1433 558 1474 reus
581 1413 771 1494 magestatis
796 1409 974 1474 subiaceat.

157 1567 189 1615 10
307 1550 322 1633 ξ
344 1548 481 1633 Signum
503 1547 613 1612 domni
637 1546 766 1613 Ottonis
789 1549 898 1632 magni
922 1557 954 1611 et
976 1549 1178 1613 invictissimi
1202 1549 1266 1628 (M.)
1290 1551 1498 1634 imperatoris
1521 1551 1661 1634 augusti.
1684 1551 1698 1632 ξ

309 1651 530 1737 {Liutgerins
554 1651 769 1716 cancellarius
793 1651 942 1716 advicem
960 1650 1130 1716 Ruotberti
1154 1650 1392 1738 archiepiscopi
1416 1662 1447 1717 et
1470 1652 1653 1739 cappellani
1676 1657 1852 1738 recognovi

208 1765 240 1820 et
262 1755 451 1840 subscripsi.
474 1755 488 1839 Ξ
1736 1758 1793 1838 (SI.
1811 1759 1852 1839 5.)

308 1894 397 1958 Data
419 1917 524 1958 nonas
547 1904 641 1958 mart.
665 1917 751 1958 anno
776 1893 960 1958 dominicae
981 1895 1218 1959 incarnationis
1243 1909 1434 1972 ucecensis,
1464 1892 1641 1957 indictione
1665 1909 1739 1976 xnr,
1764 1881 1867 1958 anno¹

206 1997 296 2080 regni
322 1997 517 2061 serenissimi
540 2001 626 2080 regis
650 1996 782 2062 Ottonis
806 2015 914 2078 xxxv,
942 1998 1069 2083 imperii
1094 1997 1219 2061 scilicet
1243 1998 1291 2060 sui
1314 1997 1346 2060 in
1370 1995 1466 2061 Italia
1490 2013 1583 2078 v11113
1617 2007 1725 2062 actum
1749 1997 1852 2081 Papia

158 2117 188 2162 15
207 2102 339 2165 civitate
361 2101 446 2165 infra
468 2099 648 2186 palacium3
672 2103 706 2166 in
729 2101 850 2166 Christi
871 2104 1001 2168 nomine
1023 2100 1162 2166 feliciter
1184 2124 1290 2168 amen.

983 2339 1070 2414 390.

215 2496 294 2572 Ono
322 2497 482 2595 bestdtipt
507 2497 572 2569 der
599 2495 842 2592 biscldr'flicbea
868 2495 1002 2568 Kircbe
1028 2523 1073 2568 aa
1100 2496 1262 2568 Mostene
1290 2496 1356 2568 dm
1389 2494 1514 2571 Getta
1538 2496 1708 2568 ztoiscbea
1738 2493 1850 2570 Cina-

206 2645 317 2708 nooc,
352 2617 571 2716 qucalonpa
599 2617 677 2689 acted
703 2617 782 2688 dora
809 2616 934 2688 Flassc
967 2612 1129 2705 Seccbic,
1167 2616 1271 2687 sonte
1299 2615 1369 2687 dea
1397 2615 1519 2711 Beraq
1546 2613 1605 2686 des
1635 2613 1749 2686 Zollcs
1775 2615 1855 2686 aad

206 2739 362 2812 andacer
389 2738 591 2836 Eiala'tnftc
618 2764 689 2810 coa
716 2738 846 2810 diesem
872 2737 1008 2810 Flesse.
1401 2756 1535 2814 Ferrara
1558 2759 1620 2815 970
1643 2755 1733 2814 Mara
1755 2758 1806 2816 22.

154 2955 188 3002 20
312 2946 559 3019 Oriciaaldr'plora
582 2947 623 3004 r‘m
648 2945 863 3017 Capitclarcltiv
884 2963 924 3002 aa
947 2943 1079 3002 Modera
1102 2941 1165 3022 (A).

306 3085 446 3156 Sicanias
467 3082 514 3141 Dc
536 3100 624 3155 repeto
647 3083 757 3140 Italiae
780 3082 823 3141 cd.
844 3092 869 3154 l,
892 3085 957 3142 233
972 3084 1020 3141 cit.
1044 3115 1086 3125 —
1109 3081 1311 3154 Sillinqardas
1328 3079 1422 3141 caat.
1440 3098 1484 3154 cp.
1501 3081 1725 3140 Mutinensibus
1741 3086 1792 3142 44.
1808 3115 1852 3125 —

309 3189 478 3259 Tircboscld
506 3187 597 3244 Mem.
627 3187 778 3245 Modonesr‘
800 3192 829 3258 1,
854 3189 916 3247 135
940 3193 973 3244 n⁰
995 3191 1058 3246 110
1087 3203 1143 3244 aas
1173 3186 1210 3243 Α.
1240 3219 1282 3228 -
1310 3186 1438 3244 Bab-riser
1459 3185 1529 3258 aa.
1554 3189 1626 3245 372.
1657 3220 1698 3228 -
1728 3185 1856 3260 &arins

307 3291 379 3364 aa.
404 3294 475 3349 aas.

310 3427 458 3488 Wdhrend
476 3428 524 3485 dic
539 3429 732 3500 Rccopar'tioa
746 3446 802 3486 ron
824 3429 864 3487 It.
881 3427 927 3485 B.
943 3425 1137 3500 lrirrarcpefdyt
1161 3426 1278 3484 arordca
1301 3427 1339 3485 ist
1355 3426 1418 3484 aad
1433 3427 1481 3485 die
1495 3427 1649 3501 Datiraap
1663 3445 1719 3487 roa
1741 3429 1781 3486 It.
1799 3429 1850 3500 D,

309 3537 345 3592 ist
369 3534 421 3591 der·
442 3533 677 3605 coroaspelicade
702 3533 786 3592 Tlrcr't
807 3551 863 3592 roa
886 3535 967 3592 einer
988 3551 1046 3591 roras
1068 3532 1275 3590 trebeta-natea
1298 3529 1390 3587 Hand
1414 3531 1600 3602 yesctrieben
1629 3530 1754 3590 wadan.
1795 3530 1851 3591 Ars

306 3637 603 3710 Eiqartln'tndidrta't
633 3636 683 3695 dcs
713 3637 907 3707 tetresse-adea
929 3637 1131 3708 Inpressutors
1161 3636 1199 3692 ist
1227 3633 1458 3692 berroraalvebea
1484 3633 1553 3692 dass
1575 3650 1607 3691 er
1629 3652 1670 3691 aa
1693 3633 1779 3694 Stella
1801 3635 1851 3694 des
1907 3629 1910 3637 ’

307 3742 624 3814 Etnpnapsclrrisraoas
646 3744 709 3799 cirre
732 3741 866 3812 elasaclre
892 3743 1061 3813 Zeicbnany
1085 3743 1116 3798 ia
1139 3737 1375 3812 Kreasesyestalt
1398 3741 1471 3796 setrt
1493 3737 1557 3795 aad
1579 3738 1649 3798 dass
1673 3756 1705 3796 cr
1730 3739 1852 3798 dissolbe

305 3847 380 3904 <racd
403 3863 452 3902 aare
468 3845 560 3902 ‘Diade
581 3847 679 3902 scinci·
701 3843 815 3916 schrift
839 3845 1020 3914 n·e'alerlrolt,·
1049 3843 1188 3902 riellcr'cld
1218 3845 1337 3901 stamad
1365 3860 1421 3900 coa
1448 3843 1509 3899 ihm
1539 3841 1680 3913 cbcasalls
1708 3842 1763 3900 das
1789 3845 1851 3900 eia·
1892 3888 1895 3894 .

306 3949 424 4020 sactae
446 3949 549 4006 Kreas
570 3966 622 4006 ror
643 3948 695 4005 dcr
716 3949 877 4022 Datisanff.
919 3947 991 4019 Aaf
1009 3949 1087 4006 setae
1109 3948 1271 4020 aeranem
1293 3945 1408 4004 ruerdea
1431 3947 1582 4005 airaudi
1605 3947 1652 4004 dic
1674 3946 1852 4005 besoadcrerr

244 4077 254 4084 ·
307 4051 537 4126 Spraclrformea
560 4071 611 4110 sacra
634 4071 665 4110 so
688 4054 831 4110 inclusa
853 4056 950 4111 sctrca
972 4052 1079 4120 lintea,
1111 4050 1149 4108 da
1177 4052 1220 4108 sie
1247 4067 1302 4108 arca
1331 4050 1423 4110 danea
1453 4051 1502 4109 des
1530 4053 1611 4109 son-st
1634 4051 1696 4108 bier
1717 4049 1851 4108 aicnstr'cla

303 4174 402 4230 persua
425 4156 718 4228 noctipesclrricbcaea
733 4155 772 4213 D.
790 4155 956 4227 Bessapara
979 4155 1042 4212 read
1065 4153 1221 4213 Ado-lteris
1244 4155 1373 4213 Bdbmer
1387 4156 1459 4228 Ray.
1476 4155 1552 4214 Kar.
1569 4157 1654 4214 1431
1677 4155 1848 4213 abweicben.

310 4343 367 4422 (C.)
391 4341 405 4422 Ξ
427 4341 465 4405 ln
488 4343 618 4406 nomine
643 4350 776 4404 sanctae
800 4349 832 4403 st
854 4338 1041 4404 individuae
1064 4340 1229 4402 trinitatis.
1265 4337 1343 4403 Otto
1368 4339 1420 4403 dei
1443 4342 1650 4405 miseratione
1674 4343 1851 4425 imperator

204 4455 371 4528 augustus.
471 4459 497 4507 Si
521 4461 619 4510 sanctis
642 4453 674 4507 et
696 4457 895 4508 venerabilibus
918 4458 984 4507 locis
1005 4441 1020 4527 ξ
1041 4457 1122 4522 digna
1145 4459 1304 4508 conferimus
1327 4475 1449 4519 munera,
1481 4460 1567 4508 animo
1589 4465 1679 4508 nostre
1702 4457 1849 4523 proficuum

205 4581 261 4613 esse
285 4563 390 4612 minime
413 4564 579 4628 ambigimus.
613 4564 745 4624 Quocirca
768 4563 886 4611 omnium
908 4561 1025 4611 fidelium
1049 4567 1155 4610 sanctae
1179 4559 1221 4610 dei
1245 4561 1373 4611 aecclesie
1396 4569 1598 4628 nostrorumque
1621 4564 1782 4626 presentium
1801 4563 1849 4610 sci·

153 4674 186 4721 35
204 4668 266 4717 licet
284 4683 315 4716 ac
334 4668 481 4716 futurorum
500 4669 645 4732 comperiat
668 4667 833 4727 universitas,
858 4666 971 4730 qualiter
993 4682 1040 4729 pro
1064 4665 1106 4715 clei
1130 4681 1218 4714 antcire
1242 4666 1380 4728 altinusque
1404 4669 1508 4714 nostrae
1532 4665 1646 4714 remedio
1670 4671 1749 4729 atque
1771 4665 1849 4714 inter·

204 4779 285 4820 ventu
308 4787 339 4820 ac
362 4773 493 4834 peticione
516 4755 632 4820 dilecte
655 4755 841 4838 coniunge“
863 4763 995 4818 nostrae
1011 4752 1191 4838 Adqleglth
1214 4775 1271 4838 per
1294 4769 1361 4818 lianc
1384 4771 1466 4818 nostri
1489 4770 1606 4834 prqcepti
1630 4769 1814 4818 anctoritatem
1835 4785 1851 4815 a

204 4875 372 4924 concedimus
402 4875 530 4924 donamus
559 4881 638 4938 atque
667 4873 793 4938 largimur
822 4879 848 4922 et
877 4873 1010 4922 offerimus
1040 4873 1184 4922 aecclesiae
1208 4873 1278 4920 beati
1303 4871 1453 4920 Geminiani
1476 4871 1633 4920 Matinensis
1656 4869 1783 4934 episcopii
1807 4871 1850 4918 cni

203 4985 290 5042 preest
306 4981 347 5027 vir
361 4977 521 5028 venerahilis
543 4960 760 5047 ildeprandus
784 4977 924 5040 episcopus
947 4981 1088 5040 nosterque
1111 4975 1224 5024 dilectus
1247 4973 1340 5034 tidelis,
1365 4957 1482 5023 cinnaeb
1506 4973 1654 5022 districtum
1677 4973 1710 5021 ab
1734 4977 1850 5022 castrum

204 5101 219 5130 s
242 5077 338 5132 (Ἳίιιίε,0
361 5099 438 5144 noue,
462 5065 578 5130 deinde
601 5064 798 5151 Aqualonga
822 5073 853 5127 el
875 5062 993 5127 exinde
1017 5064 1051 5128 ln
1074 5062 1192 5144 Slecla,
1217 5077 1351 5127 toloneum
1374 5092 1479 5142 quoquc
1502 5083 1527 5126 et
1551 5081 1702 5126 curaturam
1724 5090 1773 5124 nec
1796 5091 1849 5124 non

152 5189 186 5236 40
205 5195 230 5234 et
259 5185 460 5236 retdibicinnern
489 5187 571 5248 ipsins
601 5185 656 5248 ripe
685 5193 709 5233 ct
739 5184 880 5249 ligaturam
911 5185 1017 5232 navium
1046 5189 1072 5232 ot
1100 5181 1227 5247 quicquid
1254 5197 1315 5245 pars
1344 5181 1452 5246 publica
1480 5181 1545 5230 inibi
1575 5180 1672 5230 lrabcrc
1696 5185 1722 5229 at
1744 5180 1849 5243 exigere

203 5297 290 5354 potest
313 5305 396 5354 nsque
420 5291 447 5338 in
470 5290 550 5338 fluvio
574 5288 640 5337 Padi
663 5295 715 5336 tam
739 5287 808 5337 infra
831 5302 926 5353 aquam
949 5302 1028 5352 qaam
1052 5293 1127 5337 extra
1148 5304 1177 5348 s,
1201 5287 1325 5351 quatirnrs
1348 5292 1501 5350 pretaxatus
1522 5267 1737 5353 ildeprandus
1759 5283 1849 5348 presul

203 5396 287 5460 ipsius
315 5395 460 5445 aecclesiae
490 5384 624 5452 [vicarilns
652 5394 745 5456 suique
774 5408 939 5442 successores
968 5391 1002 5440 acl
1031 5387 1157 5460 partem
1187 5390 1303 5440 ciasclenr
1334 5389 1478 5441 aecclesiae
1504 5389 1619 5440 habeant
1641 5391 1669 5438 in
1691 5395 1848 5453 perpetuum

289 5567 349 5620 389.
378 5568 405 5632 cl)
426 5567 513 5618 delc
532 5571 559 5616 tn
577 5567 608 5630 A,
628 5571 729 5630 erptinzt
748 5583 795 5616 aar
814 5567 847 5616 B.

289 5668 348 5724 300.
376 5667 544 5737 [Laschitzor]
659 5677 683 5730 a)
705 5669 726 5720 A
840 5673 868 5736 b)
887 5675 962 5722 omae
987 5670 1009 5722 A
1036 5675 1096 5720 statt
1124 5685 1202 5721 omne
1229 5667 1290 5719 oder
1317 5685 1420 5721 ornnem
1534 5667 1601 5729 old
1628 5675 1689 5720 stau
1718 5669 1850 5721 Ciuitatis.
1918 5657 1920 5664 ’

1582 5773 1643 5834 67*
