4560 6420
968 391 1424 454 KAISERURKUNDEN.

471 585 527 656 fiir
552 582 688 656 erutuet
710 582 789 654 hiclt,
819 581 933 653 lieferte
955 582 1003 639 eia
1025 580 1186 638 Fecsimile
1207 579 1261 637 der
1281 580 1483 651 cerleiozqertea
1506 579 1628 650 schrift,
1651 580 1756 638 welche
1779 578 1883 638 Forte
1909 574 1984 647 aas
2004 573 2064 633 dus

472 689 677 746 bestimmteste
698 686 742 744 als
765 703 821 743 eea
844 684 913 742 BG.
936 684 1102 742 stemmced
1124 684 1310 742 beecielmete.
1357 681 1546 742 Aadrerseits
1569 684 1673 742 bildctc
1694 685 1814 756 Ruspe,
1842 683 1986 741 welchcr
2011 680 2064 736 dic

469 792 578 864 yleiehc
599 791 721 863 Verlope
742 791 791 846 ein
814 788 1010 861 exemplaria
1036 789 1128 846 forma
1151 789 1264 861 patenti
1286 791 1392 858 aeaut,
1426 786 1474 844 dic
1497 787 1728 857 Schriftecichen
1750 787 1836 844 nach
1860 785 1940 843 rand
1966 788 2066 842 anter

471 893 570 952 diesen
599 893 653 951 das
678 891 849 961 Chrismoa,
883 891 998 948 welches
1027 891 1178 948 durclerus
1201 891 1267 948 clem
1289 893 1331 948 im
1358 890 1494 962 Oricinol
1521 889 1588 949 De.
1612 894 1674 949 149
1702 908 1759 948 eeu
1783 890 1846 947 der
1871 888 1983 947 Hand
2008 887 2065 945 des

472 996 541 1055 Be.
563 997 677 1068 eleieht.
722 996 914 1054 ludecanum
937 995 990 1052 der
1016 993 1158 1052 Gedoate
1184 1013 1224 1052 aa
1249 993 1441 1067 Oricinob'tdt
1470 994 1577 1052 sowohl
1603 993 1694 1052 durch
1725 994 1783 1050 den
1811 992 1988 1052 Wortlaut
2012 991 2098 1051 alsa

470 1100 563 1157 durch
585 1099 633 1157 die
652 1100 748 1173 yleieh
768 1117 808 1156 eu
830 1098 1044 1156 erwdhaeedce
1060 1098 1167 1155 Fehler
1189 1099 1231 1154 im
1252 1097 1403 1156 Protolcoll
1424 1098 1659 1171 eusycschlossea
1681 1097 1766 1168 wird,
1793 1097 1868 1156 selae
1896 1097 1952 1154 ich
1977 1097 2063 1153 mide

469 1222 527 1262 eur
548 1203 704 1261 Acachia-e
732 1204 813 1259 etrier
833 1202 969 1259 eiemlich
994 1201 1178 1274 qeluaqeaca
1205 1202 1452 1274 Noehseieheunq
1476 1202 1634 1274 yerothr'yt.
1679 1201 1741 1258 mit
1772 1201 1882 1258 dieser
1916 1203 2064 1272 verrom

471 1309 532 1366 sich
554 1308 624 1366 dass
645 1306 722 1364 nach
744 1307 802 1363 dea
824 1305 1032 1378 Abbildaeqen
1054 1307 1087 1362 ia
1113 1305 1146 1363 E
1170 1303 1234 1362 wid
1256 1304 1289 1361 F
1313 1303 1368 1362 dos
1389 1303 1564 1376 Peryament
1587 1305 1640 1360 mit
1663 1303 1729 1361 dem
1753 1303 1856 1377 Sieyel
1883 1305 1982 1361 einer
2005 1321 2062 1360 uin

472 1415 555 1470 1139
580 1411 718 1469 ῑεὸενιᾶενι
740 1411 890 1468 Aeetissie
912 1427 967 1468 coa
990 1409 1132 1480 Hcrferd,
1157 1426 1199 1466 aa
1221 1409 1353 1467 walchem
1376 1409 1522 1469 Wlmons
1546 1409 1564 1468 l.
1582 1426 1604 1466 e.
1624 1412 1691 1490 Φ130
1715 1408 1892 1467 beandam
1920 1409 2063 1466 Austoss

469 1516 570 1585 aelim,
593 1516 731 1573 cersehea
753 1532 824 1584 war,
849 1513 949 1584 semer
970 1513 1040 1572 dress
1063 1516 1118 1571 wic
1139 1515 1181 1571 im
1198 1512 1320 1572 Coateet
1338 1531 1370 1572 se
1393 1514 1469 1572 auch
1491 1515 1533 1572 im
1547 1513 1696 1572 Protolroll
1718 1514 1799 1571 echte
1824 1513 1900 1571 und
1925 1513 2064 1571 anselda
2084 1526 2115 1572 ιο

471 1618 692 1677 Restandtheile
712 1618 949 1676 aebeeeiuaader
971 1618 1077 1676 steten.
1123 1618 1162 1674 Ia
1185 1617 1238 1675 der
1262 1617 1416 1676 Titalatur
1438 1617 1561 1676 erbliclre
1584 1618 1644 1687 ich,
1679 1617 1809 1690 obylcich
1834 1620 1884 1676 sie
1911 1618 2002 1676 auch
2028 1619 2064 1674 in

471 1721 537 1779 dem
558 1721 801 1792 abschristlichca
822 1720 888 1779 DO.
912 1723 954 1781 35
978 1723 1127 1794 beqeqaet,
1159 1723 1222 1779 eine
1244 1722 1355 1793 seleche
1377 1721 1545 1796 Audistine
1566 1740 1622 1780 eoa
1644 1703 1682 1780 d.
1728 1721 1786 1779 Bet
1812 1721 1873 1779 der
1897 1722 2064 1793 Recoyai·

472 1826 623 1884 tionseeile
651 1827 802 1883 sermatiae
830 1826 875 1882 ich
905 1827 969 1882 eine
997 1826 1180 1900 Umstelluay
1208 1826 1260 1884 ἄεν
1290 1827 1404 1897 Werte,
1441 1827 1480 1884 da
1503 1827 1580 1884 disse
1601 1824 1797 1898 Reiheafolqe
1823 1825 1998 1884 derselhen
2027 1827 2063 1882 ia

473 1927 573 1986 heiaer
600 1929 750 1999 Urschrist
779 1929 948 1988 eorkomrnt.
993 1930 1132 2004 Dapcyen
1162 1931 1269 1988 Maiae
1299 1932 1332 1987 in
1361 1931 1413 1988 der
1442 1930 1596 2002 Datirmtp
1626 1929 1679 1988 dus
1709 1929 1996 2002 Reeimunquahr
2024 1928 2063 2007 (s.

474 2031 575 2088 Meua.
600 2031 651 2090 des
674 2037 777 2092 osterr.
794 2033 934 2092 Institets
948 2038 979 2103 2,
996 2034 1072 2112 272)
1095 2034 1235 2092 eeeetuell
1256 2035 1332 2092 euch
1354 2036 1441 2093 sehon
1463 2036 1506 2091 im
1525 2031 1661 2106 Oricinol
1681 2031 1901 2104 voreapcstellt
1929 2032 2064 2090 worden
2085 2043 2115 2092 15

473 2136 544 2192 seia.
590 2135 655 2194 Das
677 2134 827 2193 Pretoholl
853 2138 890 2194 ist
912 2139 999 2195 serait
1024 2138 1119 2195 νεεᾶεν
1140 2138 1296 2196 schleehtcr
1317 2138 1390 2195 necle
1412 2139 1510 2195 besser
1531 2136 1576 2194 als
1597 2137 1631 2193 in
1652 2152 1684 2193 so
1706 2135 1803 2193 ciclea
1830 2133 1960 2208 Copten
1986 2135 2065 2194 oder

473 2237 766 2311 Nacheeiehuanyen.
808 2237 908 2297 Getica
928 2241 984 2297 wir
1007 2241 1121 2298 cndlieh
1148 2259 1188 2298 ea
1217 2241 1281 2298 dem
1309 2245 1407 2298 ersten
1428 2240 1492 2298 aad
1514 2238 1729 2312 selesiensem
1755 2239 1866 2298 Theile
1890 2239 1953 2298 des
1981 2238 2065 2300 eon-

474 2344 566 2400 teetes
588 2343 670 2411 iiber,
693 2359 726 2400 so
748 2343 788 2400 ist
810 2342 913 2402 dassen
933 2344 1083 2418 Fessuaq,
1108 2345 1162 2402 wic
1184 2345 1230 2402 ich
1252 2343 1513 2403 ureterDO.154
1537 2343 1691 2414 cassaira,
1714 2361 1747 2401 so
1770 2344 2064 2404 charakteristisch

477 2444 541 2502 ared
559 2449 614 2518 qut
638 2445 756 2518 heremi
779 2445 848 2504 dass
866 2447 909 2504 sic
924 2448 1092 2520 cambolielc
1106 2449 1140 2505 iu
1156 2447 1322 2518 Herforder
1337 2447 1474 2516 Kreisea,
1497 2445 1625 2505 eoadem
1645 2463 1706 2504 aar
1727 2447 1762 2503 in
1785 2445 1844 2504 der
1869 2440 2063 2521 dorsalium

478 2548 664 2608 Otteaischea
690 2550 819 2608 Kaualei
848 2552 996 2609 eatstchea
1025 2553 1139 2611 boante.
1184 2553 1291 2611 Dieser
1322 2551 1407 2610 Thcil
1434 2551 1498 2609 aad
1526 2550 1574 2607 die
1599 2549 1794 2622 ereptisehca
1823 2550 2061 2610 Keeaneciehen
2081 2564 2113 2610 2⁰

473 2655 635 2727 εενϋᾶνρενι
657 2655 720 2712 else
743 2654 812 2712 dass
835 2653 900 2711 dem
921 2654 1045 2714 Kloster
1067 2657 1129 2713 ciac
1151 2657 1227 2714 echte
1255 2639 1398 2716 Urlruude
1419 2675 1460 2714 aa
1485 2655 1592 2715 Gcbetc
1613 2653 1715 2724 stated,
1750 2655 1966 2714 eneratitae
1992 2659 2062 2715 eine

475 2755 687 2828 Confirmatioe
708 2775 764 2815 cort
787 2757 997 2831 Schenkuaqca
1018 2758 1082 2816 emi
1104 2760 1418 2833 Reelrtsrcrlcihunqca
1440 2759 1489 2817 des
1512 2759 1637 2817 Keiscrs
1659 2758 1742 2826 oder,
1774 2775 1866 2816 werin
1901 2763 1969 2818 wir
2002 2763 2059 2820 im·

473 2863 616 2936 paraturis
639 2865 673 2920 ie
694 2862 743 2920 dic
765 2863 979 2935 Interpoletion
1000 2865 1056 2921 mit
1078 2865 1275 2934 einbeeiehee,
1300 2865 1350 2923 des
1372 2865 1488 2938 Kenios
1511 2863 1648 2936 Inrdieip.

477 3067 535 3148 (0.)
559 3061 574 3146 ἒ
595 3066 634 3130 In
657 3067 788 3131 nomine
811 3076 944 3131 sanctae
968 3076 1000 3130 et
1021 3066 1209 3132 individuae
1232 3069 1396 3132 trinitatis.
1442 3066 1519 3131 Otto
1551 3065 1662 3130 divina
1689 3066 1797 3148 gratia
1828 3089 1907 3132 rex.
2017 3071 2056 3135 Si

375 3194 541 3236 servorum
565 3170 617 3235 dei
640 3170 851 3257 petitionibus
873 3172 1005 3237 facilem
1029 3196 1140 3236 aurem
1162 3172 1450 3250 accommodantes
1473 3170 1555 3235 locis
1583 3169 1692 3232 divino
1723 3166 1840 3233 cultu·
1870 3169 1886 3249 ᾗ
1916 3176 2055 3238 manci·
2074 3195 2107 3241 25

373 3279 459 3362 patis
483 3276 628 3362 aliquam
650 3277 872 3342 munificentia
895 3286 1009 3341 nostra
1027 3275 1140 3340 adiicit
1156 3278 1404 3357 immunitatem,
1428 3272 1514 3338 unde
1530 3279 1770 3337 commorantes
1787 3271 1872 3337 inibi
1890 3280 2054 3342 securius

373 3389 405 3444 et
427 3381 630 3447 commodius
652 3383 740 3445 vitae
763 3379 914 3446 caelestis
938 3380 1117 3466 quietudini
1140 3379 1271 3444 valeant
1293 3379 1467 3458 inservire,
1503 3377 1728 3439 existimamus
1749 3373 1828 3438 hinc
1854 3399 1922 3442 nos
1950 3402 2053 3465 prae-

374 3483 519 3547 sentibus
548 3485 594 3547 uti
624 3482 750 3547 felicius
780 3505 820 3546 ac
848 3484 1010 3547 mansuris
1039 3483 1160 3567 perfrui
1189 3482 1328 3546 beatius.
1374 3480 1539 3559 Quocirca
1560 3481 1860 3545 noveritomnium
1889 3481 2052 3550 fidelium

372 3597 560 3652 nostrorum
582 3586 713 3651 cautela
734 3596 801 3650 tam
825 3589 1044 3671 praesentium
1068 3608 1166 3671 quam
1196 3585 1455 3666 succedentium,
1487 3584 1625 3669 qualiter
1648 3605 1706 3667 pro
1731 3583 1881 3649 remedio
1907 3589 2051 3652 animae

373 3701 505 3756 nostrae
527 3701 763 3778 parentumque
786 3701 971 3757 nostrorum
994 3690 1203 3755 traditionem
1226 3689 1426 3755 Hluduuuici
1458 3685 1682 3773 <imperatoris
1706 3692 1810 3772 quam
1829 3689 1980 3756 tradidit
2004 3693 2049 3757 ad
2069 3713 2102 3758 30

374 3797 572 3859 monasteria
601 3827 714 3876 quorum
737 3827 820 3860 unum
843 3817 883 3860 est
904 3812 1094 3861 monachorum
1125 3812 1203 3860 Noua
1225 3811 1340 3861 Corbeia
1369 3815 1567 3874 nuncupatum,
1601 3793 1690 3857 allud
1719 3815 1760 3858 est
1788 3812 2050 3864 sanctimonialium

373 3913 519 3964 Herinordi
540 3909 773 3985 nuncupatum,
798 3909 833 3964 ut
857 3915 931 3964 iuxta
954 3916 1173 3965 consuetudinem
1197 3930 1250 3980 qua
1273 3915 1430 3964 ancillarum
1454 3914 1495 3964 dei
1519 3914 1771 3978 congregationibus
1790 3918 1938 3977 procurari
1957 3919 2050 3969 solent

375 4019 519 4082 praepositi
543 4035 575 4068 ex
599 4018 779 4069 ecclesiastico
803 4019 911 4080 ordine,
943 4002 1132 4070 corbeiensi
1162 4021 1253 4070 abbati
1277 4019 1535 4080 commendarimus,
1566 4023 1597 4067 ut
1618 4024 1672 4066 tam
1694 4017 1722 4065 in
1746 4017 1896 4082 disciplina
1919 4037 1938 4070 a
1963 4039 2048 4088 quam

354 4122 404 4194 'in
427 4124 530 4172 cunctis
553 4123 667 4188 negotiis
689 4139 757 4187 quae
780 4123 896 4173 famulae
920 4124 1018 4174 Christi
1047 4141 1094 4190 pro
1123 4141 1188 4175 sexu
1218 4130 1245 4174 et
1272 4125 1436 4189 professione
1467 4139 1516 4173 sira
1545 4123 1640 4187 exequi
1669 4137 1722 4170 non
1753 4129 1881 4185 possent,
1918 4126 2045 4190 ipsarum

375 4227 496 4289 provisor
519 4232 546 4275 et
567 4233 695 4291 patronus
718 4229 849 4277 existeret.
883 4212 942 4277 [lle
965 4215 1050 4278 enim
1067 4212 1170 4277 abbas
1187 4213 1352 4278 Uuarlnus
1375 4229 1453 4292 petiit
1476 4209 1767 4302 celsitudinemillius
1791 4229 1943 4292 recordari,
1969 4231 2045 4297 qnod
2064 4237 2098 4284 35

376 4330 436 4394 piae
459 4331 600 4380 memoriae
622 4333 726 4396 genitor
754 4314 840 4379 illius
864 4331 1053 4382 Hluduuuieus
1075 4333 1218 4396 imperator
1241 4332 1318 4381 ambo
1342 4331 1408 4382 haec
1430 4332 1591 4381 monasteria
1612 4330 1728 4379 construi
1752 4330 1833 4379 iussit
1857 4333 1894 4381 ad
1919 4351 2046 4387 nonnam

376 4433 501 4483 videlicet
522 4435 709 4498 precipuorum
731 4435 759 4482 in
781 4433 870 4483 Gallia
892 4437 1126 4496 monasteriorum,
1149 4453 1165 4484 a
1189 4435 1329 4485 Corbeiam
1352 4436 1385 4485 ad
1408 4433 1606 4485 similitudinem
1629 4433 1761 4497 Antiquae
1785 4433 1938 4500 corbeiae,
1966 4440 2046 4490 Heri-

376 4536 592 4587 nordeuse'vero
616 4534 650 4585 ad
672 4553 688 4584 a
710 4535 861 4585 Suessionis
891 4520 1144 4587 similitudinem.
1190 4523 1253 4587 Pro
1279 4539 1423 4588 elemosina
1445 4555 1461 4586 a
1483 4539 1587 4604 generis
1611 4531 1718 4584 autem
1742 4537 1785 4585 sui
1808 4553 1825 4584 a
1848 4541 1969 4592 tradidit
1993 4545 2047 4594 cel·

376 4637 429 4688 lam
451 4656 468 4688 e
490 4653 558 4703 quae
580 4641 692 4688 vocatur
714 4638 822 4702 Meppia
845 4654 904 4686 cum
929 4639 1037 4688 decimis
1060 4646 1086 4689 et
1107 4641 1321 4704 possessionibus
1344 4641 1462 4705 undique
1485 4639 1519 4688 ad
1542 4655 1599 4690 eam
1622 4639 1820 4702 pertinentibus
1844 4646 1873 4690 et
1898 4644 2047 4695 ecclesiam

377 4724 572 4793 Heresburchl'
594 4759 610 4790 a
633 4742 839 4807 circumquaque
862 4759 878 4790 a
900 4758 947 4806 per
974 4742 1040 4792 duas
1064 4743 1210 4794 Saronicus
1237 4738 1346 4794 rastas⁰
1368 4761 1384 4792 a
1407 4745 1441 4794 ad
1463 4744 1566 4794 Nouam
1591 4743 1744 4803 Corbeiam3
1768 4741 1804 4790 ad
1827 4743 2048 4799 Herenordense
2065 4757 2100 4803 40

377 4861 440 4896 vero
462 4848 652 4897 monasterium
673 4864 689 4894 a
712 4845 785 4896 dedit
806 4848 834 4895 in
856 4848 1011 4911 episcopatu
1035 4829 1259 4912 Asnabrugensid
1287 4848 1426 4898 ecclesiam
1449 4848 1569 4897 Bninitlii
1593 4862 1652 4896 cnm
1674 4843 1804 4893 subiecti·
1828 4846 1883 4895 sibi
1909 4850 2048 4914 ecclesiis,

377 4952 405 4998 in
428 4951 568 5014 parrochia
589 4950 874 5014 Mimigernauordensi
898 4951 1036 5000 ecclesiam
1059 4951 1143 5000 Hreni
1166 4967 1226 5000 cum
1249 4951 1290 5000 his
1312 4968 1380 5017 quae
1404 4951 1438 5000 ad
1461 4967 1517 5000 eam
1540 4951 1672 5015 pertinent
1695 4947 1833 4998 eeclesiis:
1857 4951 1900 5000 ita
1925 4970 1994 5006 sane
2018 4963 2050 5006 ut

379 5053 539 5104 decimarum
570 5054 735 5120 aliorumque
765 5055 898 5104 redituum
929 5061 1074 5119 proventus
1104 5071 1194 5106 omnes
1224 5054 1351 5118 praefatis
1374 5054 1498 5104 cederent
1521 5051 1694 5112 monasteriis,
1717 5055 1744 5099 et
1766 5051 1802 5099 ab
1827 5054 1899 5118 ipsis
1923 5059 2050 5109 vicissim

378 5165 584 5224 procurarentur
606 5159 741 5209 subiectae
763 5159 854 5224 plebes
877 5160 905 5207 in
927 5160 1085 5223 baptismate
1107 5161 1136 5208 in
1159 5160 1302 5210 eucaristia
1323 5160 1350 5207 in
1374 5159 1518 5222 sepulturis
1541 5158 1569 5205 in
1592 5143 1758 5206 confessione
1787 5165 1972 5220 peccatorum
2001 5181 2050 5216 an·

380 5262 489 5326 dienda‚
523 5269 550 5314 et
577 5264 717 5328 presbiteri
746 5265 792 5329 qui
814 5263 975 5328 principales
996 5281 1013 5311 s
1036 5263 1161 5313 ecclesias
1191 5268 1325 5323 tenerent,
1361 5262 1641 5326 archipresbiterorum
1670 5257 1759 5308 officio
1790 5259 1984 5327 fungerentur
2015 5270 2051 5319 ad
2068 5276 2102 5324 ⁴5

380 5367 483 5434 agenda
501 5370 589 5419 omnia
607 5383 675 5434 quae
698 5367 784 5418 solent
806 5367 863 5418 fieri
886 5368 919 5417 ab
942 5368 1168 5431 archipresbiteris
1191 5367 1390 5430 episcoporum
1416 5380 1476 5414 cum
1500 5369 1587 5414 autem
1610 5355 1684 5427 ipsi⁰
1707 5362 1830 5426 episcopi
1856 5356 2054 5422 circationesf

467 5540 524 5594 153.
551 5542 646 5611 [Folta]
741 5545 766 5604 a)
785 5541 840 5593 EF
927 5543 956 5605 b)
974 5543 1128 5609 Heresbnrg
1145 5542 1173 5593 F
1191 5551 1193 5562 ·
1261 5545 1285 5603 c)
1304 5542 1348 5592 die
1365 5541 1419 5593 VU.
1437 5542 1511 5592 hietat
1528 5539 1587 5591 hier
1604 5540 1737 5603 Eresburg
1757 5555 1842 5604 qnam
1862 5559 1937 5596 avus
1958 5556 2054 5601 noster

551 5613 665 5663 Karolus
692 5614 776 5676 primo
804 5618 959 5662 construens
986 5614 1014 5661 in
1041 5613 1157 5663 Saxonis
1186 5612 1295 5662 decimis
1325 5612 1428 5662 dotavit
1455 5614 1657 5675 circumquaque
1684 5608 1868 5662 habitantium
1899 5631 1953 5681 per
1982 5619 2053 5671 duaa

551 5683 696 5734 Saxonicas
713 5687 797 5731 rastas
885 5681 913 5742 d)
931 5679 963 5744 lq
982 5681 1181 5748 osnabrugensi
1193 5681 1221 5731 E
1306 5683 1330 5742 e)
1343 5681 1414 5744 fehlt
1432 5683 1461 5730 in
1473 5679 1501 5730 F
1582 5677 1654 5746 OF,
1671 5679 1825 5728 curationes
1839 5679 1877 5736 E.
