4554 6414
425 403 468 470 90
1022 414 1471 474 nnrsnnuanurvnsu.

425 606 457 660 et
477 598 629 660 vestitum
651 607 808 682 perpetuo
831 597 899 660 iure
922 595 1156 681 possidendum
1179 596 1379 661 donavimus.
1420 597 1653 660 Monasterium
1675 599 1784 681 itaque
1803 593 2098 661 Vuinethabusun

424 708 646 784 nuncupatum
670 701 766 764 situm
790 702 824 763 in
846 721 932 783 pago
948 699 1139 782 Harthagao
1162 703 1196 764 in
1219 703 1376 772 comitia*
1397 699 1584 764 Thiadmari
1601 723 1674 764 eum
1692 701 1840 764 omnibus
1858 722 1947 784 quae
1965 700 2099 761 sancti-

424 801 582 865 moniales
604 802 726 867 ibidem
749 814 846 868 antea
868 806 902 868 in
918 825 1012 868 suum
1026 802 1209 868 habuerunt
1225 805 1390 868 servitium
1404 802 1591 889 praedictae
1607 806 1865 886 congregrationi
1878 814 1892 840 ²
1915 806 1953 866 in
1971 800 2099 882 Quidi-

422 903 596 989 lingoburg
623 907 657 970 in
685 909 916 991 proprietatem
945 905 1180 971 condonamus.
1225 908 1269 971 Et
1297 919 1419 972 curtem
1451 903 1542 972 Salta
1571 909 1666 971 sitam
1699 909 1731 970 in
1765 901 1850 992 pago
1880 907 2022 990 Lainga
2061 907 2099 969 in

422 1011 579 1074 comitatu
597 1009 752 1094 Liudgeri
776 1032 850 1074 eum
872 1012 1031 1074 universis
1055 1010 1097 1073 ad
1120 1010 1257 1074 eandem
1280 1021 1403 1074 curtem
1425 1013 1494 1075 iure
1516 1010 1760 1094 pertinentibus,
1783 1010 1845 1075 hoc
1870 1021 1922 1074 est
1947 1008 2097 1074 familiis
2117 1023 2134 1069 5

423 1134 462 1176 ac
480 1115 652 1197 mancipiis
676 1112 820 1206 curtibus
843 1123 876 1176 et
898 1112 1066 1178 curtilibus
1090 1111 1246 1177 aedificiis
1270 1117 1363 1177 terris
1386 1113 1481 1178 cultis
1505 1124 1537 1176 et
1559 1112 1688 1176 incultis
1712 1115 1797 1196 agris
1821 1115 1927 1198 pratis
1954 1114 2096 1196 campis

422 1219 553 1301 pascuis
583 1216 673 1281 silvis
702 1219 795 1301 aquis
824 1239 1023 1304 aquarumve
1053 1216 1243 1282 decursibus
1272 1217 1402 1282 molinis
1424 1220 1484 1282 viis
1507 1229 1539 1281 et
1566 1220 1662 1284 inviis
1685 1217 1827 1282 exitibus
1851 1239 1891 1280 ac
1915 1215 2096 1280 reditibus

422 1323 576 1405 quaesitis
600 1332 632 1385 et
654 1320 853 1405 inquirendis
876 1320 1050 1385 mobilibus
1074 1331 1106 1384 et
1128 1320 1358 1403 immobilibus,
1388 1331 1420 1384 et
1442 1320 1598 1406 quicquid
1619 1319 1806 1384 hereditatis
1829 1319 1948 1382 Adred
1979 1331 2098 1383 mater

420 1423 583 1488 Bardonis
612 1423 742 1489 domino
773 1434 805 1488 ct
832 1425 970 1508 genitori
1000 1433 1111 1488 nostro
1141 1423 1257 1488 beatae
1288 1427 1463 1488 memoriae
1486 1424 1641 1486 Heinrico
1672 1425 1876 1488 serenissimo
1907 1425 1984 1506 regi
2009 1445 2096 1487 cum

422 1525 569 1609 praefato
593 1525 667 1590 loeo
692 1524 784 1590 Salta
812 1528 846 1590 in
875 1526 1133 1612 proprietatemb
1161 1527 1375 1610 condonavit,
1411 1551 1452 1592 ex
1481 1530 1607 1611 integro
1637 1537 1740 1592 totum
1767 1527 1813 1592 illi
1843 1530 1877 1591 in
1906 1529 2096 1612 proprium
2118 1545 2151 1590 ro

424 1631 656 1694 concessimus.
701 1629 745 1692 Et
767 1630 794 1692 si
817 1628 935 1713 aliquis
958 1632 1177 1713 generationis
1200 1642 1332 1695 nostrae
1355 1633 1389 1694 in
1411 1631 1552 1694 Francia
1575 1653 1614 1694 ac
1638 1629 1784 1694 Saxonia
1811 1629 1961 1714 regalem
1993 1640 2095 1714 pote-

422 1735 541 1797 stativa
563 1754 662 1797 manu
685 1731 853 1818 possideat
876 1732 994 1814 sedem,
1019 1735 1052 1796 in
1074 1732 1162 1798 illius
1185 1745 1346 1820 potestate
1370 1737 1457 1798 sint⁰
1485 1756 1523 1798 ac
1554 1734 1741 1798 defensione
1768 1745 2094 1819 praenuncupatum

420 1837 653 1900 monasterium
675 1845 708 1898 et
730 1833 1018 1899 sanctimonialesd
1047 1836 1126 1900 inibi
1150 1839 1184 1900 in
1208 1836 1258 1901 dei
1282 1840 1412 1902 servitio
1442 1847 1655 1920 congregate3
1689 1839 1716 1900 si
1739 1847 1847 1900 autem
1870 1835 1959 1899 alter
1982 1859 2002 1899 e
2028 1859 2094 1921 po-

421 1938 499 2024 pulo
524 1938 661 2023 eligatur
683 1961 752 2020 rex,
775 1941 845 2023 ipsc
868 1939 901 2002 in
923 1940 970 2002 eis
994 1961 1086 2003 suam
1108 1939 1251 2023 regalem
1274 1950 1382 2005 teneat
1404 1949 1621 2025 potestatem⁰
1644 1942 1727 2004 sieut
1747 1941 1780 2003 in
1799 1941 1916 2002 ceteris
1935 1941 2093 2002 catervis

420 2043 455 2105 in
478 2039 669 2125 obsequium
692 2050 826 2104 sanctae
849 2042 1000 2104 trinitatis
1024 2041 1119 2105 simili
1150 2042 1248 2106 modo
1280 2046 1501 2127 congregatis,
1536 2053 1667 2106 nostrae
1695 2064 1834 2126 namque
1865 2044 2093 2124 cognationis
2108 2059 2148 2104 -15

422 2146 476 2229 qui
505 2145 750 2228 potentissimus
779 2145 836 2226 sit,
870 2141 1048 2208 advocatus
1077 2143 1237 2209 habeatur
1259 2155 1291 2208 et
1313 2144 1377 2208 loci
1401 2144 1558 2230 praedicti
1581 2155 1614 2209 et
1635 2144 1780 2209 eiusdem
1802 2155 1972 2208 catervae.
2020 2145 2104 2230 His

420 2249 467 2310 ita
489 2249 645 2332 peractis,
679 2257 715 2311 ut
736 2245 872 2310 liberam
893 2248 977 2310 inter
1000 2269 1034 2310 se
1057 2246 1196 2331 eligendi
1221 2247 1421 2312 abbatissam
1443 2248 1577 2313 ulterius
1603 2247 1723 2312 habeat
1750 2257 1967 2333 potestatem,
2004 2269 2091 2311 con·

420 2352 587 2433 cessimus,
610 2373 650 2414 ea
672 2349 823 2414 videlicet
844 2352 970 2413 ratione
993 2360 1029 2414 ut
1049 2349 1129 2415 nulli
1151 2351 1317 2416 hominum
1340 2374 1494 2435 umquam
1515 2349 1601 2416 uisif
1621 2362 1745 2416 tantum
1767 2349 1862 2415 nobis
1885 2353 2091 2434 nostrisque

420 2452 664 2518 successoribus
688 2451 888 2537 obtemperet
911 2463 968 2516 aut
990 2452 1148 2536 quilibet⁰
1175 2475 1287 2537 regum
1316 2464 1372 2518 aut
1398 2455 1627 2538 episcoporum
1655 2475 1813 2539 personae
1844 2453 1988 2538 aliquod
2016 2477 2090 2517 ser-

419 2557 533 2622 vitium
556 2556 598 2621 ab
629 2579 668 2620 ea
694 2555 908 2642 impendatur.
953 2556 1111 2620 Iussimus
1141 2578 1271 2641 quoque
1297 2555 1361 2620 boe
1388 2566 1600 2642 praeceptum
1628 2565 1759 2640 nostrae
1785 2555 1973 2638 largitionis
2003 2555 2089 2619 inde
2110 2561 2144 2606 20

419 2658 580 2724 conscribi
604 2659 738 2723 firmiter
761 2661 985 2743 precipientes
1009 2668 1168 2742 quatenus
1191 2657 1305 2722 eadem
1328 2669 1459 2722 caterva
1482 2658 1522 2722 de
1538 2658 1726 2744 praelibatis
1741 2658 1838 2722 rebus
1854 2658 1897 2723 ab
1912 2658 2089 2723 hodierna

419 2761 471 2827 die
500 2784 539 2826 ac
568 2761 721 2847 deinceps
749 2761 806 2825 tali
834 2762 961 2826 fruatur
988 2771 1166 2846 potestate,
1201 2763 1285 2825 sicut
1313 2771 1344 2825 et
1372 2771 1499 2826 ceterae
1529 2760 1791 2826 sanctimoniales
1818 2761 1964 2824 feminae
1993 2785 2087 2846 quae

418 2865 515 2930 simili
537 2865 634 2930 modo
659 2888 679 2929 a
701 2864 833 2948 regibus
857 2887 914 2929 seu
936 2866 1052 2928 ceteris
1075 2862 1225 2926 fidelibus
1249 2862 1293 2927 ad
1315 2862 1365 2927 dei
1394 2865 1559 2928 servitium
1588 2874 1793 2929 constructae
1823 2862 1988 2927 videntur.
2037 2864 2107 2932 Et,

416 2977 453 3032 ut
474 2967 555 3032 haec
578 2978 709 3034 nostrae
732 2967 954 3030 concessionis
977 2969 1154 3031 auctoritas
1179 2989 1199 3029 a
1222 2966 1371 3032 fidelibus
1399 2971 1519 3032 nostris
1548 2971 1655 3034 verius
1680 2967 1831 3032 credatur
1854 2989 1894 3030 ac
1917 2989 1981 3052 per
2005 2989 2085 3032 suc-

416 3071 600 3136 cedentium
623 3082 805 3154 temporum
827 3068 988 3134 curricula
1011 3067 1195 3153 diligentius
1220 3070 1423 3154 observetur,
1447 3095 1546 3136 manu
1568 3075 1701 3157 propria
1722 3082 1835 3136 nostra
1858 3070 1978 3135 subtus
2003 3094 2084 3135 eam
2105 3088 2139 3135 25

414 3175 614 3240 firmavimus
637 3174 791 3259 anulique
813 3175 915 3237 nostri
938 3174 1151 3257 impressione
1174 3173 1310 3258 sigillari
1334 3177 1497 3240 iussimus.

517 3310 531 3390 l
554 3310 690 3394 Signum
713 3309 823 3374 domni
847 3308 977 3374 Ottonis
1000 3311 1064 3390 (M.)
1090 3313 1284 3375 serenissimi
1307 3314 1403 3396 regis.
1426 3310 1440 3392 ξ

519 3410 698 3496 ξΑᾶθΙιας
719 3412 932 3477 cancellarius
956 3413 1104 3479 advicem
1125 3414 1292 3479 Hiltiberti
1316 3415 1568 3501 archicapellani
1591 3419 1766 3502 recognovi
1789 3414 1858 3494 etl
1895 3416 1968 3495 (SR.
2000 3419 2084 3496 ΚΝ.)

1947 3520 2010 3598 (SI.
2038 3523 2084 3600 1.)

517 3627 607 3691 Data
628 3626 672 3691 id.
692 3628 883 3712 septembris
906 3651 991 3693 anno
1015 3629 1197 3694 dominicae
1212 3633 1446 3695 incarnationis
1462 3647 1698 3695 Dccccxxxvn
1710 3640 1733 3713 ⁸,
1756 3629 1938 3694 indictione
1955 3649 2041 3694 vml
2053 3641 2080 3715 ⁸,
2100 3649 2136 3694 30

415 3751 504 3794 anno
538 3752 616 3795 vero
650 3730 760 3795 domni
796 3730 949 3796 Orrouls
982 3734 1184 3797 invictissimi
1214 3736 1299 3817 regis
1330 3742 1385 3816 1⁸3
1420 3743 1530 3799 actum
1559 3737 1593 3798 in
1623 3731 1920 3817 Qnidilingoburg3
1956 3734 1994 3797 in
2025 3733 2081 3796 dei

414 3835 548 3897 nomine
571 3832 707 3898 feliciter
729 3856 834 3900 amen.

1223 3992 1259 4067 2.

422 4131 503 4208 Otto
522 4134 683 4232 bestdtipt
700 4134 779 4207 dem
794 4133 936 4207 Kloster
950 4135 1074 4209 Fuldo
1092 4137 1150 4208 die
1165 4137 1387 4230 Immuaito't,
1412 4137 1482 4210 dere
1498 4138 1723 4237 Zeltatbezup
1739 4163 1811 4210 cort
1826 4138 1899 4210 dea
1922 4141 2082 4238 eiperterr

423 4251 563 4328 &mm
585 4254 666 4327 und
686 4255 752 4327 ἀίω
774 4254 981 4327 Wahll'ecm·
1526 4297 1710 4371 Mapdebury
1733 4299 1796 4358 936
1822 4297 1952 4357 Olotober
1976 4305 2033 4360 14.
2102 4319 2139 4366 35

520 4443 768 4518 Oripirtoldrplom
789 4448 832 4504 tm
854 4447 881 4504 k.
906 4446 1109 4506 Stootsorchiv
1129 4467 1170 4507 aa
1192 4450 1340 4523 Morbury
1361 4448 1424 4528 (A).

515 4581 639 4640 Brower
659 4580 731 4640 Aut.
756 4582 847 4642 Fuld.
870 4587 934 4642 284
957 4584 1028 4655 aeq.
1052 4619 1094 4627 —
1118 4586 1267 4645 schamat
1290 4588 1369 4646 Huc.
1393 4588 1483 4646 Fata
1500 4592 1531 4659 2,
1555 4593 1618 4649 143
1638 4595 1672 4646 πθ
1686 4592 1728 4651 29
1745 4607 1801 4647 aas
1817 4588 1855 4647 A.
1879 4624 1924 4633 -
1947 4591 2083 4653 monte

516 4683 578 4744 01).
602 4686 694 4744 Feta.
718 4689 782 4746 316
803 4693 838 4744 πθ
861 4691 925 4747 682
946 4705 1002 4746 aaa
1025 4688 1063 4747 A.
1090 4722 1127 4731 -
1152 4689 1281 4748 Bdlrmar
1302 4691 1374 4763 Ray.
1399 4695 1449 4749 71.
1475 4723 1512 4732 —
1537 4691 1666 4764 Stamps
1684 4692 1754 4764 Ray.
1779 4694 1829 4751 57.

521 4820 612 4880 Ueber
633 4822 691 4880 deu
713 4822 866 4884 Schreiber
886 4843 910 4884 s.
934 4826 1002 4886 DO.
1027 4833 1056 4886 1.
1103 4827 1150 4886 Er
1175 4828 1241 4896 hot,
1277 4830 1331 4885 wie
1357 4829 1452 4900 eiuiqe
1477 4830 1651 4901 prophaete
1677 4828 1928 4888 Besoaderlreitea
1957 4836 2082 4906 serpen,

514 4925 707 4985 ommittelbor
728 4929 804 4986 auct
825 4928 896 4986 ΒΗ.
921 4935 939 4989 1
961 4932 1146 5003 pertristes
1168 4931 1232 4990 aad
1254 4932 1304 4990 hat
1326 4933 1397 5002 sich,
1419 4931 1506 4990 solbat
1528 4949 1571 4990 wo
1593 4934 1627 4990 ior
1649 4932 1701 4990 der
1722 4931 1898 5005 marauna
1923 4937 1993 4994 cirre
2013 4935 2082 4998 Ab·
2101 4954 2140 5001 40

514 5027 669 5101 eademne
690 5031 875 5104 uothweadr'y
897 5050 967 5102 reor,
992 5035 1065 5091 noch
1087 5033 1236 5106 uastata
1258 5032 1382 5111 (quando
1396 5067 1439 5076 -
1455 5033 1598 5111 venimus)
1622 5053 1662 5092 au
1679 5037 1759 5094 scine
1775 5035 1898 5108 Verlope
1918 5039 2080 5109 peterten.

513 5212 572 5291 (C.)
596 5214 610 5295 ξ
631 5213 671 5277 In
692 5216 822 5278 nomine
846 5226 979 5280 sanetae
1002 5227 1034 5280 et
1055 5216 1242 5282 individuae
1264 5219 1428 5282 trinitatis.
1473 5217 1551 5283 Otto
1576 5218 1687 5284 divina
1709 5220 1863 5284 faaente²
1891 5205 2082 5293 clementia

411 5335 480 5377 rex.
567 5311 678 5380 Constat
699 5347 748 5382 nos
771 5333 863 5383 divina
885 5335 1055 5400 dispensante
1076 5338 1163 5402 gratia
1185 5339 1297 5388 caeteris
1321 5339 1515 5402 supereminere
1537 5337 1702 5400 mortalibus,
1726 5337 1796 5388 unde
1815 5343 1924 5402 oportet
1942 5347 1976 5391 ut
1994 5347 2083 5396 cuius

515 5497 536 5552 l.
566 5499 673 5568 [Sickel]
777 5503 846 5567 a)A
950 5507 977 5568 b)
997 5509 1089 5572 σοιτίς.
1108 5523 1157 5558 aar
1173 5511 1269 5576 proppi
1362 5510 1386 5570 c)
1406 5511 1415 5558 i
1432 5508 1619 5574 naclqaraym
1716 5511 1742 5572 d)
1761 5509 1830 5560 noct
1849 5512 1889 5562 les
1907 5515 1944 5564 tet
1965 5534 1996 5567 se
2015 5536 2082 5570 αω-

564 5571 650 5621 Νάίνι
755 5575 779 5636 ο)
798 5590 824 5622 m
842 5573 896 5635 auf
907 5573 996 5625 anm·
1099 5578 1119 5638 l)
1138 5579 1181 5626 nis
1198 5577 1252 5640 osef
1262 5578 1350 5630 Rom
1451 5581 1478 5644 g)
1498 5590 1551 5642 vn,
1570 5591 1647 5642 vnn,
1666 5591 1678 5628 1
1695 5579 1895 5645 mchymysu.
2101 5591 2140 5640 45

512 5661 538 5716 2.
566 5661 661 5734 [Folte]
765 5669 793 5728 a)
811 5666 843 5716 A.
