4560 6436
379 371 380 374 Ὺ
424 407 488 474 580
1022 409 1471 494 nnrsnsunrunnnn.

425 595 618 670 molendinis
646 591 822 664 mobilibus
850 604 883 660 et
910 591 1131 659 immobilibus
1161 592 1296 678 quesitis
1324 599 1357 656 et
1384 589 1586 677 inquirendis
1609 599 1738 656 etcum
1762 587 1917 654 omnibus
1944 588 2029 652 iure
2055 584 2105 650 ad

425 699 485 764 hec
513 696 763 783 pertinentibus,
795 719 834 762 eo
858 708 969 761 tenore
991 704 1027 761 ut
1050 698 1119 761 sine
1140 693 1237 760 ullius
1260 693 1519 758 contradictione
1548 691 1654 757 eidem
1676 693 1875 758 monasterio
1905 692 1942 756 in
1970 712 2103 778 perpe-

425 813 516 868 tuum
538 799 724 886 ibidemque
748 798 809 864 deo
833 808 867 864 et
890 801 1010 864 sanctis
1034 801 1099 863 iam
1123 797 1220 864 dictis
1243 795 1458 868 servientibus
1482 794 1678 860 deserviant.
1712 795 1850 880 Insuper
1871 795 1989 858 eciam
2014 815 2103 858 con-

424 907 580 970 cessimus
602 913 639 967 ut
660 902 748 968 idem
770 903 888 968 fratres
911 901 1080 968 arbitrium
1102 901 1247 966 habeant
1270 901 1469 967 advocatum
1492 920 1728 986 quemcumque
1744 897 1910 962 voluerint
1925 896 2101 982 eligendi,

425 1010 478 1093 qui
506 1005 651 1072 bannum
680 1004 720 1070 de
749 1005 837 1070 villis
865 1003 1084 1092 crispiniano,
1108 1005 1337 1084 Keniriniaco,
1361 1004 1625 1082 Hausinimiaco,
1648 1003 1908 1086 Keuiriciniaco,
1933 1001 2138 1070 Vilarse·5

424 1113 519 1175 niaco
543 1109 587 1174 ad
609 1109 695 1174 idem
718 1110 953 1175 monasterium
975 1106 1211 1195 pertinentibus
1234 1110 1356 1192 integre
1380 1105 1577 1193 conquiratb
1599 1127 1639 1170 ac
1660 1103 1781 1170 nullius
1804 1127 1947 1190 persone
1968 1113 2099 1190 poten-

422 1216 468 1280 tia
490 1217 659 1279 resistente
682 1217 714 1278 in
739 1214 916 1278 eorundem
938 1214 1075 1280 fratrum
1099 1234 1304 1278 communem
1327 1235 1422 1276 usum
1445 1219 1571 1275 vertere
1593 1209 1700 1274 liceat.
1735 1209 1780 1274 Et
1794 1218 1830 1274 ut
1844 1208 1910 1273 hoc
1927 1217 2099 1274 nostrum

422 1327 636 1403 preceptum⁰
657 1318 781 1383 firmius
808 1327 1010 1403 perseveret,
1045 1316 1130 1382 hanc
1154 1325 1279 1382 cartam
1302 1314 1437 1380 inscribi
1459 1336 1624 1400 manuque
1645 1313 1779 1400 propria
1802 1312 1918 1378 subtus
1942 1311 2096 1378 robora-

423 1433 489 1488 tam
512 1421 633 1486 annulo
656 1431 768 1487 nostro
791 1423 944 1487 iussimus
969 1419 1114 1506 sigillari.

524 1577 614 1642 Data
636 1594 673 1641 11.
697 1575 770 1641 idus
792 1575 874 1640 febr.
898 1597 984 1640 anno
1008 1575 1242 1640 incarnationis
1265 1572 1704 1654 dominicencccccxx1111‚
1727 1571 1907 1637 indictione
1930 1588 1960 1653 1,
1992 1593 2090 1636 anno
2114 1591 2149 1638 ιο

423 1681 534 1746 domni
559 1679 691 1746 Ottonis
714 1697 841 1763 xxxm,
865 1681 992 1765 imperii
1015 1687 1125 1744 autem
1147 1695 1230 1760 x1113
1254 1687 1364 1743 actum
1386 1676 1492 1742 Trele.

1204 1933 1291 2008 lev.

432 2090 512 2167 Otto
546 2094 675 2164 almer
708 2092 774 2165 dea
809 2091 955 2164 Kloster
988 2090 1214 2164 Ecbterreocle
1251 2088 1477 2188 pelepeotliclt
1512 2088 1577 2162 der
1609 2087 1979 2188 Wiedereiafr’tbrunp
2015 2089 2087 2162 der

423 2212 667 2309 Moncbsrepel
692 2213 733 2284 io
759 2212 881 2284 seioeo
908 2207 1036 2287 Smne
1062 2213 1140 2284 und
1165 2209 1312 2283 verleebt
1337 2209 1408 2282 clera
1434 2209 1613 2283 Memnon
1640 2209 1706 2282 dus
1734 2209 1942 2284 Wattrectt.

1568 2332 1754 2406 manure
1777 2336 1841 2393 ara
1863 2332 1957 2391 mara
1978 2335 2035 2394 15.
2104 2343 2137 2390 rs

529 2525 778 2599 Onbinaldiplom
801 2524 909 2583 iader
932 2523 1175 2584 Stadtbibliothcla
1196 2543 1236 2584 ae
1261 2523 1346 2582 llier
1369 2521 1433 2601 (A).

527 2680 649 2739 Browcr
662 2681 733 2738 Ant.
753 2681 863 2739 Treoir.
889 2679 931 2737 ed.
952 2689 977 2752 1,
1002 2681 1066 2739 587
1086 2680 1157 2753 Rey.
1183 2703 1222 2732 =
1247 2679 1290 2737 cd.
1311 2686 1352 2749 II,
1379 2683 1407 2749 1,
1431 2681 1503 2739 478.
1526 2711 1569 2721 -
1591 2678 1728 2736 Mirarer
1743 2677 1813 2738 Not.
1830 2677 1894 2736 eccl.
1910 2677 1993 2752 Belo.
2013 2681 2079 2739 120

525 2784 744 2856 wamttstondiy
767 2800 824 2842 eus
846 2783 874 2839 A
902 2801 942 2842 eu
966 2788 1026 2844 971
1053 2807 1091 2834 =
1116 2783 1420 2856 Miraeus-Fopperts
1447 2781 1501 2856 Op.
1526 2787 1555 2852 1,
1580 2785 1653 2842 655.
1682 2815 1727 2825 -
1754 2782 1902 2840 Bettholet
1929 2781 2010 2842 fflst.
2042 2782 2078 2840 de

527 2885 738 2959 Lueemboury
760 2881 803 2956 3⁶,
828 2890 847 2945 9
871 2902 926 2944 aes
949 2884 1104 2956 Abscbre'ft
1126 2905 1166 2944 eu
1189 2890 1251 2947 974
1276 2907 1315 2938 =
1340 2885 1499 2943 Hontteim
1520 2885 1601 2944 Hist.
1621 2885 1733 2944 Treoir.
1757 2889 1787 2955 1,
1811 2887 1875 2944 308
1895 2889 1930 2941 n⁰
1945 2887 2011 2943 186
2034 2903 2076 2942 ru

528 2995 589 3051 971
615 3014 654 3042 =
674 2989 776 3050 Gallia
798 2990 898 3049 christ.
920 2983 985 3060 13⁶,
1008 2991 1072 3050 325
1094 2996 1128 3047 e⁰
1151 2993 1201 3048 44.
1232 3021 1273 3032 —
1304 2989 1401 3062 Beyer
1422 2987 1618 3047 Mittelrlrer'e.
1641 2987 1704 3047 UB.
1729 2992 1758 3059 1,
1781 2991 1849 3048 292
1869 2993 1903 3045 rr⁰
1922 2989 1987 3047 236
2016 3005 2074 3047 aus
2093 3001 2128 3048 20

528 3091 567 3152 A.
591 3125 634 3134 -
655 3092 785 3151 Botmer
805 3093 875 3165 Rcy.
899 3096 972 3152 399.
996 3127 1039 3134 -
1062 3091 1192 3166 Stempf
1208 3093 1283 3166 Req.
1308 3095 1380 3151 524.
1404 3123 1447 3136 ·-
1470 3091 1532 3164 Vol.
1558 3091 1639 3152 Gora
1661 3091 1856 3152 meretrecis.
1881 3093 1952 3165 Ray.
1976 3095 2072 3153 1032.

527 3246 710 3307 Aueserhclb
734 3247 785 3306 der
806 3248 943 3319 Karatai,
968 3247 1208 3306 roahrschee'nlich
1229 3266 1285 3307 roe
1307 3250 1400 3307 cirtem
1422 3249 1639 3310 marmeno
1661 3249 1771 3308 Monet
1792 3247 1919 3318 sersusst
1941 3249 2006 3307 aad
2030 3251 2074 3308 bis

526 3369 597 3410 rem
620 3351 739 3412 Scleluss
763 3351 814 3410 des
838 3351 990 3411 Caelestes
1010 3353 1205 3425 aeschriebea,
1234 3351 1355 3423 moraes
1372 3352 1445 3412 WA.
1471 3352 1524 3412 das
1547 3352 1733 3412 Eschatokoll
1754 3351 1940 3426 tineuse'tpte.
1981 3352 2075 3412 Ueber

527 3456 575 3514 die
586 3456 740 3530 Dotireny
756 3457 852 3516 dieser
866 3456 930 3514 und
945 3456 998 3514 der
1012 3454 1272 3530 adclotfolyendea
1287 3456 1428 3516 Urteade
1442 3473 1465 3516 s.
1480 3455 1575 3518 Stckct
1587 3456 1680 3515 Beitr.
1696 3475 1755 3514 rer
1765 3455 1850 3529 Dipl.
1863 3458 1893 3526 8,
1911 3458 1983 3516 176.
2000 3458 2074 3516 181.

527 3677 601 3762 {In
623 3679 754 3742 nomine
777 3688 911 3742 sanctae
933 3686 966 3742 et
988 3676 1175 3744 individuae
1196 3679 1360 3744 trinitatis.
1407 3675 1485 3743 Otto
1515 3677 1627 3744 divina
1654 3678 1786 3742 favente
1815 3677 1989 3743 clementia
2016 3679 2074 3744 im·
2093 3697 2126 3746 ee

425 3791 556 3866 perator
585 3791 753 3864 augustus.
854 3782 994 3866 Imperio
1025 3791 1138 3845 nostro
1169 3803 1250 3866 pace
1280 3782 1498 3869 amplificato,
1530 3791 1658 3867 gratum
1686 3781 1747 3846 deo
1769 3780 1784 3865 ξ
1806 3805 1922 3848 munus
1949 3804 2078 3848 recom-

425 3905 562 3969 pensare
590 3905 651 3947 nos
682 3883 862 3964 credimus,
898 3885 924 3946 si
953 3883 1076 3948 cultum
1105 3885 1174 3946 eius
1204 3893 1236 3948 et
1265 3885 1433 3950 servitium
1462 3883 1624 3970 plerisque
1651 3886 1685 3949 in
1713 3884 1796 3950 locis
1825 3885 2008 3970 collapsum
2032 3885 2078 3951 ad

426 3987 600 4073 pristinum
623 3986 789 4070 religionis
811 4008 970 4051 renovare
994 3985 1183 4051 studeamus
1207 3997 1337 4052 statum.
1372 3987 1469 4053 Unde
1493 3986 1676 4052 audivimus
1700 3989 1932 4052 monasterium
1948 4009 2022 4053 esse
2042 3991 2079 4053 in

425 4110 525 4174 regno
541 4098 654 4154 nostro
669 4093 703 4153 in
722 4112 785 4175 quo
804 4089 921 4156 beatus
937 4089 1155 4156 Uuilbrordus
1180 4092 1446 4178 archiepiscopus
1469 4094 1653 4178 requiescit,
1678 4092 1766 4178 quod
1788 4094 1859 4177 ipse
1882 4115 1902 4156 a
1925 4094 2077 4179 piissimo

425 4215 501 4278 rege
523 4193 662 4278 Pippino
693 4193 777 4258 datis
806 4192 928 4278 prediis
951 4204 1181 4260 construxerat
1203 4206 1236 4260 et
1258 4197 1347 4281 quod
1375 4199 1446 4280 ipse
1474 4197 1626 4281 princeps
1654 4205 1687 4260 et
1715 4197 1784 4260 cius
1814 4195 1900 4261 filius
1928 4196 2077 4264 Karolus
2097 4215 2130 4264 oo

426 4299 580 4382 scriptis⁸
602 4297 780 4382 privilegiis
805 4298 864 4362 sub
889 4308 1051 4384 potestate
1075 4298 1318 4364 succedentium
1340 4323 1453 4384 regum
1475 4322 1606 4365 manere
1628 4301 1855 4383 firmaverant3
1879 4301 1941 4366 hoc
1963 4303 2079 4388 itaque

426 4403 587 4487 pravitate
610 4401 780 4466 cuiusdam
803 4400 1019 4467 Karlornanni
1043 4405 1204 4468 invasoris
1229 4405 1276 4468 sic
1298 4403 1406 4468 fuerat
1429 4404 1645 4487 destructum,
1675 4414 1711 4469 ut
1740 4403 1892 4469 monachi
1918 4404 1995 4470 inde
2019 4428 2078 4470 ex·

425 4506 509 4591 pulsi
526 4515 558 4570 et
572 4507 723 4570 canonici
740 4507 804 4570 sint
819 4506 1005 4570 intromissi.
1036 4505 1205 4570 Hortatub
1229 4529 1305 4591 ergo
1329 4507 1507 4572 venerandi
1532 4510 1661 4573 comitis
1678 4507 1824 4592 Sigifridi
1846 4509 1951 4574 fidelis
1971 4514 2077 4576 nostri

425 4611 459 4673 in
482 4608 597 4673 eodem
620 4609 818 4673 monasterio
843 4608 1033 4694 monachice
1057 4613 1144 4675 vitae
1167 4610 1356 4695 religionem
1379 4613 1536 4676 innovare
1566 4609 1785 4693 decrevimus,
1814 4612 2022 4698 preficientes
2046 4617 2080 4679 ei

424 4711 643 4777 venerabilem
666 4713 771 4776 virum
792 4713 1021 4797 Rauengerum
1045 4713 1199 4778 abbatem
1228 4715 1283 4800 qui
1311 4713 1481 4778 monachis
1504 4715 1536 4778 in
1560 4713 1701 4799 regulari
1724 4717 1894 4800 proposito
1918 4717 2021 4802 presit
2043 4727 2078 4782 et
2097 4740 2131 4790 os

425 4816 538 4900 prosit.
576 4814 773 4880 Addidimus
802 4817 901 4881 etiam
934 4827 1066 4881 nostrae
1093 4819 1298 4884 auctoritatis
1329 4818 1534 4904 privilegium
1563 4840 1620 4903 per
1649 4817 1738 4904 quod
1765 4818 1901 4883 firmiter
1929 4818 2077 4885 decerni·

425 4940 514 5001 mus,
542 4929 579 4983 ut
606 4921 677 5004 ipse
704 4919 813 5002 locus,
843 4923 927 4985 sicut
957 4921 1016 4985 sub
1046 4931 1289 4986 antecessorum
1314 4929 1499 4987 nostrorum
1523 4931 1687 4986 manserat
1698 4929 1718 5006 ⁰,
1753 4923 1800 4988 ita
1823 4921 1882 4988 sub
1905 4931 2021 4987 nostra
2044 4933 2079 4989 et

426 5045 652 5089 successorum
673 5033 860 5090 nostrorum
884 5037 1067 5110 perseveret
1091 5026 1279 5092 defensione
1302 5026 1474 5113 nullusque
1497 5027 1526 5091 ei
1549 5023 1693 5108 aliquam
1715 5024 1905 5090 violentiam
1920 5025 1974 5090 vel
1999 5027 2078 5093 sub-

424 5129 605 5212 reptionem
628 5131 874 5212 possessionum
897 5128 938 5193 ad
962 5131 1197 5196 monachorum
1221 5131 1382 5217 stipendia
1406 5128 1636 5216 pertinentium
1658 5129 1776 5194 inferre
1800 5140 1977 5215 presumat.
2008 5131 2075 5196 De-

425 5228 530 5294 dimus
559 5231 694 5314 insuper
722 5230 914 5296 electionem
941 5231 1097 5298 fratribus
1126 5232 1266 5318 eligendi
1296 5233 1451 5299 abbatem
1474 5254 1711 5320 quamcumque
1734 5232 1884 5318 religiose
1906 5235 1973 5319 vite
1997 5257 2075 5300 con·
2095 5256 2133 5306 ao

423 5352 539 5414 gruum
555 5332 616 5398 sibi
635 5333 779 5397 invenire
795 5332 966 5400 valuerint.
1000 5336 1044 5400 Et
1065 5347 1102 5400 ut
1123 5337 1204 5402 haec
1227 5346 1359 5402 nostrae
1382 5335 1545 5423 largitatis
1568 5336 1739 5400 concessio
1762 5334 1941 5421 pleniorem
1963 5338 1997 5401 in
2022 5337 2077 5404 dei

509 5517 571 5573 421.
599 5522 626 5586 b)
644 5521 842 5587 conquirenti!
945 5523 1149 5588 0116111111.

510 5621 569 5675 427.
597 5621 767 5744 [misse.
796 5627 822 5688 a)
841 5628 936 5692 acrptis
964 5627 1028 5678 ohne
1047 5629 1315 5695 Athananqmtclren
1418 5633 1446 5697 b)
1465 5632 1500 5684 ho
1519 5631 1572 5694 asaf
1585 5630 1675 5684 Raso
1778 5634 1803 5694 c)
1821 5648 1868 5681 cor·
1884 5649 1897 5682 s
1916 5635 1958 5682 ein
1976 5636 2078 5684 aeetae

595 5709 687 5743 aean
724 5709 749 5742 ar
1439 5709 1441 5712 ·
