4530 6434
895 432 1020 490 ΟΤΤΟ
1042 434 1067 490 Ι.
1091 429 1163 488 967.
1790 423 1854 490 469

206 611 289 678 Cum
319 613 389 699 ipse
420 612 535 677 Petrus
566 610 647 676 abas
676 620 708 676 et
737 613 808 697 ipsc
831 610 1016 697 Atripertus
1045 611 1145 677 iudex
1174 615 1243 676 eius
1273 621 1305 676 et
1332 614 1435 698 ipsius
1462 614 1648 677 monesterii
1672 611 1854 678 advocatus

206 717 315 784 taliter
344 715 528 797 retulisent,
563 716 610 779 sic
639 714 702 798 ipsi
733 713 951 780 Uualcherius
979 722 1011 780 et
1039 717 1118 780 item
1139 714 1357 782 Uualcherius
1386 725 1480 801 pater
1502 724 1535 780 et
1555 715 1623 780 filio
1648 715 1802 780 dixerunt
1824 725 1855 781 el

206 822 345 906 professi
380 829 470 885 sunt:
506 817 601 884 ‘Vere
631 819 716 882 casis
746 825 778 882 et
805 817 903 883 rebus
927 817 991 882 illis
1015 818 1133 905 quibus
1157 829 1232 884 sunt
1253 818 1376 905 poxitis
1399 822 1432 884 in
1455 818 1546 886 locas
1569 829 1601 883 et
1622 820 1742 886 fundas
1764 842 1855 885 num-

207 934 348 1010 oupante
370 923 540 988 Montione
563 930 595 986 et
617 930 703 986 terra
718 920 937 986 Barbaritana
961 944 1018 986 seu
1040 931 1073 986 et
1095 923 1311 1003 Martinensc,
1345 921 1440 988 vobis
1463 944 1484 985 a
1510 931 1604 1008 parte
1633 925 1854 1008 suprascripto

172 1028 402 1093 amonenteric
426 1049 493 1091 nun
516 1025 776 1110 cuntradicimus
794 1047 856 1090 nec
879 1025 1104 1090 contradicere
1128 1028 1309 1112 querimus,
1340 1028 1416 1112 quia
1437 1048 1499 1090 nec
1521 1025 1648 1110 legibus
1671 1047 1855 1111 possumus,

205 1155 244 1197 eo
274 1129 362 1218 quod
393 1131 477 1215 parti
505 1132 609 1215 ipsius
637 1129 826 1194 monasterii
855 1128 982 1214 legibus
1011 1151 1084 1194 esse
1109 1129 1229 1194 debent
1251 1138 1283 1194 et
1305 1129 1401 1194 nobis
1424 1127 1506 1194 nihil
1528 1131 1669 1215 pertinet
1691 1129 1735 1194 ad
1757 1129 1855 1194 aben-

207 1234 285 1301 dam
306 1256 366 1299 nec
389 1233 619 1320 requirendum
640 1255 702 1298 nec
724 1234 885 1319 pertinere
908 1232 1006 1300 debet
1028 1255 1104 1298 cum
1125 1233 1217 1318 lege!
1260 1233 1294 1296 Is
1317 1235 1399 1298 actis
1416 1233 1688 1298 etmanifestacio
1705 1243 1857 1318 utsupra

206 1338 305 1421 facts,
329 1345 454 1403 rectum
478 1359 590 1402 eorum
613 1335 765 1402 omnibus
787 1357 901 1402 corum
925 1358 1024 1421 supra
1045 1336 1190 1402 iudicum
1214 1346 1246 1403 at
1269 1336 1473 1402 auditoribus
1496 1340 1605 1423 paruit
1627 1360 1698 1403 esse
1721 1347 1754 1404 et
1776 1337 1857 1403 iudi-

206 1450 379 1524 caverunt,
409 1449 445 1505 ut
472 1443 559 1505 iusta
589 1463 702 1506 corum
733 1439 974 1524 altercapcione
998 1447 1166 1504 eteorum
1187 1439 1376 1506 Uualcherii
1400 1442 1530 1506 etitem
1554 1440 1742 1507 Uualcherii
1765 1450 1859 1524 pater
1978 1431 1979 1434 ¹

156 1558 189 1606 10
207 1552 239 1610 et
266 1543 324 1610 lilii
357 1544 560 1629 professione
590 1552 623 1608 et
650 1543 920 1608 manifestacione
953 1544 1024 1628 ipse
1056 1543 1171 1607 Petrus
1202 1541 1284 1608 abas
1317 1554 1349 1608 et
1376 1542 1560 1629 Atripertus
1591 1546 1660 1609 eius
1690 1555 1722 1608 et
1754 1546 1858 1629 ipsius

207 1649 393 1714 monosterii
422 1647 603 1713 advocatus
632 1647 786 1733 predictis
816 1649 902 1711 casis
932 1655 965 1711 et
993 1645 1091 1712 rebus
1122 1647 1154 1710 in
1183 1646 1275 1712 locas
1305 1655 1337 1710 et
1365 1647 1484 1712 fundas
1513 1647 1683 1712 Montione
1713 1656 1745 1711 et
1772 1657 1858 1712 terra
1935 1641 1936 1644 ¹

207 1752 426 1817 Barbaritana
452 1760 485 1816 et
506 1751 705 1816 Martinense
733 1753 818 1837 parti
847 1752 950 1836 ipsius
979 1750 1164 1815 monasterii
1193 1749 1236 1815 ad
1265 1751 1498 1835 proprietatem
1527 1749 1625 1815 abere
1653 1761 1685 1814 et
1715 1751 1858 1816 detinere

208 1852 357 1937 deberet,
390 1863 422 1920 et
450 1855 521 1938 ipse
543 1851 760 1918 Uualcherius
784 1855 915 1918 etitem
936 1852 1154 1918 Uualcherius
1177 1862 1271 1938 pater
1293 1861 1326 1917 et
1347 1851 1413 1918 filio
1437 1863 1605 1918 manerent
1627 1854 1747 1919 exinde
1771 1855 1857 1920 omni

207 1968 354 2044 tempore
377 1959 468 2023 taciti
492 1966 524 2022 et
546 1959 708 2040 cuntenti3
743 1966 775 2023 et
796 1960 831 2022 in
853 1981 891 2024 eo
916 1958 1013 2025 modo
1036 1958 1130 2022 finita
1152 1967 1201 2022 est
1224 1979 1325 2024 causa
1348 1967 1380 2022 et
1401 1957 1487 2022 banc
1510 1959 1634 2023 noticia
1657 1981 1715 2044 pro
1740 1959 1857 2023 securi·
1954 2017 1956 2020 .

157 2070 275 2142 latete
305 2062 528 2147 suprascripto
558 2061 754 2126 monasterio
782 2060 853 2125 fieri
882 2063 1045 2126 iussimus.
1092 2061 1231 2142 Quidem
1261 2069 1294 2127 et
1322 2083 1383 2145 ego
1406 2061 1541 2127 Rufinus
1570 2063 1717 2126 noterius
1748 2060 1858 2126 domni

207 2165 414 2248 imperatoris
437 2187 480 2228 ex
502 2165 629 2230 iusione
652 2166 875 2249 suprascripto
900 2167 1011 2230 comiti
1034 2165 1154 2250 palacii
1184 2187 1241 2230 seu
1270 2163 1414 2230 iudicum
1443 2163 1704 2229 admonicionem
1733 2165 1859 2249 scripsi,
1895 2177 1896 2180 ’

208 2291 294 2334 anno
323 2269 451 2353 imperii
483 2267 594 2333 domni
623 2267 762 2332 Hottoni
791 2270 905 2352 gracia
933 2268 984 2332 dei
1014 2270 1190 2354 imperator
1218 2277 1375 2353 augustus
1405 2277 1438 2333 et
1466 2270 1543 2332 item
1566 2266 1668 2332 Hotto
1697 2265 1765 2331 filio
1789 2268 1858 2330 eius

208 2372 321 2455 gracia
345 2369 396 2434 dei
419 2392 478 2434 rex
501 2368 562 2435 deo
587 2371 735 2456 propicio
760 2381 862 2454 sesto,
887 2371 1080 2437 duodecimo
1105 2371 1155 2436 die
1179 2373 1300 2437 mensis
1322 2374 1418 2455 iunii,
1441 2371 1620 2438 indictione
1644 2371 1780 2437 decime.

187 2534 193 2547 ·
313 2508 356 2589 (i)
380 2506 536 2572 Otbertus
563 2530 674 2572 comes
703 2508 824 2593 palacii
854 2507 1041 2595 subscripsi.
1133 2509 1177 2591 (†)
1202 2508 1370 2574 Hubertus
1393 2511 1568 2595 episcopus
1591 2517 1623 2572 et
1644 2511 1762 2572 missus
1786 2507 1860 2572 sub·

158 2630 192 2677 60
212 2612 352 2696 scripsit.
441 2610 486 2692 (†)
504 2608 685 2676 Sichelmus
701 2614 876 2696 episcopus
889 2609 1028 2676 sanctef
1043 2611 1232 2677 Florentius
1254 2612 1435 2678 aecclesiae
1458 2607 1625 2696 interfu[i].
1715 2609 1759 2690 (†)
1776 2610 1859 2674 Eue·

210 2714 326 2780 rardus
349 2716 522 2799 episcopus
545 2715 677 2779 interfui
699 2723 731 2778 et
754 2715 944 2800 subscripsi.
1038 2714 1081 2796 (†)
1103 2715 1269 2780 Zenobius
1292 2717 1467 2801 episcopus
1495 2715 1640 2797 interlui,
1670 2713 1860 2798 subscripsi.

213 2817 257 2899 (†)
288 2817 401 2883 Hliuto
435 2819 609 2904 episcopus
643 2819 783 2884 interfui.
883 2817 928 2900 (†)
958 2817 1162 2904 Teutpaldus
1199 2818 1299 2884 iudex
1336 2817 1447 2884 domni
1481 2817 1685 2902 imperatoris
1718 2816 1860 2880 interfui.

211 2920 256 3001 (i)
278 2920 472 3006 Helmingus
494 2921 596 2988 iudex
615 2921 725 2988 domni
748 2923 980 3007 imperatoris⁸
1001 2923 1141 2987 interfui.
1232 2921 1277 3003 (†)
1302 2921 1497 2987 Lambertus
1515 2922 1661 2984 notarius
1677 2928 1709 2984 et
1725 2919 1859 2984 scabino

211 3025 353 3090 interfui.
442 3024 487 3108 (i)
508 3010 734 3111 Giseprandus
753 3024 853 3089 iudex
871 3024 982 3090 domni
999 3027 1232 3110 imperatorisss
1249 3026 1390 3091 interfui.
1478 3025 1614 3111 Signum
1629 3023 1695 3106 (ἢ)
1709 3023 1860 3088 manibus
1917 3097 1918 3110 χ

161 3143 195 3192 ab
214 3129 508 3214 suprascriptorum
528 3127 660 3194 Rodulfi
682 3139 715 3194 et
735 3129 823 3194 Petri
847 3127 1020 3194 comitibus
1049 3131 1104 3215 qui
1133 3129 1356 3194 interfuerunt.

993 3421 1080 3496 343.

221 3591 302 3667 Otto
320 3591 460 3667 sobenlct
477 3593 556 3666 dem
574 3593 802 3689 Ercpruester
824 3590 889 3666 der
911 3591 1051 3669 Cburer
1068 3595 1200 3669 Kircbe
1223 3594 1341 3669 Victor
1368 3595 1515 3670 erbloses
1542 3593 1616 3672 Gor
1641 3596 1690 3667 im
1717 3594 1861 3668 Vinscb-

210 3737 287 3811 9666
312 3713 603 3812 6661269αᾶ666
1431 3828 1433 3832 .
1472 3735 1818 3796 narraremus.

316 3936 542 3998 Olrartelarr'am
571 3957 712 4014 66696666
737 3959 793 3999 aas
824 3941 876 3998 cler
905 3941 995 4000 Mitte
1024 3941 1075 4000 des
1106 3943 1156 4001 15.
1181 3941 1234 4001 Jh.
1266 3941 1289 4012 s.
1315 3945 1357 4002 72
1386 3943 1428 4000 im
1458 3942 1660 4012 biscbdflicben
1690 3941 1798 3999 Arellio
1823 3959 1863 4000 aa

319 4041 402 4102 0166
424 4040 487 4121 (0).

318 4205 507 4264 Gulllimarm
529 4207 867 4280 Hababarpiocuecl.1‚
892 4209 954 4267 435
978 4209 1025 4266 cit.
1055 4241 1097 4250 -
1129 4208 1216 4281 Zops
1234 4209 1317 4267 Mon.
1342 4209 1441 4268 66666.
1466 4214 1496 4280 1,
1522 4211 1559 4269 61
1584 4217 1618 4266 n⁰
1639 4212 1681 4270 29
1714 4209 1865 4282 aapebltch

315 4325 371 4366 aas
400 4307 465 4365 dem
491 4307 605 4366 domolo
627 4310 670 4365 tm
692 4309 802 4367 Arabio
822 4307 963 4368 6601666
981 4310 1172 4381 6666666666
1190 4310 1327 4384 Oripr'raal
1352 4311 1422 4393 (Z).
1445 4347 1487 4355 -
1510 4313 1662 4386 Hormapr
1677 4312 1865 4373 semunciae

320 4412 424 4474 Werle
447 4406 489 4482 2⁶,
512 4413 554 4470 26
576 4417 610 4469 64
633 4417 653 4471 7
674 4429 730 4470 aas
755 4411 785 4471 0.
810 4446 852 4454 -
874 4413 965 4472 Mohr
989 4411 1051 4472 01).
1075 4414 1161 4472 Raet.
1185 4420 1215 4484 1,
1240 4417 1280 4474 69
1303 4421 1337 4472 n⁰
1360 4418 1401 4474 63
1428 4433 1485 4475 aas
1508 4414 1539 4478 0.
1569 4449 1611 4458 —
1640 4415 1770 4474 Bdbmer
1790 4415 1862 4488 Rep.

318 4519 390 4576 334.
414 4547 456 4558 -
480 4513 607 4588 Slarnpf
626 4516 699 4588 Rey.
723 4518 795 4575 427.
819 4549 861 4558 -
884 4516 1001 4574 Hidber
1021 4517 1094 4590 Rep.
1121 4519 1212 4577 1089.

320 4680 455 4753 Versosst
476 4697 532 4739 666
554 4682 594 4739 It.
613 4678 655 4749 0.,
679 4681 750 4738 aber
773 4679 1010 4738 walrrsober'rclr'elr
1031 4697 1087 4739 666
1109 4680 1249 4740 caderem
1273 4681 1474 4740 italieaisclrea
1488 4683 1585 4741 Notar
1603 4681 1865 4740 6621666666-

316 4787 411 4845 sehea.
436 4817 477 4827 -—
504 4783 551 4842 Ζ6
573 4786 651 4843 terra
676 4786 851 4842 mortuorum
873 4783 927 4856 apl.
944 4782 1045 4843 DDO.
1062 4786 1134 4855 341,
1160 4786 1223 4844 413
1246 4785 1310 4843 aad
1332 4786 1431 4846 Waltz
1451 4783 1531 4856 Verf.
1553 4785 1653 4844 Gesolr.
1678 4787 1708 4854 8,
1730 4787 1804 4844 247.
1824 4817 1865 4825 -
1991 4797 1992 4800 ’

323 4889 449 4949 Welcbes
472 4888 635 4960 Aereaiohr
652 4889 699 4972 ¹im
724 4885 861 4961 Oru'pr'rrol
879 4885 1042 4958 pertundere
1064 4887 1157 4945 66666
1180 4903 1258 4960 6666,
1295 4887 1367 4947 russo
1389 4889 1451 4948 sich
1472 4889 1552 4946 uiolet
1575 4890 1657 4947 mehr
1678 4888 1773 4946 sicher
1795 4885 1866 4958 fest-

318 4991 425 5051 stellen.
466 4991 527 5050 Von
550 4991 659 5050 diesen
680 4992 839 5064 acueretur
861 4991 968 5049 coe-iseo
989 4990 1037 5048 dic
1056 4989 1425 5062 Zeitmerlcmaleousdea
1441 4991 1597 5062 166667,
1623 4991 1651 5051 d.
1669 4992 1696 5049 6.
1721 5008 1750 5050 es
1765 4989 1867 5049 warde

319 5093 382 5150 bier
410 5093 463 5152 dos
491 5093 606 5152 Datum
634 5093 687 5152 der
714 5094 879 5166 Haadleap
909 5094 1110 5167 6666666666,
1146 5093 1273 5167 obpleiolr
1294 5096 1355 5153 sich
1377 5094 1425 5154 die
1446 5093 1665 5168 Aasfeniyenp
1688 5095 1732 5154 bis
1755 5095 1788 5152 ia
1812 5093 1866 5152 das

320 5195 474 5270 Frubjobr
496 5200 559 5256 966
580 5202 756 5271 recuperor,
791 5200 825 5256 io
851 5196 983 5256 welchem
1004 5199 1038 5256 66
1060 5197 1150 5271 Folqe
1172 5215 1227 5257 666
1250 5199 1368 5258 Vaccae
1389 5197 1439 5256 des
1462 5197 1619 5256 deutschen
1640 5197 1866 5256 Kaneleramtes

319 5317 375 5358 666
396 5299 448 5358 der
469 5300 671 5360 6666666666
693 5303 822 5361 Kanelec'
843 5322 884 5362 ea
906 5305 1123 5376 rcooqaoscirea
1145 5321 1216 5362 war.
1240 5337 1282 5345 -
1304 5302 1367 5360 Der
1383 5301 1487 5361 Druck
1506 5302 1535 5360 Ζ
1554 5303 1604 5359 hot
1626 5303 1680 5359 mil
1698 5299 1722 5360 0
1741 5317 1773 5358 so
1795 5299 1867 5356 viole

319 5403 467 5474 cffeabore
489 5403 596 5462 Febler
614 5408 732 5478 pernota
753 5405 823 5466 does
846 5407 1018 5480 6666666666
1041 5405 1091 5464 des
1121 5406 1287 5464 Hioweises
1315 5403 1378 5476 auf
1402 5404 1449 5463 die
1477 5402 1627 5476 Ursclrrift
1657 5417 1867 5477 enumerantes

320 5506 437 5565 werden
457 5523 549 5578 mass,
573 5505 642 5568 dues
668 5508 755 5582 Zopf
774 5509 844 5569 oder
865 5511 945 5569 seiae
967 5511 1150 5570 Vormo'nuer
1176 5507 1247 5566 doch
1268 5524 1329 5565 666
1350 5524 1407 5566 aas
1431 5504 1626 5579 Opescho'pfl
1648 5505 1712 5564 666
1733 5503 1868 5578 lediplicb

302 5691 360 5746 ³⁴2.
387 5693 504 5756 flamm·
521 5695 563 5745 eia
579 5693 692 5760 sopleiob
708 5695 869 5746 amparate
886 5698 955 5747 inter
1058 5696 1086 5762 g)
1105 5697 1181 5760 impe,
1201 5696 1292 5760 impris
1311 5693 1376 5744 ohne
1393 5692 1670 5759 Abkilnunpczeiobea.
