<?xml version="1.0" encoding="UTF-8"?>
<!DOCTYPE html PUBLIC "-//W3C//DTD XHTML 1.0 Transitional//EN"
    "http://www.w3.org/TR/xhtml1/DTD/xhtml1-transitional.dtd">
<html xmlns="http://www.w3.org/1999/xhtml" xml:lang="en" lang="en">
 <head>
  <title>
</title>
<meta http-equiv="Content-Type" content="text/html;charset=utf-8" />
  <meta name='ocr-system' content='tesseract 3.04.00' />
  <meta name='ocr-capabilities' content='ocr_page ocr_carea ocr_par ocr_line ocrx_word'/>
</head>
<body>
  <div class='ocr_page' id='page_1' title='image "./monumentagerman00gescgoog/monumentagerman00gescgoog_0399.png"; bbox 0 0 4508 6428; ppageno 0'>
   <div class='ocr_carea' id='block_1_1' title="bbox 420 395 1468 462">
    <p class='ocr_par' dir='ltr' id='par_1_1' title="bbox 420 395 1468 462">
     <span class='ocr_line' id='line_1_1' title="bbox 420 395 1468 462; baseline 0 -3"><span class='ocrx_word' id='word_1_1' title='bbox 420 395 484 460; x_wconf 74' lang='lat'><strong>370</strong></span> <span class='ocrx_word' id='word_1_2' title='bbox 1017 404 1468 462; x_wconf 83' lang='lat' dir='ltr'><strong>KAISERURKUNDEN.</strong></span> 
     </span>
    </p>
   </div>
   <div class='ocr_carea' id='block_1_2' title="bbox 417 581 2136 3351">
    <p class='ocr_par' dir='ltr' id='par_1_2' title="bbox 417 581 2136 3351">
     <span class='ocr_line' id='line_1_2' title="bbox 421 581 2090 668; baseline -0.005 -18"><span class='ocrx_word' id='word_1_3' title='bbox 421 609 479 651; x_wconf 91' lang='lat' dir='ltr'><strong>seu</strong></span> <span class='ocrx_word' id='word_1_4' title='bbox 502 608 522 649; x_wconf 91' lang='lat' dir='ltr'><strong>a</strong></span> <span class='ocrx_word' id='word_1_5' title='bbox 545 583 678 649; x_wconf 86' lang='lat' dir='ltr'><strong>castello</strong></span> <span class='ocrx_word' id='word_1_6' title='bbox 703 585 879 649; x_wconf 89' lang='lat' dir='ltr'><strong>Paucinico</strong></span> <span class='ocrx_word' id='word_1_7' title='bbox 903 605 978 648; x_wconf 92' lang='lat' dir='ltr'><strong>cum</strong></span> <span class='ocrx_word' id='word_1_8' title='bbox 1002 583 1129 649; x_wconf 88' lang='lat' dir='ltr'><strong>duabus</strong></span> <span class='ocrx_word' id='word_1_9' title='bbox 1153 586 1351 649; x_wconf 76' lang='lat' dir='ltr'><strong>massariciis</strong></span> <span class='ocrx_word' id='word_1_10' title='bbox 1373 581 1539 668; x_wconf 78' lang='lat' dir='ltr'><strong>regalibus</strong></span> <span class='ocrx_word' id='word_1_11' title='bbox 1562 583 1733 648; x_wconf 85' lang='lat' dir='ltr'><strong>demente</strong></span> <span class='ocrx_word' id='word_1_12' title='bbox 1757 581 1896 648; x_wconf 83' lang='lat' dir='ltr'><strong>Cauallo</strong></span> <span class='ocrx_word' id='word_1_13' title='bbox 1922 581 2090 645; x_wconf 86' lang='lat' dir='ltr'><strong>firmante</strong></span> 
     </span>
     <span class='ocr_line' id='line_1_3' title="bbox 421 681 2087 773; baseline -0.004 -19"><span class='ocrx_word' id='word_1_14' title='bbox 421 693 455 755; x_wconf 90' lang='lat' dir='ltr'><strong>in</strong></span> <span class='ocrx_word' id='word_1_15' title='bbox 474 689 644 755; x_wconf 86' lang='lat' dir='ltr'><strong>Cauulano</strong></span> <span class='ocrx_word' id='word_1_16' title='bbox 669 712 725 754; x_wconf 90' lang='lat' dir='ltr'><strong>seu</strong></span> <span class='ocrx_word' id='word_1_17' title='bbox 748 712 825 754; x_wconf 89' lang='lat' dir='ltr'><strong>vero</strong></span> <span class='ocrx_word' id='word_1_18' title='bbox 849 688 889 753; x_wconf 88' lang='lat' dir='ltr'><strong>de</strong></span> <span class='ocrx_word' id='word_1_19' title='bbox 907 689 1046 754; x_wconf 88' lang='lat' dir='ltr'><strong>Paterno</strong></span> <span class='ocrx_word' id='word_1_20' title='bbox 1069 689 1218 754; x_wconf 87' lang='lat' dir='ltr'><strong>firmante</strong></span> <span class='ocrx_word' id='word_1_21' title='bbox 1239 689 1274 752; x_wconf 94' lang='lat' dir='ltr'><strong>in</strong></span> <span class='ocrx_word' id='word_1_22' title='bbox 1295 688 1427 754; x_wconf 91' lang='lat' dir='ltr'><strong>flumine</strong></span> <span class='ocrx_word' id='word_1_23' title='bbox 1450 687 1635 773; x_wconf 78' lang='lat' dir='ltr'><strong>Liquentia,</strong></span> <span class='ocrx_word' id='word_1_24' title='bbox 1660 696 1692 750; x_wconf 90' lang='lat' dir='ltr'><strong>et</strong></span> <span class='ocrx_word' id='word_1_25' title='bbox 1714 695 1833 750; x_wconf 91' lang='lat' dir='ltr'><strong>terram</strong></span> <span class='ocrx_word' id='word_1_26' title='bbox 1858 707 1924 771; x_wconf 91' lang='lat' dir='ltr'><strong>que</strong></span> <span class='ocrx_word' id='word_1_27' title='bbox 1949 685 2018 748; x_wconf 82' lang='lat' dir='ltr'><strong>fuit</strong></span> <span class='ocrx_word' id='word_1_28' title='bbox 2044 681 2087 746; x_wconf 89' lang='lat' dir='ltr'><strong>de</strong></span> 
     </span>
     <span class='ocr_line' id='line_1_4' title="bbox 421 787 2086 878; baseline -0.006 -20"><span class='ocrx_word' id='word_1_29' title='bbox 421 793 602 858; x_wconf 82' lang='lat' dir='ltr'><strong>Audeuirto</strong></span> <span class='ocrx_word' id='word_1_30' title='bbox 632 792 772 858; x_wconf 89' lang='lat' dir='ltr'><strong>diacono</strong></span> <span class='ocrx_word' id='word_1_31' title='bbox 785 791 802 874; x_wconf 74' lang='lat'><strong>¹,</strong></span> <span class='ocrx_word' id='word_1_32' title='bbox 838 815 899 878; x_wconf 92' lang='lat' dir='ltr'><strong>que</strong></span> <span class='ocrx_word' id='word_1_33' title='bbox 928 794 1014 856; x_wconf 90' lang='lat' dir='ltr'><strong>iacet</strong></span> <span class='ocrx_word' id='word_1_34' title='bbox 1036 794 1067 856; x_wconf 89' lang='lat' dir='ltr'><strong>in</strong></span> <span class='ocrx_word' id='word_1_35' title='bbox 1091 791 1177 857; x_wconf 88' lang='lat' dir='ltr'><strong>valle</strong></span> <span class='ocrx_word' id='word_1_36' title='bbox 1200 789 1465 877; x_wconf 61' lang='lat' dir='ltr'><strong>Lapacinensek,</strong></span> <span class='ocrx_word' id='word_1_37' title='bbox 1501 812 1566 854; x_wconf 90' lang='lat' dir='ltr'><strong>una</strong></span> <span class='ocrx_word' id='word_1_38' title='bbox 1594 812 1668 853; x_wconf 92' lang='lat' dir='ltr'><strong>cum</strong></span> <span class='ocrx_word' id='word_1_39' title='bbox 1693 788 1842 854; x_wconf 92' lang='lat' dir='ltr'><strong>omnibus</strong></span> <span class='ocrx_word' id='word_1_40' title='bbox 1866 787 2086 873; x_wconf 83' lang='lat' dir='ltr'><strong>pertinentiis</strong></span> 
     </span>
     <span class='ocr_line' id='line_1_5' title="bbox 420 892 2085 984; baseline -0.005 -24"><span class='ocrx_word' id='word_1_41' title='bbox 420 919 533 960; x_wconf 87' lang='lat' dir='ltr'><strong>earum</strong></span> <span class='ocrx_word' id='word_1_42' title='bbox 563 919 625 982; x_wconf 89' lang='lat' dir='ltr'><strong>que</strong></span> <span class='ocrx_word' id='word_1_43' title='bbox 656 895 754 984; x_wconf 91' lang='lat' dir='ltr'><strong>modo</strong></span> <span class='ocrx_word' id='word_1_44' title='bbox 778 897 812 959; x_wconf 90' lang='lat' dir='ltr'><strong>in</strong></span> <span class='ocrx_word' id='word_1_45' title='bbox 834 895 890 959; x_wconf 90' lang='lat' dir='ltr'><strong>illa</strong></span> <span class='ocrx_word' id='word_1_46' title='bbox 921 904 1007 960; x_wconf 89' lang='lat' dir='ltr'><strong>terra</strong></span> <span class='ocrx_word' id='word_1_47' title='bbox 1037 894 1090 959; x_wconf 88' lang='lat' dir='ltr'><strong>vel</strong></span> <span class='ocrx_word' id='word_1_48' title='bbox 1122 919 1184 982; x_wconf 92' lang='lat' dir='ltr'><strong>que</strong></span> <span class='ocrx_word' id='word_1_49' title='bbox 1216 897 1348 959; x_wconf 85' lang='lat' dir='ltr'><strong>inantea</strong></span> <span class='ocrx_word' id='word_1_50' title='bbox 1377 893 1439 960; x_wconf 92' lang='lat' dir='ltr'><strong>deo</strong></span> <span class='ocrx_word' id='word_1_51' title='bbox 1470 893 1645 958; x_wconf 86' lang='lat' dir='ltr'><strong>adiuvante</strong></span> <span class='ocrx_word' id='word_1_52' title='bbox 1674 895 1740 956; x_wconf 90' lang='lat' dir='ltr'><strong>iam</strong></span> <span class='ocrx_word' id='word_1_53' title='bbox 1763 892 1870 956; x_wconf 89' lang='lat' dir='ltr'><strong>dictus</strong></span> <span class='ocrx_word' id='word_1_54' title='bbox 1895 892 2085 975; x_wconf 89' lang='lat' dir='ltr'><strong>episcopus</strong></span> 
     </span>
     <span class='ocr_line' id='line_1_6' title="bbox 419 995 2119 1084; baseline -0.005 -21"><span class='ocrx_word' id='word_1_55' title='bbox 419 999 584 1064; x_wconf 88' lang='lat' dir='ltr'><strong>Iohannes</strong></span> <span class='ocrx_word' id='word_1_56' title='bbox 607 997 725 1063; x_wconf 86' lang='lat' dir='ltr'><strong>habet¹</strong></span> <span class='ocrx_word' id='word_1_57' title='bbox 748 998 800 1063; x_wconf 89' lang='lat' dir='ltr'><strong>vel</strong></span> <span class='ocrx_word' id='word_1_58' title='bbox 824 999 992 1084; x_wconf 90' lang='lat' dir='ltr'><strong>acquirere</strong></span> <span class='ocrx_word' id='word_1_59' title='bbox 1015 1007 1140 1082; x_wconf 88' lang='lat' dir='ltr'><strong>potest,</strong></span> <span class='ocrx_word' id='word_1_60' title='bbox 1164 1007 1232 1062; x_wconf 89' lang='lat' dir='ltr'><strong>tam</strong></span> <span class='ocrx_word' id='word_1_61' title='bbox 1256 1021 1298 1064; x_wconf 83' lang='lat' dir='ltr'><strong>ex</strong></span> <span class='ocrx_word' id='word_1_62' title='bbox 1321 997 1464 1062; x_wconf 83' lang='lat' dir='ltr'><strong>castellis</strong></span> <span class='ocrx_word' id='word_1_63' title='bbox 1490 1005 1522 1060; x_wconf 92' lang='lat' dir='ltr'><strong>et</strong></span> <span class='ocrx_word' id='word_1_64' title='bbox 1545 998 1676 1060; x_wconf 78' lang='lat' dir='ltr'><strong>curtism</strong></span> <span class='ocrx_word' id='word_1_65' title='bbox 1698 995 1857 1060; x_wconf 89' lang='lat' dir='ltr'><strong>hedificiis</strong></span> <span class='ocrx_word' id='word_1_66' title='bbox 1879 1003 2119 1080; x_wconf 73' lang='lat' dir='ltr'><strong>quamquc³5</strong></span> 
     </span>
     <span class='ocr_line' id='line_1_7' title="bbox 418 1096 2083 1186; baseline -0.004 -20"><span class='ocrx_word' id='word_1_67' title='bbox 418 1104 512 1166; x_wconf 85' lang='lat' dir='ltr'><strong>terris</strong></span> <span class='ocrx_word' id='word_1_68' title='bbox 535 1105 622 1185; x_wconf 87' lang='lat' dir='ltr'><strong>agria</strong></span> <span class='ocrx_word' id='word_1_69' title='bbox 646 1103 773 1186; x_wconf 88' lang='lat' dir='ltr'><strong>campis</strong></span> <span class='ocrx_word' id='word_1_70' title='bbox 795 1104 898 1186; x_wconf 91' lang='lat' dir='ltr'><strong>pratis</strong></span> <span class='ocrx_word' id='word_1_71' title='bbox 922 1103 1054 1186; x_wconf 84' lang='lat' dir='ltr'><strong>pascuis</strong></span> <span class='ocrx_word' id='word_1_72' title='bbox 1071 1100 1161 1164; x_wconf 92' lang='lat' dir='ltr'><strong>silvis</strong></span> <span class='ocrx_word' id='word_1_73' title='bbox 1180 1103 1282 1165; x_wconf 90' lang='lat' dir='ltr'><strong>vineis</strong></span> <span class='ocrx_word' id='word_1_74' title='bbox 1299 1103 1392 1186; x_wconf 89' lang='lat' dir='ltr'><strong>aquis</strong></span> <span class='ocrx_word' id='word_1_75' title='bbox 1416 1122 1639 1185; x_wconf 86' lang='lat' dir='ltr'><strong>aquarumque</strong></span> <span class='ocrx_word' id='word_1_76' title='bbox 1663 1098 1852 1163; x_wconf 82' lang='lat' dir='ltr'><strong>decursibus</strong></span> <span class='ocrx_word' id='word_1_77' title='bbox 1874 1096 2083 1162; x_wconf 88' lang='lat' dir='ltr'><strong>molendinis</strong></span> 
     </span>
     <span class='ocr_line' id='line_1_8' title="bbox 418 1199 2082 1290; baseline -0.004 -21"><span class='ocrx_word' id='word_1_78' title='bbox 418 1204 654 1290; x_wconf 88' lang='lat' dir='ltr'><strong>piscationibus</strong></span> <span class='ocrx_word' id='word_1_79' title='bbox 682 1204 813 1268; x_wconf 90' lang='lat' dir='ltr'><strong>salectis</strong></span> <span class='ocrx_word' id='word_1_80' title='bbox 842 1203 1006 1270; x_wconf 91' lang='lat' dir='ltr'><strong>montibus</strong></span> <span class='ocrx_word' id='word_1_81' title='bbox 1036 1203 1165 1289; x_wconf 88' lang='lat' dir='ltr'><strong>alpibus</strong></span> <span class='ocrx_word' id='word_1_82' title='bbox 1191 1203 1397 1289; x_wconf 85' lang='lat' dir='ltr'><strong>planiciebus</strong></span> <span class='ocrx_word' id='word_1_83' title='bbox 1414 1203 1597 1269; x_wconf 88' lang='lat' dir='ltr'><strong>&#39;mobilibus</strong></span> <span class='ocrx_word' id='word_1_84' title='bbox 1619 1213 1652 1267; x_wconf 90' lang='lat' dir='ltr'><strong>et</strong></span> <span class='ocrx_word' id='word_1_85' title='bbox 1673 1201 1883 1267; x_wconf 85' lang='lat' dir='ltr'><strong>inmobilibus</strong></span> <span class='ocrx_word' id='word_1_86' title='bbox 1906 1201 2012 1265; x_wconf 90' lang='lat' dir='ltr'><strong>rebus</strong></span> <span class='ocrx_word' id='word_1_87' title='bbox 2037 1199 2082 1263; x_wconf 87' lang='lat' dir='ltr'><strong>ad</strong></span> 
     </span>
     <span class='ocr_line' id='line_1_9' title="bbox 419 1305 2101 1395; baseline -0.005 -21"><span class='ocrx_word' id='word_1_88' title='bbox 419 1309 621 1395; x_wconf 85' lang='lat' dir='ltr'><strong>praedictam</strong></span> <span class='ocrx_word' id='word_1_89' title='bbox 650 1317 771 1372; x_wconf 89' lang='lat' dir='ltr'><strong>terram</strong></span> <span class='ocrx_word' id='word_1_90' title='bbox 800 1309 884 1372; x_wconf 84' lang='lat' dir='ltr'><strong>iuste</strong></span> <span class='ocrx_word' id='word_1_91' title='bbox 907 1317 939 1373; x_wconf 89' lang='lat' dir='ltr'><strong>et</strong></span> <span class='ocrx_word' id='word_1_92' title='bbox 960 1307 1108 1392; x_wconf 87' lang='lat' dir='ltr'><strong>legaliter</strong></span> <span class='ocrx_word' id='word_1_93' title='bbox 1134 1305 1374 1392; x_wconf 89' lang='lat' dir='ltr'><strong>pertinentibus</strong></span> <span class='ocrx_word' id='word_1_94' title='bbox 1405 1329 1467 1393; x_wconf 91' lang='lat' dir='ltr'><strong>que</strong></span> <span class='ocrx_word' id='word_1_95' title='bbox 1496 1305 1559 1372; x_wconf 88' lang='lat' dir='ltr'><strong>dici</strong></span> <span class='ocrx_word' id='word_1_96' title='bbox 1584 1305 1637 1370; x_wconf 92' lang='lat' dir='ltr'><strong>vel</strong></span> <span class='ocrx_word' id='word_1_97' title='bbox 1658 1308 1819 1370; x_wconf 90' lang='lat' dir='ltr'><strong>nominari</strong></span> <span class='ocrx_word' id='word_1_98' title='bbox 1842 1314 2003 1389; x_wconf 88' lang='lat' dir='ltr'><strong>possunt,</strong></span> <span class='ocrx_word' id='word_1_99' title='bbox 2036 1323 2101 1367; x_wconf 85' lang='lat' dir='ltr'><strong>ex·</strong></span> 
     </span>
     <span class='ocr_line' id='line_1_10' title="bbox 419 1406 2081 1496; baseline -0.004 -20"><span class='ocrx_word' id='word_1_100' title='bbox 419 1413 560 1496; x_wconf 87' lang='lat' dir='ltr'><strong>integro,</strong></span> <span class='ocrx_word' id='word_1_101' title='bbox 589 1413 712 1476; x_wconf 87' lang='lat' dir='ltr'><strong>utiam</strong></span> <span class='ocrx_word' id='word_1_102' title='bbox 741 1410 980 1496; x_wconf 85' lang='lat' dir='ltr'><strong>praediximus,</strong></span> <span class='ocrx_word' id='word_1_103' title='bbox 1011 1409 1051 1474; x_wconf 92' lang='lat' dir='ltr'><strong>de</strong></span> <span class='ocrx_word' id='word_1_104' title='bbox 1073 1419 1185 1474; x_wconf 89' lang='lat' dir='ltr'><strong>nostro</strong></span> <span class='ocrx_word' id='word_1_105' title='bbox 1208 1409 1367 1494; x_wconf 87' lang='lat' dir='ltr'><strong>imperiali</strong></span> <span class='ocrx_word' id='word_1_106' title='bbox 1390 1411 1460 1475; x_wconf 90' lang='lat' dir='ltr'><strong>iure</strong></span> <span class='ocrx_word' id='word_1_107' title='bbox 1483 1418 1515 1472; x_wconf 90' lang='lat' dir='ltr'><strong>et</strong></span> <span class='ocrx_word' id='word_1_108' title='bbox 1538 1408 1681 1473; x_wconf 92' lang='lat' dir='ltr'><strong>dominio</strong></span> <span class='ocrx_word' id='word_1_109' title='bbox 1705 1409 1738 1471; x_wconf 89' lang='lat' dir='ltr'><strong>in</strong></span> <span class='ocrx_word' id='word_1_110' title='bbox 1760 1409 1810 1471; x_wconf 91' lang='lat' dir='ltr'><strong>ius</strong></span> <span class='ocrx_word' id='word_1_111' title='bbox 1833 1417 1865 1470; x_wconf 91' lang='lat' dir='ltr'><strong>et</strong></span> <span class='ocrx_word' id='word_1_112' title='bbox 1888 1406 2081 1470; x_wconf 90' lang='lat' dir='ltr'><strong>dominium</strong></span> 
     </span>
     <span class='ocr_line' id='line_1_11' title="bbox 419 1511 2136 1601; baseline -0.006 -21"><span class='ocrx_word' id='word_1_113' title='bbox 419 1515 558 1601; x_wconf 86' lang='lat' dir='ltr'><strong>praefati</strong></span> <span class='ocrx_word' id='word_1_114' title='bbox 586 1515 733 1600; x_wconf 86' lang='lat' dir='ltr'><strong>episcopi</strong></span> <span class='ocrx_word' id='word_1_115' title='bbox 756 1513 913 1579; x_wconf 91' lang='lat' dir='ltr'><strong>Iohannis</strong></span> <span class='ocrx_word' id='word_1_116' title='bbox 937 1513 1096 1578; x_wconf 87' lang='lat' dir='ltr'><strong>donamus</strong></span> <span class='ocrx_word' id='word_1_117' title='bbox 1124 1523 1221 1601; x_wconf 87' lang='lat' dir='ltr'><strong>atque</strong></span> <span class='ocrx_word' id='word_1_118' title='bbox 1248 1513 1420 1599; x_wconf 87' lang='lat' dir='ltr'><strong>largimur,</strong></span> <span class='ocrx_word' id='word_1_119' title='bbox 1451 1523 1487 1578; x_wconf 92' lang='lat' dir='ltr'><strong>ut</strong></span> <span class='ocrx_word' id='word_1_120' title='bbox 1508 1515 1578 1577; x_wconf 91' lang='lat' dir='ltr'><strong>iure</strong></span> <span class='ocrx_word' id='word_1_121' title='bbox 1600 1511 1794 1577; x_wconf 88' lang='lat' dir='ltr'><strong>hereditario</strong></span> <span class='ocrx_word' id='word_1_122' title='bbox 1817 1511 1941 1575; x_wconf 89' lang='lat' dir='ltr'><strong>habeat</strong></span> <span class='ocrx_word' id='word_1_123' title='bbox 1964 1519 2082 1574; x_wconf 87' lang='lat' dir='ltr'><strong>teneat</strong></span> <span class='ocrx_word' id='word_1_124' title='bbox 2103 1525 2136 1570; x_wconf 89' lang='grc' dir='ltr'><strong>ιο</strong></span> 
     </span>
     <span class='ocr_line' id='line_1_12' title="bbox 418 1613 2080 1703; baseline -0.003 -22"><span class='ocrx_word' id='word_1_125' title='bbox 418 1617 616 1703; x_wconf 87' lang='lat' dir='ltr'><strong>firmiterque</strong></span> <span class='ocrx_word' id='word_1_126' title='bbox 644 1616 812 1703; x_wconf 87' lang='lat' dir='ltr'><strong>possideat</strong></span> <span class='ocrx_word' id='word_1_127' title='bbox 839 1617 1024 1703; x_wconf 87' lang='lat' dir='ltr'><strong>habeatque</strong></span> <span class='ocrx_word' id='word_1_128' title='bbox 1051 1626 1247 1702; x_wconf 80' lang='lat' dir='ltr'><strong>potestatem</strong></span> <span class='ocrx_word' id='word_1_129' title='bbox 1275 1617 1406 1682; x_wconf 92' lang='lat' dir='ltr'><strong>tenendi</strong></span> <span class='ocrx_word' id='word_1_130' title='bbox 1437 1615 1537 1681; x_wconf 88' lang='lat' dir='ltr'><strong>dandi</strong></span> <span class='ocrx_word' id='word_1_131' title='bbox 1566 1614 1729 1684; x_wconf 88' lang='lat' dir='ltr'><strong>vendendi</strong></span> <span class='ocrx_word' id='word_1_132' title='bbox 1756 1613 1981 1679; x_wconf 88' lang='lat' dir='ltr'><strong>commutandi</strong></span> <span class='ocrx_word' id='word_1_133' title='bbox 2016 1634 2080 1698; x_wconf 93' lang='lat' dir='ltr'><strong>pro</strong></span> 
     </span>
     <span class='ocr_line' id='line_1_13' title="bbox 419 1718 2080 1807; baseline -0.002 -23"><span class='ocrx_word' id='word_1_134' title='bbox 419 1723 553 1785; x_wconf 87' lang='lat' dir='ltr'><strong>anima⁰</strong></span> <span class='ocrx_word' id='word_1_135' title='bbox 576 1720 744 1786; x_wconf 90' lang='lat' dir='ltr'><strong>iudicandi</strong></span> <span class='ocrx_word' id='word_1_136' title='bbox 767 1730 799 1784; x_wconf 84' lang='lat' dir='ltr'><strong>et</strong></span> <span class='ocrx_word' id='word_1_137' title='bbox 822 1720 978 1807; x_wconf 91' lang='lat' dir='ltr'><strong>quicquid</strong></span> <span class='ocrx_word' id='word_1_138' title='bbox 1000 1721 1069 1784; x_wconf 90' lang='lat' dir='ltr'><strong>eius</strong></span> <span class='ocrx_word' id='word_1_139' title='bbox 1093 1721 1219 1785; x_wconf 88' lang='lat' dir='ltr'><strong>animus</strong></span> <span class='ocrx_word' id='word_1_140' title='bbox 1243 1719 1362 1784; x_wconf 87' lang='lat' dir='ltr'><strong>exinde</strong></span> <span class='ocrx_word' id='word_1_141' title='bbox 1386 1718 1568 1785; x_wconf 88' lang='lat' dir='ltr'><strong>decreverit</strong></span> <span class='ocrx_word' id='word_1_142' title='bbox 1589 1719 1749 1800; x_wconf 85' lang='lat' dir='ltr'><strong>faciendi,</strong></span> <span class='ocrx_word' id='word_1_143' title='bbox 1776 1727 1851 1804; x_wconf 92' lang='lat' dir='ltr'><strong>post</strong></span> <span class='ocrx_word' id='word_1_144' title='bbox 1873 1739 1971 1781; x_wconf 91' lang='lat' dir='ltr'><strong>sumn</strong></span> <span class='ocrx_word' id='word_1_145' title='bbox 1995 1737 2080 1780; x_wconf 87' lang='lat' dir='ltr'><strong>vero</strong></span> 
     </span>
     <span class='ocr_line' id='line_1_14' title="bbox 420 1823 2080 1907; baseline -0.004 -18"><span class='ocrx_word' id='word_1_146' title='bbox 420 1824 600 1890; x_wconf 90' lang='lat' dir='ltr'><strong>discessum</strong></span> <span class='ocrx_word' id='word_1_147' title='bbox 623 1823 777 1888; x_wconf 89' lang='lat' dir='ltr'><strong>deveniat</strong></span> <span class='ocrx_word' id='word_1_148' title='bbox 797 1826 830 1888; x_wconf 91' lang='lat' dir='ltr'><strong>in</strong></span> <span class='ocrx_word' id='word_1_149' title='bbox 854 1825 1028 1890; x_wconf 89' lang='lat' dir='ltr'><strong>ecclesiam</strong></span> <span class='ocrx_word' id='word_1_150' title='bbox 1057 1825 1161 1887; x_wconf 91' lang='lat' dir='ltr'><strong>sancti</strong></span> <span class='ocrx_word' id='word_1_151' title='bbox 1185 1823 1335 1905; x_wconf 88' lang='lat' dir='ltr'><strong>Martini,</strong></span> <span class='ocrx_word' id='word_1_152' title='bbox 1370 1832 1483 1888; x_wconf 88' lang='lat' dir='ltr'><strong>nostra</strong></span> <span class='ocrx_word' id='word_1_153' title='bbox 1509 1833 1758 1907; x_wconf 87' lang='lat' dir='ltr'><strong>nostrorumque</strong></span> <span class='ocrx_word' id='word_1_154' title='bbox 1787 1841 2021 1884; x_wconf 87' lang='lat' dir='ltr'><strong>successorum</strong></span> <span class='ocrx_word' id='word_1_155' title='bbox 2045 1829 2080 1883; x_wconf 90' lang='lat' dir='ltr'><strong>et</strong></span> 
     </span>
     <span class='ocr_line' id='line_1_15' title="bbox 421 1921 2079 2010; baseline -0.003 -20"><span class='ocrx_word' id='word_1_156' title='bbox 421 1928 592 1990; x_wconf 67' lang='lat' dir='ltr'><strong>omniumr</strong></span> <span class='ocrx_word' id='word_1_157' title='bbox 622 1925 791 1990; x_wconf 91' lang='lat' dir='ltr'><strong>hominum</strong></span> <span class='ocrx_word' id='word_1_158' title='bbox 821 1928 1045 1992; x_wconf 88' lang='lat' dir='ltr'><strong>controversia</strong></span> <span class='ocrx_word' id='word_1_159' title='bbox 1066 1936 1201 1992; x_wconf 89' lang='lat' dir='ltr'><strong>remota.</strong></span> <span class='ocrx_word' id='word_1_160' title='bbox 1235 1927 1374 2010; x_wconf 89' lang='lat' dir='ltr'><strong>Insuper</strong></span> <span class='ocrx_word' id='word_1_161' title='bbox 1397 1928 1495 1990; x_wconf 87' lang='lat' dir='ltr'><strong>etiarn</strong></span> <span class='ocrx_word' id='word_1_162' title='bbox 1518 1926 1740 1990; x_wconf 89' lang='lat' dir='ltr'><strong>concessimus</strong></span> <span class='ocrx_word' id='word_1_163' title='bbox 1763 1922 1867 1987; x_wconf 93' lang='lat' dir='ltr'><strong>eidem</strong></span> <span class='ocrx_word' id='word_1_164' title='bbox 1889 1921 2079 1986; x_wconf 85' lang='lat' dir='ltr'><strong>venerabili</strong></span> 
     </span>
     <span class='ocr_line' id='line_1_16' title="bbox 421 2028 2133 2116; baseline -0.003 -23"><span class='ocrx_word' id='word_1_165' title='bbox 421 2033 576 2115; x_wconf 92' lang='lat' dir='ltr'><strong>episcopo</strong></span> <span class='ocrx_word' id='word_1_166' title='bbox 601 2029 739 2095; x_wconf 91' lang='lat' dir='ltr'><strong>Iohanni</strong></span> <span class='ocrx_word' id='word_1_167' title='bbox 769 2028 953 2116; x_wconf 86' lang='lat' dir='ltr'><strong>dilectoque</strong></span> <span class='ocrx_word' id='word_1_168' title='bbox 982 2039 1093 2095; x_wconf 89' lang='lat' dir='ltr'><strong>nostro</strong></span> <span class='ocrx_word' id='word_1_169' title='bbox 1116 2029 1204 2094; x_wconf 91' lang='lat' dir='ltr'><strong>fideli</strong></span> <span class='ocrx_word' id='word_1_170' title='bbox 1228 2052 1287 2116; x_wconf 91' lang='lat' dir='ltr'><strong>per</strong></span> <span class='ocrx_word' id='word_1_171' title='bbox 1308 2039 1456 2095; x_wconf 92' lang='lat' dir='ltr'><strong>nostram</strong></span> <span class='ocrx_word' id='word_1_172' title='bbox 1478 2029 1679 2114; x_wconf 89' lang='lat' dir='ltr'><strong>imperialem</strong></span> <span class='ocrx_word' id='word_1_173' title='bbox 1702 2028 1931 2092; x_wconf 89' lang='lat' dir='ltr'><strong>auctoritatem</strong></span> <span class='ocrx_word' id='word_1_174' title='bbox 1953 2037 2019 2092; x_wconf 79' lang='lat' dir='ltr'><strong>utq</strong></span> <span class='ocrx_word' id='word_1_175' title='bbox 2042 2028 2079 2090; x_wconf 90' lang='lat' dir='ltr'><strong>in</strong></span> <span class='ocrx_word' id='word_1_176' title='bbox 2100 2042 2133 2088; x_wconf 71' lang='grc' dir='ltr'><strong>ιι</strong></span> 
     </span>
     <span class='ocr_line' id='line_1_17' title="bbox 422 2129 2079 2219; baseline -0.001 -23"><span class='ocrx_word' id='word_1_177' title='bbox 422 2132 592 2217; x_wconf 89' lang='lat' dir='ltr'><strong>praedicta</strong></span> <span class='ocrx_word' id='word_1_178' title='bbox 608 2143 694 2198; x_wconf 89' lang='lat' dir='ltr'><strong>terra</strong></span> <span class='ocrx_word' id='word_1_179' title='bbox 710 2155 808 2219; x_wconf 92' lang='lat' dir='ltr'><strong>quam</strong></span> <span class='ocrx_word' id='word_1_180' title='bbox 824 2136 852 2198; x_wconf 94' lang='lat' dir='ltr'><strong>ei</strong></span> <span class='ocrx_word' id='word_1_181' title='bbox 869 2155 926 2219; x_wconf 91' lang='lat' dir='ltr'><strong>per</strong></span> <span class='ocrx_word' id='word_1_182' title='bbox 944 2142 1155 2219; x_wconf 88' lang='lat' dir='ltr'><strong>praeceptum</strong></span> <span class='ocrx_word' id='word_1_183' title='bbox 1179 2133 1383 2216; x_wconf 90' lang='lat' dir='ltr'><strong>donavimus,</strong></span> <span class='ocrx_word' id='word_1_184' title='bbox 1406 2135 1440 2196; x_wconf 94' lang='lat' dir='ltr'><strong>in</strong></span> <span class='ocrx_word' id='word_1_185' title='bbox 1457 2131 1716 2219; x_wconf 90' lang='lat' dir='ltr'><strong>quibuscumque</strong></span> <span class='ocrx_word' id='word_1_186' title='bbox 1738 2130 1818 2196; x_wconf 90' lang='lat' dir='ltr'><strong>locis</strong></span> <span class='ocrx_word' id='word_1_187' title='bbox 1842 2129 1905 2195; x_wconf 91' lang='lat' dir='ltr'><strong>sibi</strong></span> <span class='ocrx_word' id='word_1_188' title='bbox 1929 2129 2079 2214; x_wconf 88' lang='lat' dir='ltr'><strong>placeat,</strong></span> 
     </span>
     <span class='ocr_line' id='line_1_18' title="bbox 421 2231 2079 2319; baseline 0 -21"><span class='ocrx_word' id='word_1_189' title='bbox 421 2235 558 2300; x_wconf 85' lang='lat' dir='ltr'><strong>castella</strong></span> <span class='ocrx_word' id='word_1_190' title='bbox 585 2245 690 2300; x_wconf 87' lang='lat' dir='ltr'><strong>turres</strong></span> <span class='ocrx_word' id='word_1_191' title='bbox 706 2245 739 2300; x_wconf 91' lang='lat' dir='ltr'><strong>et</strong></span> <span class='ocrx_word' id='word_1_192' title='bbox 754 2235 879 2301; x_wconf 91' lang='lat' dir='ltr'><strong>merula</strong></span> <span class='ocrx_word' id='word_1_193' title='bbox 906 2236 1082 2301; x_wconf 90' lang='lat' dir='ltr'><strong>hedificare</strong></span> <span class='ocrx_word' id='word_1_194' title='bbox 1098 2246 1130 2301; x_wconf 89' lang='lat' dir='ltr'><strong>et</strong></span> <span class='ocrx_word' id='word_1_195' title='bbox 1143 2235 1253 2302; x_wconf 87' lang='lat' dir='ltr'><strong>fossas</strong></span> <span class='ocrx_word' id='word_1_196' title='bbox 1276 2237 1385 2301; x_wconf 84' lang='lat' dir='ltr'><strong>lacere</strong></span> <span class='ocrx_word' id='word_1_197' title='bbox 1407 2234 1528 2300; x_wconf 88' lang='lat' dir='ltr'><strong>habeat</strong></span> <span class='ocrx_word' id='word_1_198' title='bbox 1550 2242 1755 2319; x_wconf 88' lang='lat' dir='ltr'><strong>potestatem,</strong></span> <span class='ocrx_word' id='word_1_199' title='bbox 1780 2242 1811 2297; x_wconf 88' lang='lat' dir='ltr'><strong>et</strong></span> <span class='ocrx_word' id='word_1_200' title='bbox 1825 2241 1862 2297; x_wconf 88' lang='lat' dir='ltr'><strong>ut</strong></span> <span class='ocrx_word' id='word_1_201' title='bbox 1876 2231 1988 2298; x_wconf 90' lang='lat' dir='ltr'><strong>nullus</strong></span> <span class='ocrx_word' id='word_1_202' title='bbox 2006 2232 2079 2298; x_wconf 85' lang='lat' dir='ltr'><strong>dux</strong></span> 
     </span>
     <span class='ocr_line' id='line_1_19' title="bbox 422 2331 2079 2424; baseline -0.002 -22"><span class='ocrx_word' id='word_1_203' title='bbox 422 2337 567 2404; x_wconf 91' lang='lat' dir='ltr'><strong>marchio</strong></span> <span class='ocrx_word' id='word_1_204' title='bbox 584 2361 694 2404; x_wconf 90' lang='lat' dir='ltr'><strong>comes</strong></span> <span class='ocrx_word' id='word_1_205' title='bbox 709 2341 893 2404; x_wconf 86' lang='lat' dir='ltr'><strong>vicecomes</strong></span> <span class='ocrx_word' id='word_1_206' title='bbox 908 2339 961 2403; x_wconf 91' lang='lat' dir='ltr'><strong>vel</strong></span> <span class='ocrx_word' id='word_1_207' title='bbox 976 2341 1095 2418; x_wconf 87' lang='lat' dir='ltr'><strong>missus</strong></span> <span class='ocrx_word' id='word_1_208' title='bbox 1112 2338 1295 2403; x_wconf 87' lang='lat' dir='ltr'><strong>discurrens</strong></span> <span class='ocrx_word' id='word_1_209' title='bbox 1312 2361 1370 2402; x_wconf 91' lang='lat' dir='ltr'><strong>seu</strong></span> <span class='ocrx_word' id='word_1_210' title='bbox 1388 2336 1524 2424; x_wconf 91' lang='lat' dir='ltr'><strong>quilibet</strong></span> <span class='ocrx_word' id='word_1_211' title='bbox 1538 2338 1585 2402; x_wconf 92' lang='lat' dir='ltr'><strong>rei</strong></span> <span class='ocrx_word' id='word_1_212' title='bbox 1601 2333 1733 2421; x_wconf 90' lang='lat' dir='ltr'><strong>publice</strong></span> <span class='ocrx_word' id='word_1_213' title='bbox 1749 2344 1885 2400; x_wconf 86' lang='lat' dir='ltr'><strong>exactor</strong></span> <span class='ocrx_word' id='word_1_214' title='bbox 1900 2335 1953 2398; x_wconf 90' lang='lat' dir='ltr'><strong>vel</strong></span> <span class='ocrx_word' id='word_1_215' title='bbox 1971 2331 2079 2400; x_wconf 86' lang='lat' dir='ltr'><strong>iudex</strong></span> 
     </span>
     <span class='ocr_line' id='line_1_20' title="bbox 422 2438 2079 2529; baseline -0.001 -24"><span class='ocrx_word' id='word_1_216' title='bbox 422 2441 571 2506; x_wconf 88' lang='lat' dir='ltr'><strong>homines</strong></span> <span class='ocrx_word' id='word_1_217' title='bbox 607 2463 703 2526; x_wconf 89' lang='lat' dir='ltr'><strong>super</strong></span> <span class='ocrx_word' id='word_1_218' title='bbox 736 2444 951 2529; x_wconf 83' lang='lat' dir='ltr'><strong>prescriptam</strong></span> <span class='ocrx_word' id='word_1_219' title='bbox 982 2438 1150 2528; x_wconf 80' lang='lat' dir='ltr'><strong>[terram]r</strong></span> <span class='ocrx_word' id='word_1_220' title='bbox 1181 2442 1360 2507; x_wconf 80' lang='lat' dir='ltr'><strong>residentes</strong></span> <span class='ocrx_word' id='word_1_221' title='bbox 1390 2441 1443 2506; x_wconf 87' lang='lat' dir='ltr'><strong>vel</strong></span> <span class='ocrx_word' id='word_1_222' title='bbox 1473 2440 1661 2506; x_wconf 89' lang='lat' dir='ltr'><strong>habitantes</strong></span> <span class='ocrx_word' id='word_1_223' title='bbox 1689 2439 1733 2506; x_wconf 89' lang='lat' dir='ltr'><strong>ad</strong></span> <span class='ocrx_word' id='word_1_224' title='bbox 1754 2439 1878 2505; x_wconf 89' lang='lat' dir='ltr'><strong>nullum</strong></span> <span class='ocrx_word' id='word_1_225' title='bbox 1912 2438 2079 2524; x_wconf 88' lang='lat' dir='ltr'><strong>placitum</strong></span> 
     </span>
     <span class='ocr_line' id='line_1_21' title="bbox 423 2537 2131 2631; baseline 0.002 -24"><span class='ocrx_word' id='word_1_226' title='bbox 423 2542 615 2629; x_wconf 86' lang='lat' dir='ltr'><strong>distringere</strong></span> <span class='ocrx_word' id='word_1_227' title='bbox 644 2553 825 2628; x_wconf 89' lang='lat' dir='ltr'><strong>presumat,</strong></span> <span class='ocrx_word' id='word_1_228' title='bbox 858 2543 915 2622; x_wconf 87' lang='lat' dir='ltr'><strong>sed</strong></span> <span class='ocrx_word' id='word_1_229' title='bbox 937 2545 1035 2609; x_wconf 87' lang='lat' dir='ltr'><strong>liceat</strong></span> <span class='ocrx_word' id='word_1_230' title='bbox 1057 2546 1212 2631; x_wconf 88' lang='lat' dir='ltr'><strong>episcopo</strong></span> <span class='ocrx_word' id='word_1_231' title='bbox 1238 2547 1371 2631; x_wconf 89' lang='lat' dir='ltr'><strong>eiusque</strong></span> <span class='ocrx_word' id='word_1_232' title='bbox 1395 2545 1557 2610; x_wconf 90' lang='lat' dir='ltr'><strong>advocato</strong></span> <span class='ocrx_word' id='word_1_233' title='bbox 1581 2543 1738 2630; x_wconf 87' lang='lat' dir='ltr'><strong>placitum</strong></span> <span class='ocrx_word' id='word_1_234' title='bbox 1761 2564 1858 2628; x_wconf 92' lang='lat' dir='ltr'><strong>super</strong></span> <span class='ocrx_word' id='word_1_235' title='bbox 1879 2537 1937 2607; x_wconf 83' lang='lat' dir='ltr'><strong>eos</strong></span> <span class='ocrx_word' id='word_1_236' title='bbox 1960 2552 2078 2608; x_wconf 86' lang='lat' dir='ltr'><strong>tenere</strong></span> <span class='ocrx_word' id='word_1_237' title='bbox 2098 2563 2131 2610; x_wconf 79' lang='lat' dir='ltr'><strong>ao</strong></span> 
     </span>
     <span class='ocr_line' id='line_1_22' title="bbox 423 2647 2078 2734; baseline 0.001 -22"><span class='ocrx_word' id='word_1_238' title='bbox 423 2669 600 2734; x_wconf 89' lang='lat' dir='ltr'><strong>omnesque</strong></span> <span class='ocrx_word' id='word_1_239' title='bbox 634 2647 763 2713; x_wconf 91' lang='lat' dir='ltr'><strong>illorum</strong></span> <span class='ocrx_word' id='word_1_240' title='bbox 796 2670 914 2712; x_wconf 89' lang='lat' dir='ltr'><strong>causas</strong></span> <span class='ocrx_word' id='word_1_241' title='bbox 947 2647 1091 2733; x_wconf 89' lang='lat' dir='ltr'><strong>legitime</strong></span> <span class='ocrx_word' id='word_1_242' title='bbox 1125 2648 1233 2732; x_wconf 90' lang='lat' dir='ltr'><strong>finire,</strong></span> <span class='ocrx_word' id='word_1_243' title='bbox 1269 2651 1413 2714; x_wconf 91' lang='lat' dir='ltr'><strong>omnium</strong></span> <span class='ocrx_word' id='word_1_244' title='bbox 1446 2650 1615 2715; x_wconf 91' lang='lat' dir='ltr'><strong>hominum</strong></span> <span class='ocrx_word' id='word_1_245' title='bbox 1645 2647 1904 2714; x_wconf 87' lang='lat' dir='ltr'><strong>contradictione</strong></span> <span class='ocrx_word' id='word_1_246' title='bbox 1933 2659 2078 2714; x_wconf 89' lang='lat' dir='ltr'><strong>remota.</strong></span> 
     </span>
     <span class='ocr_line' id='line_1_23' title="bbox 420 2749 2080 2838; baseline 0.001 -23"><span class='ocrx_word' id='word_1_247' title='bbox 420 2749 454 2816; x_wconf 86' lang='lat' dir='ltr'><strong>si</strong></span> <span class='ocrx_word' id='word_1_248' title='bbox 473 2753 545 2837; x_wconf 90' lang='lat' dir='ltr'><strong>quis</strong></span> <span class='ocrx_word' id='word_1_249' title='bbox 569 2753 667 2836; x_wconf 87' lang='lat' dir='ltr'><strong>igitur</strong></span> <span class='ocrx_word' id='word_1_250' title='bbox 688 2751 784 2816; x_wconf 91' lang='lat' dir='ltr'><strong>huius</strong></span> <span class='ocrx_word' id='word_1_251' title='bbox 807 2753 909 2816; x_wconf 83' lang='lat' dir='ltr'><strong>nostri</strong></span> <span class='ocrx_word' id='word_1_252' title='bbox 932 2754 1099 2838; x_wconf 89' lang='lat' dir='ltr'><strong>praecepti</strong></span> <span class='ocrx_word' id='word_1_253' title='bbox 1118 2774 1156 2816; x_wconf 89' lang='lat' dir='ltr'><strong>ac</strong></span> <span class='ocrx_word' id='word_1_254' title='bbox 1176 2751 1363 2817; x_wconf 86' lang='lat' dir='ltr'><strong>donationis</strong></span> <span class='ocrx_word' id='word_1_255' title='bbox 1384 2775 1445 2817; x_wconf 89' lang='lat' dir='ltr'><strong>nec</strong></span> <span class='ocrx_word' id='word_1_256' title='bbox 1468 2775 1534 2818; x_wconf 94' lang='lat' dir='ltr'><strong>non</strong></span> <span class='ocrx_word' id='word_1_257' title='bbox 1557 2762 1589 2817; x_wconf 90' lang='lat' dir='ltr'><strong>et</strong></span> <span class='ocrx_word' id='word_1_258' title='bbox 1611 2753 1833 2818; x_wconf 88' lang='lat' dir='ltr'><strong>concessionis</strong></span> <span class='ocrx_word' id='word_1_259' title='bbox 1854 2751 2001 2816; x_wconf 87' lang='lat' dir='ltr'><strong>violator</strong></span> <span class='ocrx_word' id='word_1_260' title='bbox 2022 2751 2080 2817; x_wconf 87' lang='lat' dir='ltr'><strong>vel</strong></span> 
     </span>
     <span class='ocr_line' id='line_1_24' title="bbox 419 2854 2079 2942; baseline 0.002 -25"><span class='ocrx_word' id='word_1_261' title='bbox 419 2863 624 2940; x_wconf 89' lang='lat' dir='ltr'><strong>contemptor</strong></span> <span class='ocrx_word' id='word_1_262' title='bbox 654 2856 813 2938; x_wconf 86' lang='lat' dir='ltr'><strong>extiterit,</strong></span> <span class='ocrx_word' id='word_1_263' title='bbox 849 2856 932 2918; x_wconf 90' lang='lat' dir='ltr'><strong>sciat</strong></span> <span class='ocrx_word' id='word_1_264' title='bbox 959 2877 993 2919; x_wconf 92' lang='lat' dir='ltr'><strong>se</strong></span> <span class='ocrx_word' id='word_1_265' title='bbox 1016 2857 1274 2940; x_wconf 88' lang='lat' dir='ltr'><strong>compositurum</strong></span> <span class='ocrx_word' id='word_1_266' title='bbox 1306 2858 1375 2920; x_wconf 91' lang='lat' dir='ltr'><strong>auri</strong></span> <span class='ocrx_word' id='word_1_267' title='bbox 1408 2857 1521 2942; x_wconf 91' lang='lat' dir='ltr'><strong>optimi</strong></span> <span class='ocrx_word' id='word_1_268' title='bbox 1551 2854 1651 2920; x_wconf 89' lang='lat' dir='ltr'><strong>libras</strong></span> <span class='ocrx_word' id='word_1_269' title='bbox 1682 2865 1826 2937; x_wconf 89' lang='lat' dir='ltr'><strong>centum,</strong></span> <span class='ocrx_word' id='word_1_270' title='bbox 1861 2855 2079 2921; x_wconf 89' lang='lat' dir='ltr'><strong>medietatem</strong></span> 
     </span>
     <span class='ocr_line' id='line_1_25' title="bbox 418 2957 2078 3044; baseline 0.001 -23"><span class='ocrx_word' id='word_1_271' title='bbox 418 2979 547 3023; x_wconf 89' lang='lat' dir='ltr'><strong>camere</strong></span> <span class='ocrx_word' id='word_1_272' title='bbox 576 2967 688 3023; x_wconf 87' lang='lat' dir='ltr'><strong>nostre</strong></span> <span class='ocrx_word' id='word_1_273' title='bbox 711 2967 744 3022; x_wconf 88' lang='lat' dir='ltr'><strong>et</strong></span> <span class='ocrx_word' id='word_1_274' title='bbox 766 2957 972 3022; x_wconf 85' lang='lat' dir='ltr'><strong>medietatem</strong></span> <span class='ocrx_word' id='word_1_275' title='bbox 1004 2958 1153 3043; x_wconf 84' lang='lat' dir='ltr'><strong>praelato</strong></span> <span class='ocrx_word' id='word_1_276' title='bbox 1183 2960 1339 3044; x_wconf 91' lang='lat' dir='ltr'><strong>episcopo</strong></span> <span class='ocrx_word' id='word_1_277' title='bbox 1363 2957 1502 3023; x_wconf 89' lang='lat' dir='ltr'><strong>Iohanni</strong></span> <span class='ocrx_word' id='word_1_278' title='bbox 1524 2957 1729 3023; x_wconf 88' lang='lat' dir='ltr'><strong>Bellunensis</strong></span> <span class='ocrx_word' id='word_1_279' title='bbox 1761 2959 1903 3020; x_wconf 86' lang='lat' dir='ltr'><strong>civitatis</strong></span> <span class='ocrx_word' id='word_1_280' title='bbox 1934 2957 1991 3020; x_wconf 88' lang='lat' dir='ltr'><strong>vel</strong></span> <span class='ocrx_word' id='word_1_281' title='bbox 2022 2960 2078 3023; x_wconf 90' lang='lat' dir='ltr'><strong>cui</strong></span> 
     </span>
     <span class='ocr_line' id='line_1_26' title="bbox 417 3057 2130 3146; baseline 0 -22"><span class='ocrx_word' id='word_1_282' title='bbox 417 3062 489 3146; x_wconf 89' lang='lat' dir='ltr'><strong>ipse</strong></span> <span class='ocrx_word' id='word_1_283' title='bbox 516 3060 641 3126; x_wconf 82' lang='lat' dir='ltr'><strong>dederit</strong></span> <span class='ocrx_word' id='word_1_284' title='bbox 662 3061 716 3126; x_wconf 91' lang='lat' dir='ltr'><strong>vel</strong></span> <span class='ocrx_word' id='word_1_285' title='bbox 737 3061 860 3126; x_wconf 88' lang='lat' dir='ltr'><strong>habere</strong></span> <span class='ocrx_word' id='word_1_286' title='bbox 883 3063 1034 3126; x_wconf 89' lang='lat' dir='ltr'><strong>statuerit</strong></span> <span class='ocrx_word' id='word_1_287' title='bbox 1045 3071 1065 3126; x_wconf 81' lang='lat'><strong>¹.</strong></span> <span class='ocrx_word' id='word_1_288' title='bbox 1104 3060 1203 3142; x_wconf 81' lang='lat' dir='ltr'><strong>Quod</strong></span> <span class='ocrx_word' id='word_1_289' title='bbox 1224 3071 1260 3125; x_wconf 91' lang='lat' dir='ltr'><strong>ut</strong></span> <span class='ocrx_word' id='word_1_290' title='bbox 1281 3063 1390 3126; x_wconf 88' lang='lat' dir='ltr'><strong>verius</strong></span> <span class='ocrx_word' id='word_1_291' title='bbox 1413 3059 1565 3126; x_wconf 88' lang='lat' dir='ltr'><strong>credatur</strong></span> <span class='ocrx_word' id='word_1_292' title='bbox 1587 3069 1620 3125; x_wconf 91' lang='lat' dir='ltr'><strong>et</strong></span> <span class='ocrx_word' id='word_1_293' title='bbox 1643 3058 1826 3145; x_wconf 88' lang='lat' dir='ltr'><strong>diligentius</strong></span> <span class='ocrx_word' id='word_1_294' title='bbox 1850 3057 1891 3124; x_wconf 88' lang='lat' dir='ltr'><strong>ab</strong></span> <span class='ocrx_word' id='word_1_295' title='bbox 1917 3059 2076 3126; x_wconf 81' lang='lat' dir='ltr'><strong>omnibus</strong></span> <span class='ocrx_word' id='word_1_296' title='bbox 2096 3077 2130 3124; x_wconf 68' lang='grc' dir='ltr'><strong>ιι</strong></span> 
     </span>
     <span class='ocr_line' id='line_1_27' title="bbox 419 3163 2077 3251; baseline -0.001 -21"><span class='ocrx_word' id='word_1_297' title='bbox 419 3164 618 3250; x_wconf 86' lang='lat' dir='ltr'><strong>observetur,</strong></span> <span class='ocrx_word' id='word_1_298' title='bbox 641 3164 726 3229; x_wconf 92' lang='lat' dir='ltr'><strong>hanc</strong></span> <span class='ocrx_word' id='word_1_299' title='bbox 742 3167 908 3251; x_wconf 90' lang='lat' dir='ltr'><strong>praecepti</strong></span> <span class='ocrx_word' id='word_1_300' title='bbox 927 3167 1082 3251; x_wconf 88' lang='lat' dir='ltr'><strong>paginam</strong></span> <span class='ocrx_word' id='word_1_301' title='bbox 1101 3165 1221 3230; x_wconf 88' lang='lat' dir='ltr'><strong>exinde</strong></span> <span class='ocrx_word' id='word_1_302' title='bbox 1239 3164 1403 3230; x_wconf 87' lang='lat' dir='ltr'><strong>conscribi</strong></span> <span class='ocrx_word' id='word_1_303' title='bbox 1425 3166 1588 3248; x_wconf 88' lang='lat' dir='ltr'><strong>iussimus,</strong></span> <span class='ocrx_word' id='word_1_304' title='bbox 1612 3187 1712 3228; x_wconf 91' lang='lat' dir='ltr'><strong>manu</strong></span> <span class='ocrx_word' id='word_1_305' title='bbox 1727 3164 1861 3249; x_wconf 88' lang='lat' dir='ltr'><strong>propria</strong></span> <span class='ocrx_word' id='word_1_306' title='bbox 1874 3163 2077 3229; x_wconf 83' lang='lat' dir='ltr'><strong>roborantes</strong></span> 
     </span>
     <span class='ocr_line' id='line_1_28' title="bbox 419 3267 1170 3351; baseline 0.003 -19"><span class='ocrx_word' id='word_1_307' title='bbox 419 3267 517 3334; x_wconf 91' lang='lat' dir='ltr'><strong>anulo</strong></span> <span class='ocrx_word' id='word_1_308' title='bbox 539 3279 653 3334; x_wconf 89' lang='lat' dir='ltr'><strong>nostro</strong></span> <span class='ocrx_word' id='word_1_309' title='bbox 677 3269 711 3333; x_wconf 91' lang='lat' dir='ltr'><strong>iu</strong></span> <span class='ocrx_word' id='word_1_310' title='bbox 733 3267 825 3332; x_wconf 90' lang='lat' dir='ltr'><strong>calce</strong></span> <span class='ocrx_word' id='word_1_311' title='bbox 848 3267 983 3351; x_wconf 85' lang='lat' dir='ltr'><strong>sigillari</strong></span> <span class='ocrx_word' id='word_1_312' title='bbox 1006 3269 1170 3334; x_wconf 88' lang='lat' dir='ltr'><strong>iussimus.</strong></span> 
     </span>
    </p>
   </div>
   <div class='ocr_carea' id='block_1_3' title="bbox 420 3403 2130 3697">
    <p class='ocr_par' dir='ltr' id='par_1_3' title="bbox 420 3403 2130 3697">
     <span class='ocr_line' id='line_1_29' title="bbox 521 3403 1845 3491; baseline -0.004 -20"><span class='ocrx_word' id='word_1_313' title='bbox 521 3406 658 3491; x_wconf 86' lang='lat' dir='ltr'><strong>Signum</strong></span> <span class='ocrx_word' id='word_1_314' title='bbox 680 3405 791 3470; x_wconf 91' lang='lat' dir='ltr'><strong>domni</strong></span> <span class='ocrx_word' id='word_1_315' title='bbox 815 3404 946 3471; x_wconf 90' lang='lat' dir='ltr'><strong>Ottonis</strong></span> <span class='ocrx_word' id='word_1_316' title='bbox 969 3408 1079 3490; x_wconf 89' lang='lat' dir='ltr'><strong>magni</strong></span> <span class='ocrx_word' id='word_1_317' title='bbox 1103 3415 1135 3470; x_wconf 91' lang='lat' dir='ltr'><strong>et</strong></span> <span class='ocrx_word' id='word_1_318' title='bbox 1157 3407 1363 3471; x_wconf 90' lang='lat' dir='ltr'><strong>invictissimi</strong></span> <span class='ocrx_word' id='word_1_319' title='bbox 1388 3406 1453 3487; x_wconf 82' lang='lat' dir='ltr'><strong>(M.)</strong></span> <span class='ocrx_word' id='word_1_320' title='bbox 1478 3405 1682 3490; x_wconf 89' lang='lat' dir='ltr'><strong>imperatoris</strong></span> <span class='ocrx_word' id='word_1_321' title='bbox 1705 3403 1845 3487; x_wconf 86' lang='lat' dir='ltr'><strong>augusti.</strong></span> 
     </span>
     <span class='ocr_line' id='line_1_30' title="bbox 520 3507 2078 3595; baseline -0.001 -21"><span class='ocrx_word' id='word_1_322' title='bbox 520 3509 707 3594; x_wconf 86' lang='lat' dir='ltr'><strong>Liutgerius</strong></span> <span class='ocrx_word' id='word_1_323' title='bbox 731 3509 948 3574; x_wconf 88' lang='lat' dir='ltr'><strong>cancellarius</strong></span> <span class='ocrx_word' id='word_1_324' title='bbox 972 3509 1119 3574; x_wconf 91' lang='lat' dir='ltr'><strong>advicem</strong></span> <span class='ocrx_word' id='word_1_325' title='bbox 1133 3508 1296 3575; x_wconf 68' lang='lat' dir='ltr'><strong>Vidonis‘</strong></span> <span class='ocrx_word' id='word_1_326' title='bbox 1318 3511 1464 3595; x_wconf 91' lang='lat' dir='ltr'><strong>episcopi</strong></span> <span class='ocrx_word' id='word_1_327' title='bbox 1488 3518 1520 3573; x_wconf 89' lang='lat' dir='ltr'><strong>et</strong></span> <span class='ocrx_word' id='word_1_328' title='bbox 1535 3507 1815 3573; x_wconf 86' lang='lat' dir='ltr'><strong>archicancellarii</strong></span> <span class='ocrx_word' id='word_1_329' title='bbox 1837 3509 2018 3590; x_wconf 86' lang='lat' dir='ltr'><strong>recognovi</strong></span> <span class='ocrx_word' id='word_1_330' title='bbox 2043 3518 2078 3572; x_wconf 87' lang='lat' dir='ltr'><strong>et</strong></span> 
     </span>
     <span class='ocr_line' id='line_1_31' title="bbox 420 3612 2130 3697; baseline 0.002 -19"><span class='ocrx_word' id='word_1_331' title='bbox 420 3612 611 3697; x_wconf 91' lang='lat' dir='ltr'><strong>subscripsi.</strong></span> <span class='ocrx_word' id='word_1_332' title='bbox 2095 3635 2130 3682; x_wconf 82' lang='lat' dir='ltr'><strong>aa</strong></span> 
     </span>
    </p>
   </div>
   <div class='ocr_carea' id='block_1_4' title="bbox 420 3748 2077 4042">
    <p class='ocr_par' dir='ltr' id='par_1_4' title="bbox 420 3748 2077 4042">
     <span class='ocr_line' id='line_1_32' title="bbox 520 3748 2077 3835; baseline 0 -21"><span class='ocrx_word' id='word_1_333' title='bbox 520 3750 637 3814; x_wconf 82' lang='lat' dir='ltr'><strong>Data¹¹</strong></span> <span class='ocrx_word' id='word_1_334' title='bbox 661 3760 777 3835; x_wconf 87' lang='lat' dir='ltr'><strong>quarto</strong></span> <span class='ocrx_word' id='word_1_335' title='bbox 799 3750 872 3815; x_wconf 91' lang='lat' dir='ltr'><strong>idus</strong></span> <span class='ocrx_word' id='word_1_336' title='bbox 896 3751 1088 3835; x_wconf 90' lang='lat' dir='ltr'><strong>septembris</strong></span> <span class='ocrx_word' id='word_1_337' title='bbox 1112 3774 1197 3818; x_wconf 88' lang='lat' dir='ltr'><strong>auno</strong></span> <span class='ocrx_word' id='word_1_338' title='bbox 1222 3750 1383 3816; x_wconf 92' lang='lat' dir='ltr'><strong>dominice</strong></span> <span class='ocrx_word' id='word_1_339' title='bbox 1406 3750 1640 3814; x_wconf 87' lang='lat' dir='ltr'><strong>incarnationis</strong></span> <span class='ocrx_word' id='word_1_340' title='bbox 1657 3763 1866 3832; x_wconf 80' lang='lat' dir='ltr'><strong>nccccnxm,</strong></span> <span class='ocrx_word' id='word_1_341' title='bbox 1890 3748 2077 3814; x_wconf 89' lang='lat' dir='ltr'><strong>indictione</strong></span> 
     </span>
     <span class='ocr_line' id='line_1_33' title="bbox 420 3852 2077 3940; baseline 0.001 -24"><span class='ocrx_word' id='word_1_342' title='bbox 420 3861 530 3936; x_wconf 84' lang='lat' dir='ltr'><strong>sexta,</strong></span> <span class='ocrx_word' id='word_1_343' title='bbox 565 3875 650 3917; x_wconf 88' lang='lat' dir='ltr'><strong>anno</strong></span> <span class='ocrx_word' id='word_1_344' title='bbox 683 3855 809 3938; x_wconf 88' lang='lat' dir='ltr'><strong>imperii</strong></span> <span class='ocrx_word' id='word_1_345' title='bbox 839 3856 949 3938; x_wconf 87' lang='lat' dir='ltr'><strong>magni</strong></span> <span class='ocrx_word' id='word_1_346' title='bbox 974 3853 1106 3920; x_wconf 89' lang='lat' dir='ltr'><strong>Ottonis</strong></span> <span class='ocrx_word' id='word_1_347' title='bbox 1138 3856 1344 3940; x_wconf 89' lang='lat' dir='ltr'><strong>imperatoris</strong></span> <span class='ocrx_word' id='word_1_348' title='bbox 1377 3855 1506 3938; x_wconf 87' lang='lat' dir='ltr'><strong>augusti</strong></span> <span class='ocrx_word' id='word_1_349' title='bbox 1536 3852 1680 3918; x_wconf 92' lang='lat' dir='ltr'><strong>secundo</strong></span> <span class='ocrx_word' id='word_1_350' title='bbox 1694 3862 1723 3934; x_wconf 69' lang='grc' dir='ltr'><strong>’ς</strong></span> <span class='ocrx_word' id='word_1_351' title='bbox 1758 3861 1866 3916; x_wconf 90' lang='lat' dir='ltr'><strong>actum</strong></span> <span class='ocrx_word' id='word_1_352' title='bbox 1896 3853 1930 3916; x_wconf 92' lang='lat' dir='ltr'><strong>in</strong></span> <span class='ocrx_word' id='word_1_353' title='bbox 1960 3864 2077 3917; x_wconf 89' lang='lat' dir='ltr'><strong>monte</strong></span> 
     </span>
     <span class='ocr_line' id='line_1_34' title="bbox 420 3954 1047 4042; baseline 0.005 -23"><span class='ocrx_word' id='word_1_354' title='bbox 420 3954 546 4020; x_wconf 86' lang='lat' dir='ltr'><strong>Feretri</strong></span> <span class='ocrx_word' id='word_1_355' title='bbox 569 3954 614 4021; x_wconf 90' lang='lat' dir='ltr'><strong>ad</strong></span> <span class='ocrx_word' id='word_1_356' title='bbox 636 3965 762 4042; x_wconf 89' lang='lat' dir='ltr'><strong>petram</strong></span> <span class='ocrx_word' id='word_1_357' title='bbox 786 3959 891 4022; x_wconf 88' lang='lat' dir='ltr'><strong>sancti</strong></span> <span class='ocrx_word' id='word_1_358' title='bbox 914 3959 1047 4024; x_wconf 86' lang='lat' dir='ltr'><strong>Leonis.</strong></span> 
     </span>
    </p>
   </div>
   <div class='ocr_carea' id='block_1_5' title="bbox 429 4142 2128 4398">
    <p class='ocr_par' dir='ltr' id='par_1_5' title="bbox 429 4142 2128 4398">
     <span class='ocr_line' id='line_1_35' title="bbox 1201 4142 1289 4220; baseline 0.045 -4"><span class='ocrx_word' id='word_1_359' title='bbox 1201 4142 1289 4220; x_wconf 81' lang='lat'><strong>26⁰.</strong></span> 
     </span>
     <span class='ocr_line' id='line_1_36' title="bbox 429 4294 2128 4398; baseline 0.003 -26"><span class='ocrx_word' id='word_1_360' title='bbox 429 4294 509 4372; x_wconf 76' lang='lat' dir='ltr'><strong>Otto</strong></span> <span class='ocrx_word' id='word_1_361' title='bbox 536 4297 676 4371; x_wconf 72' lang='lat' dir='ltr'><strong>scieeulrt</strong></span> <span class='ocrx_word' id='word_1_362' title='bbox 701 4297 781 4370; x_wconf 80' lang='lat' dir='ltr'><strong>deae</strong></span> <span class='ocrx_word' id='word_1_363' title='bbox 798 4298 953 4398; x_wconf 81' lang='lat' dir='ltr'><strong>Bischof</strong></span> <span class='ocrx_word' id='word_1_364' title='bbox 969 4298 1073 4372; x_wconf 82' lang='lat' dir='ltr'><strong>Wido</strong></span> <span class='ocrx_word' id='word_1_365' title='bbox 1098 4324 1171 4371; x_wconf 82' lang='lat' dir='ltr'><strong>ocu</strong></span> <span class='ocrx_word' id='word_1_366' title='bbox 1189 4298 1351 4371; x_wconf 85' lang='lat' dir='ltr'><strong>Modeuu</strong></span> <span class='ocrx_word' id='word_1_367' title='bbox 1378 4297 1462 4371; x_wconf 85' lang='lat' dir='ltr'><strong>alles</strong></span> <span class='ocrx_word' id='word_1_368' title='bbox 1487 4323 1561 4370; x_wconf 83' lang='lat' dir='ltr'><strong>was</strong></span> <span class='ocrx_word' id='word_1_369' title='bbox 1588 4297 1693 4371; x_wconf 85' lang='lat' dir='ltr'><strong>Wido</strong></span> <span class='ocrx_word' id='word_1_370' title='bbox 1718 4299 1797 4372; x_wconf 79' lang='lat' dir='ltr'><strong>aad</strong></span> <span class='ocrx_word' id='word_1_371' title='bbox 1813 4299 1982 4388; x_wconf 83' lang='lat' dir='ltr'><strong>Kourod,</strong></span> <span class='ocrx_word' id='word_1_372' title='bbox 2012 4298 2075 4374; x_wconf 83' lang='lat' dir='ltr'><strong>die</strong></span> <span class='ocrx_word' id='word_1_373' title='bbox 2093 4329 2128 4377; x_wconf 79' lang='lat' dir='ltr'><strong>aa</strong></span> 
     </span>
    </p>
   </div>
   <div class='ocr_carea' id='block_1_6' title="bbox 302 4413 2074 4520">
    <p class='ocr_par' dir='ltr' id='par_1_6' title="bbox 302 4413 2074 4520">
     <span class='ocr_line' id='line_1_37' title="bbox 302 4413 2074 4520; baseline 0.002 -30"><span class='ocrx_word' id='word_1_374' title='bbox 302 4487 304 4490; x_wconf 83' lang='lat'>.</span> <span class='ocrx_word' id='word_1_375' title='bbox 420 4413 538 4490; x_wconf 70' lang='lat' dir='ltr'><strong>Sotae</strong></span> <span class='ocrx_word' id='word_1_376' title='bbox 565 4417 754 4516; x_wconf 70' lang='lat' dir='ltr'><strong>Bereugrar</strong></span> <span class='ocrx_word' id='word_1_377' title='bbox 777 4435 822 4493; x_wconf 90' lang='grc' dir='ltr'><strong>ΙΙ.</strong></span> <span class='ocrx_word' id='word_1_378' title='bbox 833 4477 842 4512; x_wconf 91' lang='lat'><strong>,</strong></span> <span class='ocrx_word' id='word_1_379' title='bbox 877 4421 918 4493; x_wconf 86' lang='lat' dir='ltr'><strong>iu</strong></span> <span class='ocrx_word' id='word_1_380' title='bbox 945 4420 1015 4493; x_wconf 84' lang='lat' dir='ltr'><strong>deu</strong></span> <span class='ocrx_word' id='word_1_381' title='bbox 1050 4417 1308 4520; x_wconf 70' lang='lat' dir='ltr'><strong>Grufichufteu</strong></span> <span class='ocrx_word' id='word_1_382' title='bbox 1335 4418 1511 4510; x_wconf 77' lang='lat' dir='ltr'><strong>Medeae,</strong></span> <span class='ocrx_word' id='word_1_383' title='bbox 1548 4417 1716 4517; x_wconf 74' lang='lat' dir='ltr'><strong>Boloquc</strong></span> <span class='ocrx_word' id='word_1_384' title='bbox 1745 4419 1826 4493; x_wconf 72' lang='lat' dir='ltr'><strong>erud</strong></span> <span class='ocrx_word' id='word_1_385' title='bbox 1850 4418 1986 4518; x_wconf 70' lang='lat' dir='ltr'><strong>Reppio</strong></span> <span class='ocrx_word' id='word_1_386' title='bbox 2014 4446 2074 4494; x_wconf 83' lang='lat' dir='ltr'><strong>er·</strong></span> 
     </span>
    </p>
   </div>
   <div class='ocr_carea' id='block_1_7' title="bbox 419 4538 2073 4754">
    <p class='ocr_par' dir='ltr' id='par_1_7' title="bbox 419 4538 2073 4754">
     <span class='ocr_line' id='line_1_38' title="bbox 419 4538 2073 4638; baseline 0.002 -28"><span class='ocrx_word' id='word_1_387' title='bbox 419 4538 562 4610; x_wconf 79' lang='lat' dir='ltr'><strong>werbert</strong></span> <span class='ocrx_word' id='word_1_388' title='bbox 595 4538 731 4632; x_wconf 67' lang='lat' dir='ltr'><strong>buttem</strong></span> <span class='ocrx_word' id='word_1_389' title='bbox 765 4540 846 4614; x_wconf 80' lang='lat' dir='ltr'><strong>aud</strong></span> <span class='ocrx_word' id='word_1_390' title='bbox 876 4541 1023 4614; x_wconf 81' lang='lat' dir='ltr'><strong>verleibt</strong></span> <span class='ocrx_word' id='word_1_391' title='bbox 1054 4540 1127 4613; x_wconf 70' lang='grc' dir='ltr'>ι’ὴιιι</span> <span class='ocrx_word' id='word_1_392' title='bbox 1159 4539 1282 4638; x_wconf 79' lang='lat' dir='ltr'><strong>behufs</strong></span> <span class='ocrx_word' id='word_1_393' title='bbox 1307 4539 1537 4637; x_wconf 66' lang='lat' dir='ltr'><strong>dhaerbuugr</strong></span> <span class='ocrx_word' id='word_1_394' title='bbox 1570 4539 1686 4613; x_wconf 82' lang='lat' dir='ltr'><strong>dieser</strong></span> <span class='ocrx_word' id='word_1_395' title='bbox 1712 4540 1949 4638; x_wconf 72' lang='lat' dir='ltr'><strong>Bes-itzuuyeu</strong></span> <span class='ocrx_word' id='word_1_396' title='bbox 1976 4567 2073 4636; x_wconf 81' lang='lat' dir='ltr'><strong>pro-</strong></span> 
     </span>
     <span class='ocr_line' id='line_1_39' title="bbox 420 4658 2026 4754; baseline 0.006 -24"><span class='ocrx_word' id='word_1_397' title='bbox 420 4658 571 4732; x_wconf 80' lang='lat' dir='ltr'><strong>cessuule</strong></span> <span class='ocrx_word' id='word_1_398' title='bbox 599 4658 793 4734; x_wconf 81' lang='lat' dir='ltr'><strong>Vorrecbte.</strong></span> <span class='ocrx_word' id='word_1_399' title='bbox 1557 4679 1588 4740; x_wconf 81' lang='lat' dir='ltr'><strong>S.</strong></span> <span class='ocrx_word' id='word_1_400' title='bbox 1612 4679 1675 4739; x_wconf 77' lang='lat' dir='ltr'><strong>Leo</strong></span> <span class='ocrx_word' id='word_1_401' title='bbox 1697 4683 1760 4742; x_wconf 81' lang='lat'><strong>963</strong></span> <span class='ocrx_word' id='word_1_402' title='bbox 1783 4680 1951 4754; x_wconf 74' lang='lat' dir='ltr'><strong>Septauer</strong></span> <span class='ocrx_word' id='word_1_403' title='bbox 1973 4685 2026 4740; x_wconf 82' lang='lat'><strong>12.</strong></span> 
     </span>
    </p>
   </div>
   <div class='ocr_carea' id='block_1_8' title="bbox 525 4849 1370 4930">
    <p class='ocr_par' dir='ltr' id='par_1_8' title="bbox 525 4849 1370 4930">
     <span class='ocr_line' id='line_1_40' title="bbox 525 4849 1370 4930; baseline 0.002 -22"><span class='ocrx_word' id='word_1_404' title='bbox 525 4849 770 4924; x_wconf 72' lang='lat' dir='ltr'><strong>Oripiuuldipivrm</strong></span> <span class='ocrx_word' id='word_1_405' title='bbox 792 4853 835 4910; x_wconf 84' lang='lat' dir='ltr'><strong>im</strong></span> <span class='ocrx_word' id='word_1_406' title='bbox 859 4851 1075 4924; x_wconf 78' lang='lat' dir='ltr'><strong>Cupitelarchiu</strong></span> <span class='ocrx_word' id='word_1_407' title='bbox 1095 4869 1136 4910; x_wconf 77' lang='lat' dir='ltr'><strong>su</strong></span> <span class='ocrx_word' id='word_1_408' title='bbox 1158 4851 1289 4910; x_wconf 70' lang='lat' dir='ltr'><strong>Modera</strong></span> <span class='ocrx_word' id='word_1_409' title='bbox 1310 4849 1370 4930; x_wconf 74' lang='lat' dir='ltr'><em>(A).</em></span> 
     </span>
    </p>
   </div>
   <div class='ocr_carea' id='block_1_9' title="bbox 522 4987 2130 5172">
    <p class='ocr_par' dir='ltr' id='par_1_9' title="bbox 522 4987 2130 5172">
     <span class='ocr_line' id='line_1_41' title="bbox 524 4987 2130 5062; baseline -0.001 -14"><span class='ocrx_word' id='word_1_410' title='bbox 524 4988 664 5062; x_wconf 69' lang='lat' dir='ltr'><strong>siqonius</strong></span> <span class='ocrx_word' id='word_1_411' title='bbox 687 4989 768 5048; x_wconf 82' lang='lat' dir='ltr'><strong>Hist.</strong></span> <span class='ocrx_word' id='word_1_412' title='bbox 792 4988 829 5047; x_wconf 80' lang='lat' dir='ltr'><strong>de</strong></span> <span class='ocrx_word' id='word_1_413' title='bbox 849 5005 937 5062; x_wconf 67' lang='lat' dir='ltr'><strong>repro</strong></span> <span class='ocrx_word' id='word_1_414' title='bbox 959 4989 1068 5047; x_wconf 74' lang='lat' dir='ltr'><strong>ltaliae</strong></span> <span class='ocrx_word' id='word_1_415' title='bbox 1090 4989 1134 5047; x_wconf 81' lang='lat' dir='ltr'><strong>ed.</strong></span> <span class='ocrx_word' id='word_1_416' title='bbox 1158 4990 1186 5059; x_wconf 88' lang='lat' dir='ltr'><strong>I,</strong></span> <span class='ocrx_word' id='word_1_417' title='bbox 1208 4993 1273 5050; x_wconf 77' lang='lat'><strong>274</strong></span> <span class='ocrx_word' id='word_1_418' title='bbox 1296 4991 1345 5049; x_wconf 83' lang='lat' dir='ltr'><strong>cit.</strong></span> <span class='ocrx_word' id='word_1_419' title='bbox 1367 5007 1408 5047; x_wconf 76' lang='lat' dir='ltr'><strong>au</strong></span> <span class='ocrx_word' id='word_1_420' title='bbox 1427 4988 1594 5062; x_wconf 77' lang='lat' dir='ltr'><strong>September</strong></span> <span class='ocrx_word' id='word_1_421' title='bbox 1615 4993 1666 5048; x_wconf 86' lang='lat'><strong>13.</strong></span> <span class='ocrx_word' id='word_1_422' title='bbox 1690 5020 1733 5030; x_wconf 90' lang='lat'>—</span> <span class='ocrx_word' id='word_1_423' title='bbox 1751 4987 1953 5061; x_wconf 71' lang='lat' dir='ltr'><strong>Sdliuyardus</strong></span> <span class='ocrx_word' id='word_1_424' title='bbox 1974 4987 2073 5058; x_wconf 75' lang='lat' dir='ltr'><strong>Catul,</strong></span> <span class='ocrx_word' id='word_1_425' title='bbox 2094 5007 2130 5056; x_wconf 76' lang='grc' dir='ltr'>ιο</span> 
     </span>
     <span class='ocr_line' id='line_1_42' title="bbox 522 5089 2075 5172; baseline 0.001 -23"><span class='ocrx_word' id='word_1_426' title='bbox 522 5107 566 5164; x_wconf 78' lang='lat' dir='ltr'><strong>ep.</strong></span> <span class='ocrx_word' id='word_1_427' title='bbox 583 5091 805 5150; x_wconf 69' lang='lat' dir='ltr'><strong>Mutinensium</strong></span> <span class='ocrx_word' id='word_1_428' title='bbox 821 5095 862 5151; x_wconf 79' lang='lat'><strong>43</strong></span> <span class='ocrx_word' id='word_1_429' title='bbox 879 5115 917 5144; x_wconf 89' lang='lat'><strong><em>=</em></strong></span> <span class='ocrx_word' id='word_1_430' title='bbox 940 5091 1054 5164; x_wconf 72' lang='lat' dir='ltr'><strong>Uqhelli</strong></span> <span class='ocrx_word' id='word_1_431' title='bbox 1071 5091 1164 5150; x_wconf 80' lang='lat' dir='ltr'><strong>Italia</strong></span> <span class='ocrx_word' id='word_1_432' title='bbox 1186 5109 1273 5151; x_wconf 84' lang='lat' dir='ltr'><strong>sacra</strong></span> <span class='ocrx_word' id='word_1_433' title='bbox 1296 5094 1339 5152; x_wconf 81' lang='lat' dir='ltr'><strong>ed.</strong></span> <span class='ocrx_word' id='word_1_434' title='bbox 1364 5093 1390 5163; x_wconf 89' lang='lat' dir='ltr'><strong>I,</strong></span> <span class='ocrx_word' id='word_1_435' title='bbox 1413 5093 1643 5163; x_wconf 79' lang='lat' dir='ltr'><strong>2,130=ed.</strong></span> <span class='ocrx_word' id='word_1_436' title='bbox 1668 5092 1712 5164; x_wconf 89' lang='lat' dir='ltr'><strong>II,</strong></span> <span class='ocrx_word' id='word_1_437' title='bbox 1735 5095 1766 5162; x_wconf 79' lang='lat'><strong>2,</strong></span> <span class='ocrx_word' id='word_1_438' title='bbox 1789 5094 1859 5150; x_wconf 77' lang='lat'><em>104.</em></span> <span class='ocrx_word' id='word_1_439' title='bbox 1875 5089 2075 5172; x_wconf 74' lang='lat' dir='ltr'><strong>——(Saviolr)</strong></span> 
     </span>
    </p>
   </div>
   <div class='ocr_carea' id='block_1_10' title="bbox 504 5240 2130 5720">
    <p class='ocr_par' dir='ltr' id='par_1_10' title="bbox 504 5240 2130 5720">
     <span class='ocr_line' id='line_1_43' title="bbox 504 5240 2077 5308; baseline -0.001 -13"><span class='ocrx_word' id='word_1_440' title='bbox 504 5240 564 5295; x_wconf 73' lang='lat'><strong>2⁵⁰.</strong></span> <span class='ocrx_word' id='word_1_441' title='bbox 590 5245 610 5303; x_wconf 92' lang='lat' dir='ltr'><strong>i)</strong></span> <span class='ocrx_word' id='word_1_442' title='bbox 623 5241 768 5292; x_wconf 77' lang='lat' dir='ltr'><strong>Audeuirto</strong></span> <span class='ocrx_word' id='word_1_443' title='bbox 787 5243 854 5308; x_wconf 59' lang='lat' dir='ltr'><strong>dyo-r</strong></span> <span class='ocrx_word' id='word_1_444' title='bbox 865 5240 896 5306; x_wconf 80' lang='lat' dir='ltr'><strong>A,</strong></span> <span class='ocrx_word' id='word_1_445' title='bbox 914 5242 1035 5292; x_wconf 69' lang='lat' dir='ltr'><strong>tuderto</strong></span> <span class='ocrx_word' id='word_1_446' title='bbox 1055 5242 1112 5292; x_wconf 76' lang='lat' dir='ltr'><strong>diat</strong></span> <span class='ocrx_word' id='word_1_447' title='bbox 1122 5243 1155 5303; x_wconf 84' lang='lat' dir='ltr'><strong>B,</strong></span> <span class='ocrx_word' id='word_1_448' title='bbox 1175 5243 1311 5294; x_wconf 88' lang='lat' dir='ltr'><strong>Ruduerto</strong></span> <span class='ocrx_word' id='word_1_449' title='bbox 1321 5243 1354 5306; x_wconf 77' lang='lat' dir='ltr'><strong>E,</strong></span> <span class='ocrx_word' id='word_1_450' title='bbox 1372 5244 1584 5295; x_wconf 82' lang='lat' dir='ltr'><strong>Audvartordine</strong></span> <span class='ocrx_word' id='word_1_451' title='bbox 1599 5243 1623 5294; x_wconf 90' lang='lat' dir='ltr'><strong><em>V</em></strong></span> <span class='ocrx_word' id='word_1_452' title='bbox 1687 5244 1715 5308; x_wconf 81' lang='lat' dir='ltr'><strong>k)</strong></span> <span class='ocrx_word' id='word_1_453' title='bbox 1733 5245 1779 5293; x_wconf 79' lang='lat' dir='ltr'><strong>mu</strong></span> <span class='ocrx_word' id='word_1_454' title='bbox 1793 5245 1915 5308; x_wconf 60' lang='lat' dir='ltr'><strong>quinque</strong></span> <span class='ocrx_word' id='word_1_455' title='bbox 1929 5241 2077 5294; x_wconf 74' lang='lat' dir='ltr'><strong>Vas-iontem</strong></span> 
     </span>
     <span class='ocr_line' id='line_1_44' title="bbox 589 5309 2075 5378; baseline 0.001 -18"><span class='ocrx_word' id='word_1_456' title='bbox 589 5310 654 5372; x_wconf 78' lang='lat' dir='ltr'><strong>alle,</strong></span> <span class='ocrx_word' id='word_1_457' title='bbox 673 5311 850 5375; x_wconf 83' lang='lat' dir='ltr'><strong>depacinense</strong></span> <span class='ocrx_word' id='word_1_458' title='bbox 866 5327 917 5361; x_wconf 77' lang='grc' dir='ltr'>ιιιιι·</span> <span class='ocrx_word' id='word_1_459' title='bbox 934 5311 956 5361; x_wconf 79' lang='lat' dir='ltr'><em>A</em></span> <span class='ocrx_word' id='word_1_460' title='bbox 1060 5312 1079 5372; x_wconf 81' lang='lat' dir='ltr'><strong>l)</strong></span> <span class='ocrx_word' id='word_1_461' title='bbox 1100 5309 1188 5375; x_wconf 76' lang='lat' dir='ltr'><strong>ADF,</strong></span> <span class='ocrx_word' id='word_1_462' title='bbox 1207 5313 1306 5362; x_wconf 89' lang='lat' dir='ltr'><strong>babere</strong></span> <span class='ocrx_word' id='word_1_463' title='bbox 1325 5311 1451 5363; x_wconf 77' lang='lat' dir='ltr'><strong>130qu</strong></span> <span class='ocrx_word' id='word_1_464' title='bbox 1551 5313 1587 5377; x_wconf 90' lang='lat' dir='ltr'><strong>m)</strong></span> <span class='ocrx_word' id='word_1_465' title='bbox 1598 5311 1661 5375; x_wconf 84' lang='lat' dir='ltr'><strong>AB,</strong></span> <span class='ocrx_word' id='word_1_466' title='bbox 1680 5312 1776 5362; x_wconf 79' lang='lat' dir='ltr'><strong>cadere</strong></span> <span class='ocrx_word' id='word_1_467' title='bbox 1793 5314 1862 5362; x_wconf 86' lang='lat' dir='ltr'><strong>vcn&#39;s</strong></span> <span class='ocrx_word' id='word_1_468' title='bbox 1967 5314 1996 5373; x_wconf 93' lang='lat' dir='ltr'><strong>n)</strong></span> <span class='ocrx_word' id='word_1_469' title='bbox 2010 5312 2075 5378; x_wconf 72' lang='lat' dir='ltr'><strong>Er,</strong></span> 
     </span>
     <span class='ocr_line' id='line_1_45' title="bbox 589 5378 2076 5448; baseline 0.002 -19"><span class='ocrx_word' id='word_1_470' title='bbox 589 5395 695 5445; x_wconf 90' lang='lat' dir='ltr'><strong>quoque</strong></span> <span class='ocrx_word' id='word_1_471' title='bbox 708 5379 815 5430; x_wconf 70' lang='grc' dir='ltr'><strong>ΑΒΜ</strong></span> <span class='ocrx_word' id='word_1_472' title='bbox 902 5381 928 5440; x_wconf 92' lang='grc' dir='ltr'><strong>ο)</strong></span> <span class='ocrx_word' id='word_1_473' title='bbox 944 5378 1045 5442; x_wconf 81' lang='lat' dir='ltr'><strong>OFPV,</strong></span> <span class='ocrx_word' id='word_1_474' title='bbox 1064 5397 1111 5444; x_wconf 90' lang='lat' dir='ltr'><strong>per</strong></span> <span class='ocrx_word' id='word_1_475' title='bbox 1129 5383 1220 5432; x_wconf 85' lang='lat' dir='ltr'><strong>omnia</strong></span> <span class='ocrx_word' id='word_1_476' title='bbox 1230 5380 1337 5432; x_wconf 78' lang='lat' dir='ltr'><em>ABDE</em></span> <span class='ocrx_word' id='word_1_477' title='bbox 1429 5383 1457 5448; x_wconf 84' lang='lat' dir='ltr'><strong>p)</strong></span> <span class='ocrx_word' id='word_1_478' title='bbox 1476 5382 1621 5432; x_wconf 84' lang='lat' dir='ltr'><strong>decreverit</strong></span> <span class='ocrx_word' id='word_1_479' title='bbox 1638 5387 1728 5432; x_wconf 85' lang='lat' dir='ltr'><strong>nostra</strong></span> <span class='ocrx_word' id='word_1_480' title='bbox 1746 5387 1946 5446; x_wconf 85' lang='lat' dir='ltr'><strong>nostrorumque</strong></span> <span class='ocrx_word' id='word_1_481' title='bbox 1965 5397 2076 5432; x_wconf 87' lang='lat' dir='ltr'><strong>succes-</strong></span> 
     </span>
     <span class='ocr_line' id='line_1_46' title="bbox 590 5447 2130 5516; baseline 0.002 -17"><span class='ocrx_word' id='word_1_482' title='bbox 590 5464 678 5499; x_wconf 86' lang='lat' dir='ltr'><strong>sorum</strong></span> <span class='ocrx_word' id='word_1_483' title='bbox 698 5455 725 5498; x_wconf 89' lang='lat' dir='ltr'><strong>et</strong></span> <span class='ocrx_word' id='word_1_484' title='bbox 742 5454 802 5514; x_wconf 86' lang='lat' dir='ltr'><strong>post</strong></span> <span class='ocrx_word' id='word_1_485' title='bbox 818 5465 839 5499; x_wconf 91' lang='lat' dir='ltr'><strong>s.</strong></span> <span class='ocrx_word' id='word_1_486' title='bbox 852 5465 877 5500; x_wconf 84' lang='grc' dir='ltr'><strong>ι.</strong></span> <span class='ocrx_word' id='word_1_487' title='bbox 891 5449 915 5499; x_wconf 87' lang='lat' dir='ltr'><strong>d.</strong></span> <span class='ocrx_word' id='word_1_488' title='bbox 929 5449 953 5500; x_wconf 91' lang='lat' dir='ltr'><strong>d.</strong></span> <span class='ocrx_word' id='word_1_489' title='bbox 967 5452 983 5498; x_wconf 93' lang='lat' dir='ltr'><strong>i.</strong></span> <span class='ocrx_word' id='word_1_490' title='bbox 997 5466 1019 5500; x_wconf 85' lang='lat' dir='ltr'><strong>a.</strong></span> <span class='ocrx_word' id='word_1_491' title='bbox 1032 5465 1053 5498; x_wconf 87' lang='lat' dir='ltr'><strong>s.</strong></span> <span class='ocrx_word' id='word_1_492' title='bbox 1067 5449 1175 5499; x_wconf 82' lang='lat' dir='ltr'><strong>Martini</strong></span> <span class='ocrx_word' id='word_1_493' title='bbox 1193 5451 1309 5500; x_wconf 88' lang='lat' dir='ltr'><strong>omnium</strong></span> <span class='ocrx_word' id='word_1_494' title='bbox 1321 5450 1353 5513; x_wconf 79' lang='lat' dir='ltr'><strong>A,</strong></span> <span class='ocrx_word' id='word_1_495' title='bbox 1371 5448 1492 5500; x_wconf 67' lang='lat' dir='ltr'><strong>usmeta</strong></span> <span class='ocrx_word' id='word_1_496' title='bbox 1503 5449 1693 5516; x_wconf 67' lang='lat' dir='ltr'><strong>Amusmnqen</strong></span> <span class='ocrx_word' id='word_1_497' title='bbox 1710 5447 1765 5498; x_wconf 75' lang='lat' dir='ltr'><strong>arrd</strong></span> <span class='ocrx_word' id='word_1_498' title='bbox 1779 5447 1967 5514; x_wconf 71' lang='lat' dir='ltr'><strong>Veratelluaqea</strong></span> <span class='ocrx_word' id='word_1_499' title='bbox 1979 5452 2009 5498; x_wconf 77' lang='lat' dir='ltr'><strong>iu</strong></span> <span class='ocrx_word' id='word_1_500' title='bbox 2021 5451 2077 5501; x_wconf 79' lang='lat' dir='ltr'><strong>den</strong></span> <span class='ocrx_word' id='word_1_501' title='bbox 2094 5453 2130 5502; x_wconf 73' lang='lat'><strong>4⁵</strong></span> 
     </span>
     <span class='ocr_line' id='line_1_47' title="bbox 588 5515 2076 5584; baseline 0.002 -17"><span class='ocrx_word' id='word_1_502' title='bbox 588 5515 689 5567; x_wconf 65' lang='lat' dir='ltr'><strong>andam</strong></span> <span class='ocrx_word' id='word_1_503' title='bbox 704 5515 801 5582; x_wconf 71' lang='lat' dir='ltr'><strong>Copten</strong></span> <span class='ocrx_word' id='word_1_504' title='bbox 897 5521 923 5583; x_wconf 89' lang='lat' dir='ltr'><strong>q)</strong></span> <span class='ocrx_word' id='word_1_505' title='bbox 942 5515 1024 5579; x_wconf 73' lang='lat' dir='ltr'><strong>Rev,</strong></span> <span class='ocrx_word' id='word_1_506' title='bbox 1042 5523 1111 5567; x_wconf 75' lang='lat' dir='ltr'><strong>acuat</strong></span> <span class='ocrx_word' id='word_1_507' title='bbox 1122 5517 1234 5580; x_wconf 62' lang='lat' dir='ltr'><strong>Jchleud</strong></span> <span class='ocrx_word' id='word_1_508' title='bbox 1329 5522 1350 5581; x_wconf 92' lang='lat' dir='ltr'><strong>r)</strong></span> <span class='ocrx_word' id='word_1_509' title='bbox 1371 5523 1473 5583; x_wconf 62' lang='lat' dir='ltr'><strong>eradant</strong></span> <span class='ocrx_word' id='word_1_510' title='bbox 1488 5518 1555 5568; x_wconf 69' lang='lat' dir='ltr'><strong>nacla</strong></span> <span class='ocrx_word' id='word_1_511' title='bbox 1569 5519 1604 5570; x_wconf 90' lang='lat' dir='ltr'><strong>D.</strong></span> <span class='ocrx_word' id='word_1_512' title='bbox 1616 5517 1728 5569; x_wconf 71' lang='lat' dir='ltr'><strong>Koma</strong></span> <span class='ocrx_word' id='word_1_513' title='bbox 1741 5529 1771 5570; x_wconf 88' lang='lat'><strong>11.</strong></span> <span class='ocrx_word' id='word_1_514' title='bbox 1791 5516 1901 5582; x_wconf 76' lang='lat' dir='ltr'><strong>Stumpf</strong></span> <span class='ocrx_word' id='word_1_515' title='bbox 1912 5517 1977 5584; x_wconf 61' lang='lat' dir='ltr'><strong>Rey.</strong></span> <span class='ocrx_word' id='word_1_516' title='bbox 1996 5520 2076 5570; x_wconf 80' lang='grc'><em>2018</em></span> 
     </span>
     <span class='ocr_line' id='line_1_48' title="bbox 590 5585 2076 5654; baseline 0.002 -18"><span class='ocrx_word' id='word_1_517' title='bbox 590 5589 612 5648; x_wconf 91' lang='lat' dir='ltr'><strong>s)</strong></span> <span class='ocrx_word' id='word_1_518' title='bbox 632 5586 761 5651; x_wconf 84' lang='lat' dir='ltr'><strong>placuerit</strong></span> <span class='ocrx_word' id='word_1_519' title='bbox 777 5585 830 5636; x_wconf 78' lang='grc' dir='ltr'><strong>ΕΡ</strong></span> <span class='ocrx_word' id='word_1_520' title='bbox 930 5589 950 5650; x_wconf 86' lang='lat' dir='ltr'><strong>t)</strong></span> <span class='ocrx_word' id='word_1_521' title='bbox 967 5585 1040 5637; x_wconf 71' lang='lat' dir='ltr'><strong>boida</strong></span> <span class='ocrx_word' id='word_1_522' title='bbox 1059 5586 1159 5638; x_wconf 75' lang='lat' dir='ltr'><strong>Nausea</strong></span> <span class='ocrx_word' id='word_1_523' title='bbox 1175 5589 1205 5636; x_wconf 83' lang='grc' dir='ltr'><strong>ιἰι</strong></span> <span class='ocrx_word' id='word_1_524' title='bbox 1221 5587 1273 5638; x_wconf 81' lang='lat' dir='ltr'><strong>deu</strong></span> <span class='ocrx_word' id='word_1_525' title='bbox 1292 5586 1389 5652; x_wconf 65' lang='lat' dir='ltr'><strong>capam</strong></span> <span class='ocrx_word' id='word_1_526' title='bbox 1412 5587 1595 5653; x_wconf 65' lang='lat' dir='ltr'><strong>miffalts&#39;q</strong></span> <span class='ocrx_word' id='word_1_527' title='bbox 1611 5587 1727 5638; x_wconf 60' lang='lat' dir='ltr'><strong>sedate</strong></span> <span class='ocrx_word' id='word_1_528' title='bbox 1829 5585 1859 5654; x_wconf 92' lang='lat' dir='ltr'><strong>u)</strong></span> <span class='ocrx_word' id='word_1_529' title='bbox 1878 5585 1904 5650; x_wconf 88' lang='lat' dir='ltr'><strong>V,</strong></span> <span class='ocrx_word' id='word_1_530' title='bbox 1927 5587 2020 5638; x_wconf 88' lang='lat' dir='ltr'><strong>datum</strong></span> <span class='ocrx_word' id='word_1_531' title='bbox 2040 5589 2076 5654; x_wconf 89' lang='lat' dir='ltr'><strong>P,</strong></span> 
     </span>
     <span class='ocr_line' id='line_1_49' title="bbox 589 5653 1472 5720; baseline -0.001 -12"><span class='ocrx_word' id='word_1_532' title='bbox 589 5659 660 5708; x_wconf 73' lang='lat' dir='ltr'><strong>emt</strong></span> <span class='ocrx_word' id='word_1_533' title='bbox 678 5661 738 5707; x_wconf 85' lang='lat' dir='ltr'><strong>acta</strong></span> <span class='ocrx_word' id='word_1_534' title='bbox 755 5654 818 5705; x_wconf 77' lang='lat' dir='ltr'><strong>odor</strong></span> <span class='ocrx_word' id='word_1_535' title='bbox 834 5660 922 5706; x_wconf 84' lang='lat' dir='ltr'><strong>actum</strong></span> <span class='ocrx_word' id='word_1_536' title='bbox 1026 5654 1054 5720; x_wconf 83' lang='lat' dir='ltr'><strong>r)</strong></span> <span class='ocrx_word' id='word_1_537' title='bbox 1073 5655 1107 5720; x_wconf 74' lang='lat' dir='ltr'><strong>E,</strong></span> <span class='ocrx_word' id='word_1_538' title='bbox 1124 5657 1201 5706; x_wconf 88' lang='lat' dir='ltr'><strong>tertio</strong></span> <span class='ocrx_word' id='word_1_539' title='bbox 1219 5656 1252 5720; x_wconf 90' lang='lat' dir='ltr'><strong>P,</strong></span> <span class='ocrx_word' id='word_1_540' title='bbox 1270 5663 1340 5707; x_wconf 73' lang='lat' dir='ltr'><strong>sonat</strong></span> <span class='ocrx_word' id='word_1_541' title='bbox 1350 5653 1472 5720; x_wconf 60' lang='lat' dir='ltr'><strong>schiera·</strong></span> 
     </span>
    </p>
   </div>
   <div class='ocr_carea' id='block_1_11' title="bbox 0 0 2259 6420">
    <p class='ocr_par' dir='ltr' id='par_1_11' title="bbox 0 0 2259 6420">
     <span class='ocr_line' id='line_1_50' title="bbox 0 0 2259 6420; baseline 0 0"><span class='ocrx_word' id='word_1_542' title='bbox 0 0 2259 6420; x_wconf 95' lang='lat' dir='ltr'><strong> </strong></span> 
     </span>
    </p>
   </div>
  </div>
 </body>
</html>
