4538 6436
305 409 370 476 494

306 601 378 666 lene
401 605 566 668 territorio
583 604 702 687 Domo,
727 608 924 672 monasterio
948 608 1107 695 siquidem

307 706 396 791 quod
411 717 637 775 constructum
659 711 692 773 in
713 709 838 776 honore
855 713 960 777 sancti
977 711 1106 779 Erasmi

305 811 461 892 martyris
499 813 660 878 territorio
697 809 836 879 Teatino
872 805 973 900 super
1006 815 1105 881 fluvio

304 913 413 976 Fauro
439 921 475 978 et
497 915 530 978 in
553 915 676 980 Lauria
706 915 876 982 sanctam¹
901 919 1106 984 Felicitatem

303 1014 359 1080 ubi
383 1013 507 1081 dicitur
522 1018 565 1082 ad
580 1017 719 1102 Turrim,
744 1021 904 1106 siquidem
928 1043 954 1088 st
976 1045 1105 1090 monate-

302 1134 370 1182 rium
401 1135 491 1183 sancti
521 1134 616 1200 Angeli
645 1138 673 1185 in
702 1137 829 1204 Barregio
856 1147 930 1190 cum
955 1125 1104 1192 omnibus

303 1222 369 1286 suls
400 1222 623 1305 pertinentiis,
659 1253 705 1290 seu
735 1247 761 1291 et
793 1244 981 1293 monasterium
1014 1249 1104 1295 sancte

301 1339 385 1388 Maris
422 1340 452 1387 in
488 1341 619 1390 territorio
655 1342 806 1393 Marsicano
843 1345 915 1409 quod
952 1348 1032 1396 situm
1064 1353 1104 1398 est

300 1443 328 1490 tn
350 1441 410 1492 loco
434 1442 590 1506 apinianici
621 1451 696 1494 eum
727 1431 877 1497 omnibus
901 1433 1048 1500 ecclesiis
1072 1445 1103 1500 et

301 1529 391 1593 cellis
416 1529 481 1594 sibi
505 1531 659 1596 subiectis
683 1543 812 1600 etcum
837 1536 987 1602 omnibus
1010 1541 1105 1622 perti-

299 1632 835 1720 66611116616116666111666166,
859 1670 914 1704 una
931 1671 991 1705 cum
1010 1660 1103 1708 6666

300 1753 431 1819 cappellis
461 1754 546 1803 titulis
574 1756 643 1804 casis
672 1757 749 1806 terris
777 1758 862 1807 vineis
892 1761 992 1824 campis
1020 1762 1102 1824 pratis

299 1859 408 1921 pascuis
432 1857 509 1908 silvis
531 1859 653 1921 piscariis
676 1860 835 1911 molendinis
864 1863 940 1926 aquis
963 1879 1102 1928 aquarum·

299 1977 351 2027 que
381 1962 542 2012 decursibus
570 1964 653 2012 servis
682 1969 708 2012 et
736 1964 841 2014 ancillis
874 1965 908 2014 ad
942 1967 1102 2030 prelibatum

299 2067 493 2115 monasterium
516 2067 709 2130 pertinentibus
731 2068 774 2118 vel
797 2071 999 2133 respicientibus
1017 2072 1044 2120 in
1063 2072 1101 2120 in-

299 2173 417 2234 tegrum,
442 2169 542 2218 Christi
565 2169 689 2220 videlicet
711 2173 833 2235 mampsis
856 2172 1006 2236 Uiucentii,
1030 2173 1101 2238 quod

299 2272 416 2336 positum
441 2277 483 2322 est
506 2273 533 2322 in
548 2271 646 2324 finibus
661 2274 866 2326 Beneventanis.
901 2275 1047 2326 Statuimus
1062 2277 1100 2326 in-

298 2391 379 2441 super
402 2392 434 2426 ae
458 2380 551 2426 nostra
573 2378 717 2442 preceptali
748 2381 906 2429 anctoritate
936 2380 1100 2430 decrevimus

298 2485 336 2544 nt,
360 2480 383 2530 si
406 2479 501 2544 aliqua
522 2480 634 2530 intentio
657 2485 716 2530 orta
737 2480 818 2530 fuerit
840 2481 872 2531 de
888 2483 967 2531 rebus
983 2487 1009 2532 et
1023 2483 1098 2531 fauri-

297 2582 341 2633 1116
365 2581 485 2632 eiusdem
512 2583 677 2644 monasterii,
706 2582 786 2632 liceat
814 2583 999 2634 advocatorem
1023 2601 1098 2634 suurn

297 2702 346 2751 per
369 2686 571 2751 inquisitionem
593 2686 828 2736 circamanentium
851 2686 995 2736 liberorum
1017 2688 1097 2738 homi-

297 2805 362 2840 num
384 2805 400 2836 ιι
423 2789 475 2838 hoc
500 2787 609 2839 definire
632 2795 659 2839 61
681 2805 741 2840 666
764 2789 901 2841 definitum
924 2791 1011 2853 fuerit,
1035 2796 1098 2841 tunc

297 2892 404 2941 (16666
427 2893 501 2957 ipsas
524 2905 566 2940 res
589 2898 616 2941 et
637 2893 753 2943 familias
775 2907 836 2958 pars
859 2893 970 2957 predicti
993 2894 1098 2944 cenobii

297 3000 390 3045 nostra
411 2996 560 3061 preceptali
583 2998 741 3046 anctoritate
755 2996 853 3046 habeat
868 3001 947 3060 atque
963 2996 1097 3061 possideat

296 3098 354 3148 iure
383 3100 484 3164 quieto.
521 3099 680 3174 Recepimus
708 3106 830 3165 preterea
854 3105 1021 3164 pretaxatam
1044 3117 1097 3151 mo-

296 3203 443 3251 nasterium
473 3218 534 3252 cum
563 3205 687 3254 omnibus
709 3205 855 3269 pretaxatis
877 3205 1044 3254 monasteriis
1066 3218 1097 3253 ac

297 3303 381 3368 cellis,
405 3306 487 3355 rebus
510 3321 615 3370 quoque
638 3323 669 3357 ac
692 3307 800 3356 familiis
823 3306 921 3356 ibidem
947 3308 1096 3370 aspicienti·

295 3409 346 3458 bus
375 3423 431 3460 una
459 3425 520 3458 cum
548 3409 675 3460 fratribus
704 3425 735 3460 ac
764 3411 900 3460 monachis
927 3409 1025 3460 ibidem
1047 3408 1096 3459 deo

295 3511 490 3562 famulantibus
513 3512 562 3561 sub
586 3517 675 3562 666116
697 3513 818 3562 tuitionis
837 3512 1022 3575 munburdum,
1045 3517 1095 3562 sta·

295 3619 401 3664 tuentes
425 3619 455 3663 ut
478 3614 589 3664 abbates
612 3621 638 3664 et
660 3616 788 3680 prepositi
811 3615 929 3664 eiusdem
947 3615 1000 3665 loci
1020 3617 1095 3665 iuxta

294 3718 411 3782 priscam
445 3717 665 3767 consuetudinem
698 3717 732 3766 ad
761 3733 925 3768 communem
954 3718 1095 3768 utilitatem

294 3820 408 3870 fratrum
432 3834 482 3868 sua
500 3806 667 3884 disponant⁸
690 3821 791 3885 absque
814 3820 927 3870 alienius
950 3819 1095 3870 contradic-

293 3923 375 3972 tione.
415 3921 596 3986 Precipientes
618 3924 708 3987 itaque
731 3923 853 3972 iubemus
876 3927 906 3971 61
928 3921 1017 3972 661166
1040 3923 1094 3972 dux

293 4025 413 4074 marchio
442 4040 531 4074 comes
561 4026 707 4074 vicecomes
736 4025 864 4075 castaldio
897 4041 944 4075 seu
977 4024 1095 4089 quelibet

292 4129 369 4193 regni
392 4128 476 4176 nostri
500 4142 595 4192 magna
617 4143 752 4193 parvaque
780 4143 894 4191 persona
918 4143 960 4177 res
982 4127 1094 4192 predicti

292 4231 450 4282 monasterii
473 4229 600 4280 invadere
623 4246 670 4280 seu
692 4232 812 4280 homines
835 4231 932 4280 liberos
956 4237 981 4279 et
1004 4246 1093 4280 servos

292 4335 452 4398 distringere
474 4334 616 4399 pignorare
639 4349 686 4382 seu
709 4333 848 4382 molestare
871 4332 968 4381 audeat
994 4333 1093 4396 absque

290 4437 372 4502 legali
396 4435 496 4486 iudicio
519 4451 605 4500 neque
628 4435 781 4500 pensionem
805 4436 839 4484 ab
861 4436 898 4483 eis
921 4435 1017 4484 iniuste
1040 4437 1092 4484 erri-

289 4556 353 4607 gere
376 4545 520 4604 presumat.
559 4538 586 4587 Si
616 4540 676 4603 quis
704 4539 786 4602 igitur
816 4537 895 4586 huius
924 4539 1006 4587 nostri
1035 4554 1092 4601 pre·

290 4644 362 4708 cepti
386 4641 613 4692 confirmationem
637 4657 684 4690 seu
707 4639 850 4689 munburdi
878 4642 1016 4690 tuitionem
1045 4642 1092 4691 ali-

290 4745 399 4812 quando
422 4745 566 4810 infringere
590 4750 702 4795 conatus
725 4744 818 4805 brerit,
846 4744 912 4792 sciat
935 4759 963 4792 se
987 4760 1092 4808 compo-

289 4851 403 4899 siturum
433 4849 491 4896 auri
526 4848 619 4896 obtimi
653 4846 736 4895 libras
770 4851 891 4906 centurn,
925 4845 1090 4896 medietatem

288 4966 393 5002 camere
427 4954 518 4999 nostre
553 4953 579 4997 et
607 4947 776 4996 medietatem
804 4947 872 5010 parti
900 4946 1011 5010 predicti
1038 4964 1091 4997 mo-

287 5053 406 5102 nasterii.
437 5050 516 5112 Quod
534 5055 565 5099 ut
583 5051 672 5098 verius
691 5047 815 5098 credatur
833 5047 1038 5113 diligentiusque
1056 5049 1089 5098 ab

287 5153 413 5205 omnibus
436 5152 607 5212 observetur,
640 5151 764 5199 manibus
792 5151 906 5214 propriis
935 5153 1089 5201 roborant-es

286 5256 368 5306 anulo
392 5260 484 5305 nostro
509 5237 622 5302 subtel·
643 5252 765 5317 insigniri
790 5252 923 5302 iussimus.

315 5657 389 5714 ³5⁹⁰.
407 5664 428 5728 f)
445 5666 490 5713 sc'a
509 5661 533 5712 A
599 5659 626 5724 g)
644 5659 766 5725 disponat
785 5659 815 5708 A.

907 429 1360 491 KAISERURKUNDEN.

1159 627 1270 676 libatum
1293 628 1483 677 monasterium
1505 624 1731 692 pertinentibus,
1765 603 1857 668 loco
1884 595 2021 662 011165-

1159 717 1218 780 6161
1241 726 1273 781 61
1295 717 1454 782 Luoaano
1480 726 1512 782 61
1534 726 1653 780 sancto
1682 702 1910 776 Concordio
1938 720 2020 762 cum

1158 821 1225 884 suis
1255 821 1476 904 pertinentiis,
1510 819 1584 884 loco
1611 817 1832 900 Carpaneto
1868 811 2020 870 sauctus

1158 921 1350 986 Uiucentius
1374 931 1407 985 61
1429 932 1544 986 sancta
1567 921 1684 986 Maria
1717 919 1834 981 iuxta
1864 909 2019 974 fluvium

1156 1025 1238 1089 Fine
1261 1046 1336 1092 cum
1361 1025 1427 1088 suis
1452 1025 1660 1107 pertinentiis
1687 1031 1725 1084 et
1753 1011 1921 1082 castello
1947 1007 2053 1072 Des

1156 1135 1239 1190 trate
1262 1136 1294 1191 et
1316 1125 1442 1190 Milano
1465 1135 1497 1190 et
1519 1123 1782 1211 Stampelliano
1811 1128 1850 1182 et
1868 1114 2018 1180 Telesia

1156 1253 1230 1295 cum
1254 1229 1455 1314 Caprarizza
1477 1239 1509 1293 et
1530 1228 1635 1308 Ualli,
1667 1235 1778 1291 curte
1807 1217 2017 1286 Perzelano

1155 1342 1187 1396 et
1209 1343 1299 1397 curte
1320 1333 1533 1396 Macromano
1557 1341 1589 1395 et
1612 1330 1791 1408 Feronia,
1821 1320 2015 1400 Cacinole,

1154 1435 1336 1502 Fonticelle
1352 1458 1427 1500 cum
1443 1435 1577 1502 castello
1592 1433 1689 1520 quod
1706 1433 1911 1497 Marmora
1928 1449 2016 1491 nun-

1155 1549 1301 1623 cupatur,
1332 1549 1447 1604 sancta
1470 1540 1575 1604 Lucia
1597 1541 1700 1602 iuxta
1728 1536 1894 1600 fluvium
1921 1531 2014 1594 Fine
2036 1542 2067 1588 10

1155 1644 1447 1727 compertinentiis
1465 1645 1541 1724 suis,
1559 1639 1757 1721 Cerretum,
1777 1639 2012 1714 Passurano,

1153 1744 1359 1829 Partelonga‚
1392 1744 1561 1828 Cuculino,
1591 1744 1695 1810 Ualle
1731 1764 1822 1807 cum
1851 1737 2013 1804 ecclesia

1154 1851 1257 1912 sancti
1293 1849 1395 1926 Petri,
1431 1846 1591 1927 Mortale,
1627 1847 1814 1928 Paterno,
1858 1851 2012 1906 6666166

1153 1949 1313 2015 Martinus
1346 1952 1400 2035 qui
1432 1951 1550 2016 dicitur
1584 1972 1713 2035 campo
1752 1947 1800 2012 de
1837 1945 2010 2024 Plomba,

1152 2063 1284 2118 sanetus
1300 2053 1450 2118 Andreas
1467 2077 1540 2119 cum
1557 2054 1693 2120 duobus
1721 2051 1896 2117 castellis
1924 2047 2008 2113 loco
2031 2059 2063 2106 ¹⁵

1152 2158 1206 2241 qui
1230 2155 1348 2220 dicitur
1368 2158 1482 2238 Pinna,
1506 2155 1724 2222 Conteniano
1744 2178 1836 2220 cum
1854 2163 2008 2218 centum

1152 2260 1385 2344 quinquaginta
1419 2261 1537 2326 modiis
1568 2261 1609 2326 (16
1645 2263 1770 2342 terris,
1815 2269 1925 2324 curte
1961 2255 2007 2322 de

1152 2360 1329 2446 Cartofago
1354 2363 1395 2427 de
1418 2363 1502 2428 colle
1526 2364 1566 2429 de
1589 2363 1699 2446 Rode,
1727 2371 1837 2428 curte
1867 2359 1915 2426 de
1934 2361 2006 2425 Ro-

1151 2463 1298 2547 mellano,
1322 2475 1413 2530 curte
1437 2466 1478 2531 de
1494 2464 1583 2549 Sala,
1607 2477 1706 2532 curte
1733 2467 1783 2532 de
1812 2488 1908 2529 casa
1926 2463 2005 2527 Ma-

1149 2588 1240 2646 rana,
1270 2575 1360 2630 curte
1388 2567 1428 2632 de
1455 2567 1537 2633 colle
1560 2568 1716 2632 Fallonis
1743 2571 1852 2632 eirca
1878 2568 2003 2652 Fagio
2024 2583 2059 2632 2⁰

1151 2679 1182 2732 et
1211 2669 1402 2754 Inclimano,
1435 2683 1524 2736 curte
1547 2672 1587 2737 (16
1609 2673 1774 2754 Ruzano,
1812 2695 1908 2738 casa
1934 2673 2002 2737 Re-

1149 2772 1264 2858 plana,
1300 2776 1441 2842 eeclesia
1473 2779 1577 2840 sancti
1609 2776 1766 2860 Quirici,
1809 2787 1919 2842 curte
1955 2765 2009 2839 de

1148 2878 1372 2962 Melengiano,
1403 2889 1493 2944 curte
1517 2881 1622 2945 saneti
1646 2881 1741 2944 Petri
1771 2881 1818 2946 de
1845 2879 2001 2945 Bubeta

1148 3003 1223 3047 cum
1253 2991 1383 3046 centum
1412 2981 1532 3047 modiis
1561 2982 1601 3048 de
1630 2985 1732 3047 terris
1767 3001 1800 3049 in
1829 3001 1999 3066 integram,

1149 3099 1246 3150 Christi
1269 3100 1393 3150 videlicet
1415 3102 1538 3165 martyris
1561 3101 1709 3164 Uiucentii,
1746 3103 1831 3168 quod
1860 3105 1997 3169 positum
2019 3108 2053 3156 25

1148 3206 1189 3252 est
1211 3204 1237 3250 iu
1259 3201 1357 3252 finibus
1373 3203 1578 3254 Beneuentanis.
1613 3203 1774 3255 Statuimus
1790 3207 1937 3272 insuper
1962 3224 1998 3258 ac

1148 3309 1238 3355 nostra
1259 3306 1402 3370 preceptali
1426 3309 1585 3356 anctoritate
1609 3305 1787 3358 decrevimus
1816 3317 1865 3372 61,
1893 3312 1920 3360 61
1942 3311 1998 3360 611-

1147 3422 1200 3472 qna
1222 3409 1333 3457 intentio
1357 3413 1415 3457 orta
1437 3408 1518 3458 fuerit
1540 3407 1572 3458 de
1595 3409 1677 3458 rebus
1701 3417 1731 3459 et
1755 3411 1889 3463 familiis
1916 3417 1996 3464 eius-

1148 3510 1205 3559 dem
1228 3513 1395 3572 monasterii,
1425 3511 1505 3561 liceat
1527 3511 1718 3562 advocatorem
1745 3529 1838 3564 suum
1866 3533 1924 3582 per
1950 3520 1995 3567 in-

1147 3609 1314 3677 quisitionem
1330 3615 1565 3663 circamanentium
1582 3613 1734 3664 liberorum
1751 3617 1916 3670 hominum
1934 3621 1994 3671 hoe
2014 3623 2050 3670 30

1146 3714 1255 3764 definire
1277 3720 1303 3764 et
1325 3732 1384 3765 666
1409 3716 1545 3767 definitum
1561 3718 1650 3780 fuerit,
1674 3723 1744 3769 1666
1762 3721 1890 3774 demum
1909 3725 1994 3790 ipsas

1146 3834 1187 3868 res
1203 3824 1229 3868 et
1244 3817 1358 3868 familias
1376 3833 1438 3883 pars
1460 3820 1573 3883 predicti
1596 3821 1703 3871 cenobii
1730 3831 1838 3874 nostra
1864 3843 1993 3894 precep-

1146 3921 1192 3970 1611
1215 3922 1372 3970 auctoritate
1395 3922 1493 3972 lrabeat
1515 3929 1595 3987 atque
1618 3923 1763 3988 possideat
1783 3929 1991 3996 inrequieto.

1145 4005 1327 4088 Recepimush
1349 4029 1470 4087 preterea
1491 4030 1661 4089 pretaxatam
1680 4033 1902 4084 monasterium
1920 4051 1991 4084 enm

1144 4126 1266 4175 omnibus
1284 4127 1428 4188 pretaxatis
1446 4129 1613 4177 monasteriis
1636 4143 1667 4178 ac
1687 4131 1779 4194 cellis,
1799 4136 1895 4186 rebus
1914 4155 1990 4204 quo·
2010 4139 2045 4188 35

1144 4245 1195 4292 que
1218 4243 1249 4278 ac
1271 4229 1378 4278 familiis
1399 4229 1498 4280 ibidem
1521 4232 1718 4295 aspicientibus
1744 4250 1809 4285 666
1836 4255 1909 4290 cum
1931 4243 1990 4291 fra-

1144 4332 1228 4381 tribus
1251 4346 1282 4379 ac
1305 4333 1440 4382 monachis
1465 4333 1564 4383 ibidem
1593 4335 1643 4385 deo
1673 4336 1896 4393 famulantibus
1930 4349 1988 4396 sub

1144 4437 1232 4481 nostre
1254 4433 1374 4481 tuitionis
1396 4435 1584 4497 munburdum,
1611 4443 1768 4490 statuentes
1793 4451 1830 4493 ut
1856 4448 1988 4500 abbates

1144 4540 1170 4582 et
1184 4536 1309 4598 prepositi
1326 4535 1443 4586 eiusdem
1462 4536 1514 4588 loci
1536 4539 1613 4587 iuxta
1634 4546 1883 4598 consuetudinem
1911 4554 1987 4616 pris-

1143 4651 1200 4686 cam
1223 4637 1257 4685 ad
1273 4654 1289 4685 a
1307 4638 1447 4688 utilitatem
1469 4640 1581 4690 fratrum
1604 4657 1654 4692 sua
1677 4643 1840 4710 disponant
1866 4654 1987 4720 absque
2007 4652 2044 4700 4⁰

1143 4740 1255 4789 alicuius
1284 4741 1500 4792 contradictione.
1538 4745 1725 4810 Pracipientes
1759 4752 1866 4818 itaque
1897 4760 1983 4810 iube.

1143 4857 1200 4892 mus
1215 4849 1245 4891 ut
1259 4843 1349 4893 nullus
1364 4844 1418 4892 dux
1434 4848 1552 4897 marchio
1568 4864 1657 4899 comes
1676 4853 1844 4908 vicecomes
1872 4863 1983 4914 castal—

1142 4944 1185 4994 dio
1208 4959 1255 4994 seu
1277 4946 1395 5009 quelibet
1417 4951 1491 5013 regni
1514 4953 1598 5000 nostri
1619 4967 1722 5019 magna
1736 4971 1897 5027 parvaque
1916 4983 1982 5031 per.

1143 5063 1262 5098 sonares
1278 5048 1388 5111 predicti
1404 5053 1557 5103 monasterii
1580 5069 1627 5104 seu
1649 5055 1781 5110 homines
1807 5062 1926 5119 liberos
1952 5076 1983 5120 et

1142 5165 1230 5198 servos
1259 5149 1414 5216 distringere
1443 5156 1585 5219 pignorare
1608 5171 1656 5206 seu
1680 5160 1838 5216 molestare
1867 5171 1983 5223 audeat
2003 5175 2039 5222 45

1141 5251 1241 5315 absque
1269 5251 1347 5317 legali
1372 5254 1471 5305 iudicio
1495 5273 1581 5322 neque
1603 5261 1769 5322 pensionem
1794 5267 1833 5317 ab
1862 5273 1909 5322 eis
1936 5277 1980 5324 in-

1140 5354 1209 5403 iuste
1232 5355 1336 5418 exigere
1358 5364 1500 5420 presumat.
1538 5359 1566 5409 Si
1585 5363 1645 5426 quis
1663 5364 1752 5428 igitur
1768 5369 1863 5422 huius
1882 5380 1979 5428 „0325

1140 5457 1257 5519 precepti
1285 5457 1508 5510 confirmationem
1537 5479 1584 5513 seu
1611 5467 1764 5517 munburdi
1790 5463 1977 5529 tuitionemi

1169 5656 1240 5710 stab.
1259 5660 1286 5722 h)
1304 5665 1468 5729 precepimus
1486 5665 1518 5716 A'
1593 5670 1613 5735 1)
1630 5672 1748 5725 16111666
1768 5675 1813 5727 Δ’.
