4554 6414
438 415 478 484 16
1032 421 1483 483 1111111111111111.

436 611 538 673 tinam
565 609 744 690 ulcionem,
778 607 830 669 cui
859 605 981 670 collata
1011 615 1061 670 est
1090 616 1237 691 potestas
1261 606 1305 670 ad
1328 605 1555 690 suscipiendas
1578 606 1704 668 animas
1728 603 1818 668 beati
1841 602 2016 666 Michaelis
2039 625 2093 666 ar-

436 712 585 797 changeli
609 734 747 797 querens
770 709 1051 792 intercessionem,
1075 711 1126 773 cui
1151 709 1316 794 predictus
1338 732 1398 774 rex
1423 707 1482 772 sub
1506 706 1699 772 monachica
1721 707 1924 792 professione
1947 707 2093 789 regenti-

434 816 497 880 bus
521 815 642 879 Christi
665 813 797 880 famulis
820 812 971 877 fundavit
993 813 1166 878 cenobium
1189 815 1319 878 nomine
1335 810 1521 876 Blidenvelt
1537 811 1592 875 ubi
1607 812 1783 896 requiescit
1798 811 1948 894 egregius
1964 807 2092 873 Christi

434 920 549 983 martir
571 917 759 981 'l'heodolus
782 918 955 980 consocius
978 915 1160 980 Alexandri
1184 938 1269 1000 pape
1294 926 1326 979 et
1347 916 1508 997 martiris,
1545 914 1632 999 quod
1661 937 1736 978 cum
1763 913 1915 978 undecim
1941 913 2092 978 millibus

434 1021 529 1085 hubis
553 1022 587 1085 in
610 1020 747 1084 diversis
772 1019 884 1083 mundi
907 1019 1056 1103 partibus
1079 1018 1262 1082 iacentibus
1286 1029 1317 1082 et
1340 1020 1525 1104 quingentis
1552 1017 1819 1094 ministerialibus
1843 1019 1909 1082 suis
1933 1027 1965 1082 et
1987 1017 2127 1102 pluri-⁵

432 1124 495 1188 bus
510 1125 683 1214 mancipiis
702 1122 828 1204 ditavit,
854 1122 913 1187 sub
936 1122 1038 1206 regali
1060 1123 1245 1186 municione
1268 1122 1414 1186 decrevit
1436 1145 1508 1186 esse
1530 1121 1707 1186 tuendum.
1732 1120 1797 1186 Sed
1813 1123 1889 1207 quia
1905 1144 1986 1185 casu
2002 1123 2092 1184 acei-

435 1227 530 1292 dente
546 1227 633 1292 idem
648 1226 820 1291 cenobium
846 1235 895 1289 est
918 1225 1134 1308 combustum,
1157 1224 1288 1290 insimul
1305 1235 1336 1289 et
1352 1235 1531 1291 strumenta
1547 1225 1733 1290 chartarum
1749 1227 1782 1290 in
1798 1226 1915 1311 quibus
1931 1235 2028 1290 erant
2043 1228 2091 1290 in·
2181 1241 2185 1254 ·

434 1331 565 1396 titulata
595 1353 657 1416 que
687 1330 727 1394 ob
756 1330 972 1394 reverentiam
1002 1331 1107 1393 sancti
1130 1327 1302 1392 Michaelis
1331 1328 1565 1394 adtribuebant
1595 1340 1821 1395 antecessores
1849 1332 1968 1413 nostri,
1992 1354 2091 1416 reges

434 1436 663 1520 imperatores,
693 1435 792 1498 duces
814 1433 1020 1498 marchiones
1050 1432 1187 1518 palatini
1212 1433 1363 1514 comites,
1393 1431 1622 1498 ministeriales
1647 1457 1759 1498 servos
1781 1433 1878 1499 villas
1901 1456 2034 1520 quoque
2057 1446 2092 1498 et

434 1539 599 1623 mancipia
620 1559 768 1602 necnon
792 1546 824 1600 11
846 1548 956 1602 cetera
980 1538 1118 1603 donaria
1140 1559 1202 1621 que
1225 1536 1267 1600 ab
1290 1537 1554 1619 infestatoribus,
1579 1540 1655 1622 quia
1679 1561 1720 1602 ex
1744 1538 1970 1603 combustione
1993 1539 2145 1602 char-10

433 1652 540 1705 tarum
564 1641 690 1726 legibus
714 1640 842 1704 defendi
866 1663 933 1706 non
955 1651 1117 1725 poteraut,
1141 1640 1288 1725 predicto
1312 1640 1385 1705 loco
1406 1664 1489 1726 pene
1513 1650 1588 1705 sunt
1611 1643 1721 1706 omnia
1744 1652 1919 1726 usurpata:
1943 1665 1984 1705 ne
2009 1665 2090 1726 ergo

434 1745 662 1808 destitueretur
684 1754 751 1809 tam
774 1742 895 1829 regalis
918 1743 1010 1808 locus
1033 1745 1134 1807 tantis
1158 1743 1319 1824 donariis,
1345 1741 1429 1807 sicut
1452 1754 1642 1810 antecessor
1664 1755 1776 1810 noster
1797 1747 1871 1830 pius
1894 1745 2091 1810 Ludovicns

432 1871 491 1912 rex
514 1850 686 1912 renovavit
708 1849 843 1932 antiqua
873 1846 1046 1932 privilegia
1069 1858 1102 1912 et
1124 1849 1273 1912 instituta
1296 1847 1410 1913 abbati
1434 1858 1466 1912 et
1489 1850 1644 1914 fratribus
1668 1873 1709 1914 ex
1731 1849 1834 1935 regali
1857 1852 2006 1935 potentia
2031 1873 2092 1936 per

433 1974 492 2015 sua
515 1953 682 2037 inscripta,
706 1961 738 2015 et
759 1973 821 2014 nos
845 1950 887 2015 ob
911 1973 1057 2015 amorem
1080 1951 1225 2015 divinum
1249 1960 1280 2014 et
1302 1953 1547 2018 venerationem
1571 1954 1708 2039 predicti
1730 1954 1917 2038 archangeli
1935 1962 1969 2018 et
1982 1955 2091 2039 regali

433 2056 627 2119 auctoritate
648 2063 846 2119 renovantes
870 2063 902 2117 ot
925 2055 1155 2119 confirmantes
1178 2077 1356 2148 perquam
1380 2058 1578 2140 precipimus
1593 2066 1691 2142 atque
1707 2057 1866 2138 iubemus,
1890 2079 1949 2142 per
1972 2079 2089 2121 omnes
2112 2073 2143 2118 15

432 2158 513 2222 fines
535 2161 627 2244 regni
650 2161 752 2223 nostri
776 2167 809 2223 ct
832 2180 944 2222 omnes
967 2157 1196 2222 ministeriales
1219 2157 1263 2221 ad
1285 2159 1394 2242 ipsum
1417 2157 1525 2222 locum
1548 2161 1747 2244 pertinentes
1769 2159 1848 2225 nulli
1871 2162 1933 2225 nisi
1957 2160 2032 2225 loco
2058 2172 2091 2224 ot

432 2261 544 2326 abbati
568 2265 756 2346 inserviant,
781 2262 961 2326 secundum
983 2259 1245 2325 ministerialium
1267 2270 1454 2325 nostrorum
1477 2265 1669 2348 equiparata
1685 2265 1757 2327 iura
1773 2263 1951 2346 obtineant,
1977 2267 2090 2328 omnia

432 2367 531 2430 etiam
554 2365 690 2430 donaria
713 2388 775 2451 que
798 2389 818 2429 a
842 2367 948 2450 prima
971 2365 1173 2429 institutione
1196 2387 1216 2427 a
1240 2365 1527 2449 predecessoribus
1543 2368 1664 2430 nostris
1679 2366 1732 2430 vel
1748 2389 1768 2430 a
1784 2366 1947 2452 plerisque
1964 2365 2088 2431 Christi

431 2467 582 2532 fidelibus
606 2478 681 2533 sunt
703 2468 871 2550 attributa,
896 2467 1001 2532 eidem
1024 2467 1162 2532 cenobio
1186 2490 1244 2553 per
1265 2477 1412 2532 nostrum
1435 2468 1577 2534 edictum
1601 2469 1661 2534 sub
1686 2469 1820 2534 obtentu
1843 2472 1953 2554 gracie
1974 2481 2090 2535 nostre

433 2569 532 2640 libere
556 2572 680 2657 absque
703 2572 801 2636 ullius
824 2572 1048 2656 inquietudine
1071 2571 1236 2657 perhanc
1259 2581 1407 2636 nostram
1429 2575 1675 2638 renovationem
1698 2574 1883 2658 pertincant
1905 2584 1937 2636 ot
1960 2574 2001 2638 de
2025 2574 2090 2638 hiis
2109 2597 2143 2642 ‘so

433 2676 527 2738 sicuti
550 2677 700 2760 primitus
723 2675 836 2740 abbati
860 2685 892 2739 et
914 2674 1070 2739 fratribus
1095 2685 1218 2740 statuta
1241 2677 1313 2740 iura
1335 2675 1535 2760 persolvant.
1575 2677 1638 2758 Qui
1662 2676 1767 2741 abbas
1791 2700 1833 2741 ex
1855 2678 1957 2761 regali
1988 2681 2089 2763 privi-

432 2777 516 2863 legio
540 2781 573 2843 in
596 2781 754 2844 comitatu
777 2803 836 2844 suo
860 2791 892 2844 et
919 2780 1099 2843 ministerio
1130 2779 1265 2864 singulis
1296 2779 1478 2865 quibusque
1508 2791 1630 2844 statuto
1660 2780 1820 2845 beneficio
1850 2780 1972 2845 habeat
2002 2806 2089 2847 mar-

433 2881 601 2946 schalcum
629 2882 811 2969 dapiferum
841 2886 1030 2969 pincernam
1054 2885 1270 2947 camerarium
1293 2892 1326 2946 et
1349 2893 1489 2968 quantos
1513 2884 1553 2948 de
1576 2883 1843 2948 ministerialibus
1867 2884 2008 2949 voluerit
2031 2886 2089 2950 ha-

430 2985 508 3049 bere
532 3008 591 3050 suo
615 2987 764 3051 servicio.
802 2986 952 3052 Villanos
975 2988 1074 3050 etiam
1098 3009 1174 3050 suos
1197 3009 1406 3070 peromnem
1430 2986 1606 3052 abbaciam
1628 2996 1661 3051 et
1684 2989 1738 3071 qui
1762 2987 1950 3052 deserviunt
1979 2989 2089 3054 fratri-

430 3091 492 3156 bus
521 3093 554 3155 in
583 3091 726 3156 claustro
755 3094 921 3156 ministros
951 3091 1072 3156 liberos
1095 3090 1136 3154 ab
1162 3091 1248 3154 omni
1278 3092 1416 3154 servicio
1445 3091 1681 3157 advocatorum
1712 3115 1783 3157 esse
1813 3095 1996 3158 statuimus.
2034 3095 2088 3158 De
2107 3113 2140 3158 *25

431 3196 603 3280 mancipiis
627 3217 755 3280 quoque
779 3197 962 3280 quicunque
985 3196 1017 3258 in
1041 3194 1214 3259 servicium
1236 3192 1407 3277 redegerit,
1432 3196 1458 3258 si
1478 3217 1536 3279 per
1555 3217 1675 3260 annum
1694 3195 1833 3260 fideliter
1850 3196 2089 3281 perduraverit,

431 3297 518 3362 hunc
549 3320 741 3383 promovere
770 3297 975 3363 ministeriali
1004 3297 1127 3362 honore
1157 3296 1295 3361 liberum
1323 3297 1445 3362 habeat
1478 3297 1648 3364 arbitrium
1683 3299 1895 3364 decrevimus.
1941 3299 2088 3386 Singulis

431 3423 560 3487 quoque
589 3402 755 3468 mensibus
784 3402 872 3466 villis
900 3401 1065 3466 attributis
1095 3424 1137 3464 ex
1167 3401 1362 3486 antiquitate
1393 3401 1436 3465 ad
1467 3405 1640 3467 servicium
1670 3403 1805 3467 fratrum
1829 3405 2032 3488 pertinentes
2056 3415 2088 3469 et

432 3527 550 3569 census
573 3528 777 3572 nummorum
800 3515 836 3570 ut
859 3508 955 3570 sicuti
978 3528 998 3568 a
1022 3504 1194 3569 fundatore
1210 3503 1402 3589 Dagobcrto
1425 3529 1502 3591 rege
1526 3509 1572 3571 ita
1595 3507 1710 3571 eadem
1734 3506 1845 3571 debito
1868 3509 1938 3571 iura
1962 3510 2088 3594 persol-

431 3617 520 3673 vant.
559 3608 603 3672 Et
625 3608 730 3673 abbas
753 3619 802 3674 ter
823 3612 856 3674 11
880 3632 965 3674 anno
990 3631 1064 3672 curn
1087 3610 1220 3693 triginta
1244 3617 1276 3672 et
1299 3617 1439 3693 quatuor
1462 3612 1553 3695 equis
1581 3611 1615 3673 in
1642 3632 1838 3695 unaquaque
1866 3610 1944 3674 villa
1975 3611 2087 3697 hospi·
2105 3630 2139 3674 so

432 3712 517 3776 cium
533 3712 663 3796 habeat,
687 3722 723 3777 ut
738 3716 765 3776 si
782 3714 942 3798 disposita
966 3715 1037 3777 iura
1056 3712 1208 3777 villarum
1231 3735 1290 3798 per
1312 3713 1455 3798 aliquem
1478 3715 1544 3779 sint
1565 3724 1733 3799 usurpata,
1757 3714 1856 3799 digne
1871 3718 2087 3780 correctionis

431 3815 562 3900 culpam
578 3815 620 3880 ab
637 3815 692 3881 illo
709 3818 831 3902 exigat,
855 3817 959 3881 donec
983 3816 1207 3881 satisfactione
1230 3818 1386 3902 peniteat.
1425 3816 1594 3883 Secularia
1617 3821 1716 3883 etiam
1739 3819 1860 3883 iudicia
1877 3820 1971 3882 sicuti
1992 3822 2087 3905 spiri-

430 3917 511 3982 talia
544 3928 662 3983 tractet
692 3919 846 4004 disponat
875 3930 908 3984 et
937 3919 1102 3984 diiudicet.
1149 3919 1364 3986 Decrevimus
1393 3922 1479 3985 enim
1510 3945 1552 3986 ex
1583 3922 1686 4006 regali
1715 3924 1909 3986 auctoritate
1941 3923 2087 3988 edictum

430 4032 576 4087 nostrum
600 4045 698 4108 super
719 4023 779 4088 hec
803 4033 926 4087 statuta
949 4023 1063 4109 predia
1086 4024 1260 4110 propalare
1284 4047 1346 4110 que
1371 4033 1522 4110 spectant
1537 4026 1582 4090 ad
1596 4028 1687 4111 regni
1702 4026 1869 4107 honorem,
1890 4026 2087 4113 Gruningen

431 4135 463 4188 et
479 4127 671 4211 Hechingcn
686 4128 719 4190 in
736 4126 874 4210 Swevia,
898 4150 938 4191 ne
961 4127 1079 4212 aliquis
1102 4138 1271 4213 potentum
1294 4151 1353 4214 per
1375 4127 1520 4212 aliquam
1542 4130 1824 4195 machinacionem
1844 4130 1992 4216 predicto
2010 4131 2085 4196 loco
2105 4145 2138 4191 35

432 4233 536 4313 possit
557 4253 726 4314 usurpare,
751 4254 793 4294 ex
817 4230 935 4316 quibus
959 4233 1163 4296 necessarios
1187 4240 1336 4317 sumptus
1359 4230 1464 4296 abbas
1488 4255 1562 4297 cunr
1587 4234 1653 4297 suis
1672 4233 1938 4298 ministerialibus
1957 4235 2087 4318 profec-

430 4334 552 4398 tionem
568 4335 670 4399 Rome
686 4334 730 4398 ad
753 4334 971 4420 apostolicum
996 4356 1054 4418 pro
1079 4335 1239 4420 imperiali
1262 4335 1490 4400 benedictione
1513 4347 1626 4401 nostra
1648 4336 1769 4401 habeat
1792 4337 1974 4422 providere.
1999 4338 2087 4403 illud

430 4438 529 4500 etiam
556 4440 628 4522 pari
657 4437 861 4502 decrevimus
889 4440 1085 4501 auctoritate
1113 4447 1149 4501 ut
1178 4438 1286 4522 nullus
1315 4439 1505 4524 pontificma
1528 4442 1732 4506 Nemetensis
1761 4443 1903 4505 civitatis
1930 4441 1983 4505 vel
2012 4442 2088 4506 reli·

431 4563 566 4624 quorum
591 4543 820 4627 episcoporum
844 4541 987 4626 aliquam
1010 4543 1044 4606 in
1067 4541 1213 4626 predicto
1237 4543 1310 4608 loco
1334 4543 1455 4608 ibidem
1480 4544 1669 4609 dominandi
1693 4544 1745 4608 vel
1775 4543 1937 4629 quaslibet
1963 4567 2086 4609 causas

431 4644 549 4729 agendi
577 4645 697 4710 habeat
726 4645 932 4727 facultatem,
967 4655 1000 4709 et
1021 4655 1057 4709 111
1078 4645 1186 4710 nullus
1209 4646 1308 4711 iudex
1331 4647 1498 4733 publicus,
1528 4647 1636 4712 nullus
1659 4672 1701 4712 ex
1725 4648 1895 4712 iudiciaria
1918 4658 2140 4733 potestatem

431 4750 599 4833 quitquam
622 4751 796 4834 potestatis
818 4749 870 4814 vel
894 4751 1020 4834 negocii
1044 4751 1078 4813 in
1099 4751 1172 4835 ipsa
1195 4751 1341 4816 marchia
1365 4753 1433 4816 sine
1462 4752 1593 4816 abbatis
1621 4753 1754 4816 licentia
1776 4775 1928 4816 exercere
1951 4751 2006 4815 vel
2028 4753 2087 4816 ha-

430 4849 507 4914 bere
531 4862 697 4937 presumat
718 4876 779 4917 nec
803 4853 950 4918 homines
972 4855 1075 4938 ipsius
1099 4854 1163 4919 loci
1186 4857 1408 4940 constringere
1431 4855 1483 4920 vel
1507 4855 1550 4920 ad
1573 4878 1692 4920 causas
1715 4856 1896 4921 audiendas
1919 4865 1977 4919 aut
2000 4857 2087 4920 freta

431 4954 482 5018 vel
512 4955 633 5019 tributa
662 4956 820 5021 solvenda
849 4968 1013 5042 postremo
1044 4957 1125 5021 nihil
1153 4961 1281 5043 penitus
1304 4960 1347 5023 ab
1371 4962 1418 5024 eis
1441 4960 1562 5024 audeat
1589 4962 1731 5045 exigere.
1770 4960 1954 5024 Firmemus
1984 4961 2087 5024 etiam

430 5067 540 5122 nostre
569 5061 775 5124 auctoritatis
805 5059 1001 5142 donacionc,
1037 5060 1131 5123 sicuti
1161 5061 1327 5145 predictus
1356 5063 1511 5129 fundator
1534 5063 1699 5148 delegavit
1723 5087 1782 5127 sua
1806 5063 2019 5144 auctoritate,
2048 5073 2087 5126 ut

430 5159 577 5226 homines
600 5163 745 5227 eiusdem
769 5163 907 5227 ecclesie
931 5186 989 5248 per
1012 5186 1124 5229 omnes
1146 5166 1227 5232 fines
1250 5171 1341 5253 regni
1365 5172 1467 5234 nostri
1497 5169 1597 5234 libere
1624 5171 1771 5254 negociis
1802 5170 1868 5232 suis
1892 5169 2141 5248 inservientis

430 5267 476 5330 ita
497 5276 533 5329 ut
555 5266 634 5330 nulli
659 5266 803 5332 debitum
827 5267 960 5332 thelonii
983 5268 1173 5352 persolvant
1196 5280 1228 5334 11
1249 5271 1358 5336 nullus
1381 5273 1480 5337 iudex
1505 5296 1562 5338 seu
1585 5271 1729 5358 quelibet
1751 5274 1972 5356 cuiuscunque
1998 5271 2086 5336 ordi-

430 5371 480 5434 nis
502 5392 644 5454 persona
667 5373 700 5436 in
722 5371 910 5436 huiusmodi
935 5394 1036 5436 causa
1059 5373 1254 5438 violenciam
1278 5376 1310 5439 in
1334 5378 1380 5439 eis
1407 5376 1525 5440 inferre
1554 5386 1731 5461 presumat.
1769 5375 1942 5440 Fratribus
1971 5385 2088 5444 autem

431 5472 552 5539 ibidem
575 5475 636 5540 deo
660 5474 892 5557 servientibus,
926 5485 962 5539 111
985 5498 1023 5539 eo
1047 5475 1196 5540 devotius
1220 5488 1252 5542 et
1274 5478 1479 5563 tranquillius
1503 5488 1615 5544 sancte
1639 5480 1903 5544 conversacionis
1933 5477 2085 5546 ordinem

430 5578 627 5660 custodiant,
651 5577 788 5642 liberam
810 5580 895 5642 inter
918 5602 952 5642 se
975 5579 1115 5662 eligendi
1140 5579 1202 5643 sibi
1225 5580 1379 5645 abbatem
1403 5581 1562 5646 donamus
1586 5592 1794 5668 potestatem,
1819 5583 1871 5645 cui
1895 5581 2010 5646 abbati
2036 5607 2087 5648 se·

430 5683 571 5748 cundum
594 5683 808 5768 professionis
830 5683 977 5768 regulam
1001 5684 1190 5768 impendant
1214 5684 1358 5750 debitam
1381 5685 1600 5751 obedientiam
1624 5697 1656 5750 11
1678 5688 1904 5752 reverentiam.
1937 5687 1981 5750 Et
2005 5691 2087 5774 quia
2107 5716 2143 5764 50
