4576 6420
931 450 1056 506 ΟΤΤΟ
1078 451 1102 507 Ι.
1127 448 1198 505 961.
1822 443 1883 508 321

235 660 416 712 quascumque
445 645 602 696 donationes
632 660 700 710 quae
731 645 784 695 dici
807 651 833 696 et
855 646 984 696 nominari
1007 646 1122 710 possint,
1152 646 1290 710 perhanc
1312 661 1328 694 a
1350 651 1457 697 nostrae
1479 647 1676 699 munificentiae
1698 651 1884 699 auctoritatem

234 754 362 815 perpetuo
386 747 572 798 confirmamus
595 748 732 814 modisque
756 749 879 798 omnibns
902 748 1120 810 corroboramus,
1153 753 1285 814 quatenus
1308 749 1378 798 sicut
1403 733 1536 800 infelius
1560 751 1687 814 scriptum
1711 756 1765 814 est,
1798 735 1885 801 idem

235 839 468 903 monasterium
490 855 518 902 in
540 855 671 918 integrum
693 852 845 904 eternaliter
867 851 1002 916 possident
1024 856 1113 902 teneat
1135 853 1245 918 iureque
1266 855 1441 917 proprietario
1460 852 1578 903 vindicet
1595 855 1652 904 sine
1675 855 1885 905 contradictione

235 956 419 1007 molestatione
446 956 491 1006 vel
518 958 694 1007 minoratione
723 933 873 1021 aliquorum
900 955 1044 1005 hominum.
1089 955 1201 1020 Insuper
1229 957 1308 1006 etiarn
1337 956 1372 1006 ad
1400 961 1506 1007 nostrae
1534 956 1663 1007 mercedis
1694 963 1884 1023 augumentum

201 1059 306 1110 bidem
334 1075 438 1110 sacrum
467 1061 655 1111 monasterium
683 1075 743 1110 curn
772 1058 895 1109 omnibus
924 1059 1003 1108 rebus
1032 1063 1059 1108 et
1083 1058 1258 1108 facultatibus
1281 1060 1336 1108 suis
1359 1059 1502 1110 mobilibus
1525 1064 1551 1110 et
1573 1059 1754 1110 immobilibus
1777 1060 1884 1110 familiis

236 1167 263 1212 et
284 1162 367 1211 servis
389 1163 528 1226 utriusque
551 1177 629 1212 sexus
653 1162 792 1227 mancipiis
815 1162 916 1212 colonis
938 1161 1078 1212 libellariis
1100 1161 1238 1212 cartulatis
1261 1162 1444 1212 commenditis
1467 1146 1664 1228 omnibusquei
1685 1164 1838 1215 hominibus
1857 1165 1884 1214 in

236 1264 352 1316 castellis
375 1269 401 1314 et
423 1264 522 1332 prediis
545 1265 663 1315 eiusdem
685 1266 839 1316 monasterii
862 1265 1046 1314 habitantibus
1068 1265 1117 1314 sub
1141 1270 1247 1316 nostrae
1270 1268 1391 1317 tuitionis
1415 1273 1441 1318 et
1462 1272 1606 1331 perpetuae
1630 1267 1792 1317 defensionis
1810 1285 1883 1317 mun-

237 1369 378 1418 diburdum
399 1369 549 1434 recipimus,
572 1369 748 1434 precipientes
771 1385 876 1434 quoque
898 1374 929 1418 nt
950 1369 1041 1418 nullus
1064 1369 1118 1418 dux
1141 1369 1257 1420 marchio
1280 1388 1368 1421 comes
1384 1373 1531 1422 vicecomes
1550 1353 1710 1422 sculdasiok
1732 1375 1779 1420 aut
1794 1371 1885 1436 aliqua
1946 1435 1949 1440 1

237 1487 333 1536 magna
354 1487 489 1536 parvaque
511 1487 625 1536 persona
647 1487 694 1522 seu
717 1472 825 1536 publice
847 1474 930 1537 partis
953 1476 1060 1522 exactor
1083 1471 1201 1522 eiusdem
1223 1475 1376 1523 monasterii
1403 1474 1524 1524 homines
1547 1473 1703 1538 distringere
1725 1473 1769 1522 vel
1790 1475 1883 1539 pigno-

186 1576 294 1624 rorare
316 1590 366 1624 nec
388 1573 524 1624 toloneum
546 1557 603 1623 ιιι
632 1577 767 1639 presumat
789 1575 842 1625 aud
865 1574 899 1625 ad
920 1573 1055 1638 publicam
1078 1579 1179 1638 partem
1202 1591 1247 1625 eos
1271 1575 1371 1640 aliquid
1393 1575 1543 1639 persolvere
1566 1575 1710 1640 aliquando
1729 1575 1884 1640 compellat

235 1679 291 1728 eive
314 1677 347 1727 de
369 1678 491 1728 omnibns
514 1678 593 1727 rebus
616 1682 642 1728 et
664 1679 877 1742 possessionibus
899 1679 969 1727 iuste
992 1683 1018 1727 et
1040 1677 1161 1743 legaliter
1183 1677 1218 1726 ad
1239 1677 1310 1727 idem
1331 1679 1519 1728 monasterium
1538 1678 1733 1742 pertinentibus
1751 1680 1883 1729 minorare
1945 1701 1946 1706 ¹

235 1780 279 1831 vel
301 1781 482 1831 contradicere
504 1781 647 1847 aliquando
671 1779 821 1844 contendat,
845 1781 891 1850 sed
913 1781 993 1832 dcent
1015 1783 1053 1833 eis
1076 1784 1125 1833 sub
1141 1787 1247 1833 nostrae
1263 1783 1425 1833 defensionis
1440 1782 1714 1854 mundburdoquieto
1730 1788 1757 1834 et
1771 1782 1883 1847 pacifico

236 1885 327 1936 ordine
350 1887 440 1937 vivere
462 1887 599 1952 ipsiusque
622 1888 690 1936 sacri
713 1887 765 1937 loci
787 1885 937 1937 sacerdotes
966 1893 1026 1956 pro
1049 1872 1144 1937 nobis
1173 1892 1297 1952 statuque
1319 1887 1394 1952 regni
1415 1887 1500 1936 nostri
1526 1893 1547 1935 a
1570 1870 1631 1935 deo
1660 1887 1738 1936 nobis
1761 1881 1884 1937 collatim

235 1989 332 2054 iugiter
355 2004 437 2051 orare,
461 1990 576 2039 omnium
599 1990 735 2040 hominum
758 1991 945 2042 contrarietate
968 1995 994 2041 et
1015 1991 1200 2041 molestatione
1223 1995 1332 2041 remota.
1373 1989 1496 2040 Ceterum
1519 1992 1609 2039 nostro
1632 1989 1720 2039 bando
1744 1988 1885 2040 baudimue

186 2095 217 2144 15
236 2097 266 2142 ut
288 2093 311 2142 si
333 2086 417 2158 quisn
439 2093 551 2143 fortasse
574 2093 675 2159 aliquid
697 2086 754 2144 de⁰
776 2094 936 2158 supradictis
958 2095 1038 2145 rebus
1060 2095 1189 2144 haetenus
1212 2095 1310 2144 iniuste
1333 2093 1448 2143 detinuit
1469 2099 1496 2144 et
1517 2095 1546 2142 in
1568 2108 1631 2142 suos
1653 2109 1718 2142 usus
1741 2108 1790 2142 sua
1812 2097 1884 2158 pote-

236 2200 303 2246 state
327 2201 354 2247 et
375 2199 515 2248 temerario
538 2213 606 2248 ausu
628 2198 754 2262 possedit,
777 2199 830 2247 nisi
852 2197 947 2247 amodo
970 2213 998 2248 se
1021 2213 1037 2246 a
1059 2198 1106 2247 tali
1128 2197 1258 2247 violentia
1279 2197 1426 2260 subtrahat,
1450 2213 1478 2247 se
1501 2191 1642 2262 suosquep
1664 2197 1784 2247 homines
1801 2213 1884 2247 remo·

235 2307 304 2364 reat,
327 2300 369 2352 vel
392 2303 414 2352 si
436 2303 497 2367 quis
519 2302 570 2352 hoc
592 2307 699 2352 nostrae
722 2301 919 2352 munificentiae
942 2306 969 2352 et
991 2301 1152 2352 defensionis
1174 2307 1329 2368 preceptum
1351 2301 1495 2366 infringere
1518 2299 1700 2350 contradicere
1723 2300 1765 2351 vel
1783 2301 1885 2351 violare

235 2406 379 2472 aliquando
402 2407 578 2471 temptaverit,
602 2411 707 2455 centnm
729 2405 811 2456 libras
833 2407 893 2456 auri
916 2406 999 2456 obrici
1022 2411 1163 2470 componat
1185 2411 1265 2470 utrque
1287 2403 1429 2469 persolvat,
1453 2403 1621 2455 medietatem
1640 2418 1759 2454 camerae
1777 2409 1884 2455 nostrae

236 2515 263 2561 et
290 2509 457 2560 medietatem
486 2509 646 2560 monasterio
674 2509 821 2560 beatissimi
854 2510 969 2560 Zenonis
998 2510 1044 2559 ubi
1074 2511 1132 2559 eius
1162 2525 1258 2573 corpus
1288 2508 1468 2558 venerandum
1497 2512 1524 2557 et
1551 2507 1689 2557 humatum
1716 2508 1830 2573 quiescit
1857 2509 1885 2556 in

185 2613 218 2661 20
235 2607 334 2679 pace.q
378 2614 456 2676 Quod
478 2617 510 2664 nt
531 2615 620 2665 verius
643 2612 765 2664 credatur
787 2613 993 2682 diligentiusque
1016 2615 1050 2663 ab
1074 2614 1196 2663 omnibus
1225 2614 1252 2662 in
1281 2617 1439 2678 perpetuum
1468 2612 1636 2673 observetur,
1670 2625 1750 2660 manu
1776 2611 1886 2675 propria

236 2720 391 2768 roborantes
413 2716 446 2768 de
468 2717 543 2767 annli
564 2718 648 2768 nostri
669 2719 842 2782 impressione
865 2717 956 2769 subter
978 2717 1108 2782 assignari
1130 2717 1265 2766 iussimus.

339 2837 476 2924 Signum
499 2838 633 2905 domnir
656 2837 787 2905 Ottonis
812 2840 876 2920 (M.)
900 2839 1103 2904 invictissimi
1125 2840 1222 2924 regis.

339 2942 527 3024 Lintulfus'
550 2942 765 3009 cancellarius
789 2942 937 3008 advicem
952 2942 1115 3008 Brunonis
1138 2940 1418 3006 archicancellarii
1440 2940 1616 3023 recognovi
1640 2946 1672 3002 et
1695 2936 1884 3022 subscripsi.

338 3080 428 3145 Data
451 3098 501 3146 111.
524 3104 628 3147 nonas
659 3080 841 3147 decembris
870 3103 956 3146 anno
985 3078 1191 3145 dominicae¹
1221 3079 1457 3143 incarnationis
1486 3092 1675 3158 peccem,
1708 3074 1886 3141 indictione
1975 3127 1976 3130 ,

186 3198 218 3245 25
238 3185 359 3270 quinta,
384 3206 470 3248 anno
492 3185 585 3268 regni
609 3186 805 3249 serenissimi
827 3186 913 3268 regis
938 3181 1069 3248 Ottonis
1093 3199 1210 3265 xxvu3
1233 3190 1344 3246 actum
1366 3179 1537 3245 aunario*
1561 3189 1688 3261 castr03
1710 3180 1744 3242 in
1766 3175 1886 3242 Christi

237 3289 369 3352 nomine
391 3287 529 3352 feliciter
551 3309 655 3351 amen.

323 3457 383 3514 2³4.
409 3461 428 3522 i)
448 3457 614 3512 omnibnsO
711 3460 739 3520 k)
762 3457 938 3522 asenneus
956 3459 984 3510 B
1086 3459 1106 3522 l)
1127 3461 1232 3525 exigere
1254 3475 1286 3508 au
1308 3461 1444 3523 aym,
1471 3473 1526 3508 was
1546 3456 1626 3507 sciron
1646 3458 1676 3506 e'n
1692 3456 1739 3507 der
1755 3455 1810 3508 V-U.
1828 3472 1887 3506 cnr-

406 3527 519 3594 9cfollen
535 3545 592 3578 was·
696 3531 731 3591 m)
751 3529 902 3580 sacerdotes
921 3534 1044 3596 statimne
1061 3530 1137 3596 regni
1154 3530 1237 3578 nostri
1256 3533 1282 3579 et
1299 3529 1377 3579 uobis
1396 3527 1486 3578 collati
1509 3525 1562 3579 ΒΟ
1575 3525 1630 3576 aud
1648 3525 1701 3577 VU.
1808 3527 1837 3586 n)
1859 3523 1886 3586 0,

409 3597 472 3664 quid
491 3597 517 3646 B
620 3597 646 3660 e)
668 3596 695 3659 0,
715 3598 791 3648 exB
894 3598 922 3663 p)
941 3613 1004 3649 suos
1025 3596 1049 3648 0
1147 3595 1175 3662 q)
1196 3595 1224 3658 0,
1249 3601 1275 3646 et
1291 3599 1320 3646 in
1337 3613 1404 3662 pace
1421 3598 1447 3647 lr.
1465 3613 1490 3662 q.
1510 3595 1543 3658 Β,
1574 3601 1601 3646 et
1618 3596 1754 3646 humatum
1773 3595 1799 3644 in
1817 3612 1842 3660 p.
1862 3611 1886 3660 q.

187 3661 221 3709 30
409 3665 465 3718 VU.
568 3667 590 3728 r)
611 3666 711 3717 domini
731 3665 756 3718 0
852 3667 876 3728 s)
894 3665 1055 3733 Luitulphns
1076 3663 1099 3716 0
1198 3666 1220 3727 t)
1238 3667 1349 3716 Aruario
1370 3664 1398 3716 0.
1879 3693 1880 3696 ι

289 5835 476 5879 Kanumknnden
491 5836 508 5878 1.
