4538 6436
401 422 466 486 492
1000 431 1454 490 subsannantibus.

403 636 463 680 nos
487 613 648 698 quasdam
670 637 722 678 res
745 614 847 677 nostri
870 615 1071 698 imperatorii
1096 615 1174 678 iuris
1198 615 1380 678 interventu
1404 614 1521 679 dilecte
1544 616 1693 698 coniugis
1715 623 1838 677 nostre
1859 601 2045 672 Adeleide
2065 607 2100 664 et

403 718 621 784 'Theoderici'
644 717 838 782 venerabilis
854 717 1012 783 Metensis
1035 718 1174 783 ecclesie
1196 719 1343 803 episcopi
1366 717 1624 782 condonavimus
1643 715 1686 781 sd
1705 713 1890 803 quoddam
1912 715 2099 774 monaste

402 823 485 886 rium
509 843 656 886 sororum
679 822 742 886 deo
767 831 969 886 sacratarum
993 820 1081 907 quod
1103 819 1342 884 Wichmauuus
1369 841 1480 884 comes
1508 821 1541 882 iu
1572 819 1666 884 litore
1693 815 1808 882 lienil
1843 821 1883 880 in
1918 811 2100 876 comitatu

404 922 612 1005 Hamelantt,
647 927 740 989 cuius
763 947 882 988 nomeu
905 925 969 989 loci
991 924 1127 1004 Eltena‚
1156 934 1189 989 et
1216 945 1236 986 a
1263 923 1477 989 fundamento
1506 945 1607 1010 usque
1636 923 1831 988 construxit
1857 929 1895 983 et
1922 915 2100 998 religioso

403 1026 464 1091 deo
489 1037 693 1092 sacratarum
716 1027 855 1112 collegio
878 1028 989 1092 multis
1012 1051 1144 1094 suarum
1168 1050 1267 1115 opum
1289 1029 1501 1094 facultatibus
1524 1029 1650 1094 ditavit.
1685 1027 1790 1092 Cuius
1816 1025 1942 1090 meriti
1971 1031 2009 1086 et
2033 1027 2137 1084 nost

402 1131 578 1216 participes
602 1131 671 1194 lieri
694 1130 917 1196 desiderantes
933 1132 1130 1198 contulimus
1146 1133 1252 1198 eidem
1268 1132 1404 1198 ecclesie
1421 1131 1569 1218 quitquid
1585 1132 1672 1196 idem
1687 1131 1957 1196 wichmannus
1976 1143 2102 1189 comes

399 1233 559 1314 beneficii,
583 1255 645 1297 nos
667 1256 745 1298 vero
769 1235 873 1319 predii
897 1237 931 1298 iu
954 1237 1117 1300 territorio
1133 1236 1225 1302 Vrek
1246 1238 1281 1300 in
1303 1257 1391 1320 pago
1414 1235 1492 1300 Salo
1513 1235 1632 1300 habere
1648 1236 1709 1300 risi
1726 1257 1862 1315 sumus,
1889 1235 1931 1296 in
1951 1227 2103 1316 quibus·

400 1360 540 1423 cumque
563 1337 662 1401 rebus
686 1337 809 1418 bussei,
836 1340 1010 1423 mancipiis
1033 1341 1200 1425 utriusque
1224 1361 1323 1403 sexus
1345 1339 1482 1403 edificiis
1506 1341 1598 1402 terris
1621 1338 1717 1402 cultis
1741 1349 1776 1403 et
1801 1335 1958 1401 incultis
1985 1331 2102 1418 pratis

402 1443 533 1526 pascuis
563 1440 656 1505 silvis
685 1444 778 1527 aquis
808 1465 1031 1527 aquarumque
1061 1442 1252 1507 decursibus
1275 1442 1418 1506 exitibus
1441 1453 1474 1505 et
1495 1441 1654 1506 reditibus
1676 1442 1818 1526 quesitis
1845 1450 1884 1502 et
1911 1437 2103 1522 inquiren·

401 1543 468 1627 dis,
498 1567 537 1608 ac
561 1544 712 1630 quitquid
742 1547 987 1631 prenominatus
1017 1567 1126 1610 comes
1154 1549 1188 1609 in
1217 1548 1375 1610 comitatu
1396 1542 1658 1609 llerdiuolrlant‘¹
1686 1544 1864 1625 beneficii,
1907 1561 1979 1605 nos
2014 1557 2101 1602 vero
2123 1547 2155 1595 1⁰

402 1647 505 1732 predii
528 1648 571 1712 ad
595 1671 668 1712 eam
691 1649 776 1712 diem
798 1647 982 1732 habuimus,
1006 1659 1061 1714 et‘
1084 1647 1234 1735 quitquid
1256 1647 1385 1714 eidem‘
1403 1651 1437 1712 iu
1460 1650 1618 1714 comitatu
1641 1648 1852 1714 Hamelarnte
1877 1667 2006 1711 rerum
2035 1646 2104 1709 fuit

401 1763 458 1817 aut
481 1753 669 1839 prediorum
693 1753 815 1818 autad
838 1753 954 1818 fiscum
977 1755 1222 1838 pertinencium,
1245 1753 1361 1818 horum
1385 1755 1528 1818 omnium
1553 1775 1646 1817 usum
1664 1763 1697 1818 et
1715 1755 1992 1838 possessiouem
2013 1749 2102 1814 libe·

402 1877 473 1920 ram
496 1854 637 1938 collegio
661 1857 849 1920 monasterii
873 1857 1090 1940 prenominati
1112 1857 1308 1922 contulimus
1332 1860 1554 1923 concessimus
1577 1867 1610 1920 et
1631 1859 1887 1938 constituimus,
1916 1865 1961 1920 ut
1986 1851 2102 1918 abba-

403 1960 486 2022 tissa
514 1961 585 2022 eius
617 1960 806 2022 monasterii
834 1957 971 2023 liberam
1000 1959 1156 2046 deinceps
1184 1960 1306 2026 habeat
1334 1971 1530 2044 potestatem
1558 1960 1748 2046 possidendi
1781 1956 2031 2044 dispensandi
2068 1965 2105 2020 et

403 2062 555 2146 quitquid
579 2059 641 2126 sihi
665 2061 708 2125 ad
730 2061 883 2127 libitumss
910 2063 1023 2144 suerit,
1058 2063 1235 2129 dummodo
1260 2066 1292 2127 in
1315 2062 1420 2129 usus¹¹
1443 2065 1633 2128 monasterii
1655 2074 1687 2128 et
1710 2085 1871 2128 sororum
1905 2064 1975 2143 sit,
2018 2060 2156 2124 indere

402 2165 555 2230 faciendi.
594 2165 639 2228 Et
661 2174 696 2228 ut
718 2165 781 2229 hoc
804 2168 1009 2230 auctoritatis
1032 2177 1144 2231 nostre
1166 2175 1354 2253 preceptum
1377 2167 1505 2231 firmum
1528 2177 1560 2230 et
1583 2165 1702 2231 stabile
1731 2174 1968 2252 permaneat,
2004 2163 2104 2227 hanc

402 2279 528 2333 cartam
553 2268 716 2334 conscribi
735 2281 768 2333 et
785 2269 896 2334 annuli
919 2273 1021 2335 nostri
1045 2273 1259 2356 impressione
1282 2271 1403 2354 signari
1425 2273 1588 2354 iussimus,
1611 2292 1709 2355 quam
1728 2282 1760 2335 et
1779 2272 1938 2356 propria
1963 2266 2104 2333 mssnui

405 2372 520 2438 subtus
542 2373 755 2438 firmavimus.

508 2525 645 2612 Signum
668 2528 780 2593 domui
804 2527 936 2593 Ottonis
959 2531 1069 2611 magni
1092 2539 1124 2592 et
1147 2527 1351 2592 invictissimi
1374 2529 1579 2613 imperatoris
1603 2531 1744 2612 augusti.

506 2649 623 2734 Poppo
648 2648 863 2714 cancellarius
885 2651 957 2712 vioe
981 2649 1120 2733 Huperti
1144 2649 1407 2733 archicapellani.
2123 2665 2157 2712 so

507 2803 598 2868 Data
627 2805 727 2868 tercio
758 2802 825 2868 kal.
854 2804 923 2868 iulii
952 2825 1038 2868 anno
1069 2803 1229 2870 dominice
1259 2805 1499 2869 incarnacionis
1532 2805 1817 2888 noningentesimo
1854 2809 2101 2890 sexagesimo

404 2916 534 2988 octavo,
558 2905 736 2970 indictione
758 2906 942 2988 undecima,
966 2929 1051 2970 anuo
1076 2917 1188 2996 autem
1209 2909 1299 2990 regni
1323 2906 1433 2972 domui
1452 2906 1583 2971 Ottonis
1607 2908 1770 2971 tricesimo
1792 2909 1921 2990 tercio,
1950 2910 2101 2996 imperii

404 3031 481 3075 vero
507 3012 663 3095 septim03
687 3020 796 3075 aetum
819 3011 977 3092 Pistorie;
1000 3011 1034 3074 iu
1056 3011 1187 3074 nomine
1211 3009 1332 3075 domini
1355 3008 1484 3074 nostril
1506 3011 1582 3074 Iesu
1605 3008 1736 3075 Christi.

1187 3248 1275 3325 353.

413 3404 494 3480 Otto
513 3405 674 3501 bestbtipt
696 3404 775 3476 dem
793 3403 939 3477 Kloster
960 3401 998 3478 S.
1024 3401 1197 3476 Wncenzo
1216 3429 1275 3475 am
1297 3402 1468 3476 Volturno
1487 3405 1545 3476 die
1563 3405 1777 3479 nomentlicb
1798 3409 2099 3505 oerspefz'thrten
2119 3429 2153 3478 as

405 3524 654 3620 Besitzuapen,
684 3523 750 3596 dos
776 3521 1118 3620 Inquisitiensrccbt
1147 3523 1218 3596 dea
1244 3523 1498 3621 Kbnipsscbutz
1524 3525 1604 3598 irad
1628 3526 1686 3598 die
1714 3525 1959 3600 Irrznrunitdt.

1628 3646 1745 3717 Slaffoli
1767 3650 1836 3706 968
1861 3649 1959 3708 Jani
1984 3655 2047 3713 30.

403 3847 675 3910 3596016626
696 3849 895 3920 Volturnease,
920 3848 1016 3910 Codes
1035 3851 1239 3924 catoprapbas
1261 3868 1318 3909 aas
1340 3851 1406 3909 deta
1428 3849 1553 3926 Aafanq
1576 3853 1626 3911 des
1648 3856 1699 3911 12.
1724 3852 1776 3912 db.
1802 3851 1827 3923 s.
1855 3854 1942 3916 189'
1971 3860 2010 3916 iss
2037 3861 2098 3918 der

509 3951 677 4011 Bibliolbek
698 3952 861 4010 Barbariai
882 3972 922 4012 eu
944 3954 1021 4012 Rom
1044 3952 1055 4030 (
1084 3953 1104 4030 ).

404 4047 491 4114 359⁶.
508 4051 673 4113 chronicon
693 4053 886 4113 Voltamensc
908 4055 932 4126 s.
957 4060 1018 4115 191
1045 4055 1056 4132 (
1087 4053 1118 4133 ’).
2116 4086 2151 4133 30

507 4189 739 4250 moratorias.
763 4185 806 4260 1⁶,
831 4193 893 4250 439
916 4209 972 4250 aas
994 4189 1022 4247 A
1047 4191 1109 4249 und
1130 4189 1178 4248 A’.
1202 4223 1245 4232 —
1268 4191 1395 4249 Bobmer
1415 4191 1487 4265 Rep.
1511 4195 1584 4252 347.
1613 4230 1650 4236 -
1674 4193 1805 4268 Stamps
1823 4197 1904 4270 Rep.
1935 4206 2023 4263 447.

509 4327 572 4386 Voss
594 4327 651 4384 dest
673 4326 777 4385 beiden
798 4326 990 4398 Fosssaryem
1026 4327 1127 4384 welche
1151 4328 1304 4386 Muratori
1327 4330 1359 4385 in
1381 4330 1445 4386 eine
1466 4333 1821 4403 smammasqesctweast
1846 4335 1923 4407 hat,
1965 4341 2014 4399 ist
2040 4343 2097 4401 die

506 4433 561 4488 mit
585 4429 612 4486 A
634 4431 813 4488 beeeiebaete
834 4429 1040 4501 eweifelsobae
1061 4430 1109 4488 die
1131 4431 1365 4503 ursprstnplicbe.
1399 4433 1468 4490 Γᾶν
1489 4433 1543 4491 dus
1566 4436 1599 4491 in
1620 4435 1671 4491 ihr
1693 4435 1844 4494 orbatione
1859 4438 1905 4496 D.
1935 4443 2096 4505 benutzte

506 4533 555 4592 die
576 4533 707 4592 Kenelei
728 4533 895 4604 vorebplicb
918 4533 972 4590 das
995 4533 1083 4590 sebon
1104 4538 1193 4591 water
1219 4533 1286 4592 DO.
1311 4535 1371 4593 245
1402 4536 1498 4592 citirte
1518 4536 1645 4608 Prdcept
1666 4554 1732 4595 vom
1761 4537 1795 4597 J.
1818 4543 1900 4612 941,
1939 4545 2095 4607 deneben

505 4637 575 4694 uber
603 4637 678 4694 eceb
706 4634 775 4694 DO.
798 4637 872 4704 245,
902 4636 1005 4694 descen
1026 4636 1224 4708 meamne
1253 4637 1326 4694 roobl
1353 4636 1470 4695 destruit
1499 4639 1692 4711 nudipessscbt
1718 4641 1824 4699 warde
1853 4661 1913 4701 am
1941 4648 1999 4708 die
2025 4651 2093 4710 Be·
2114 4669 2149 4717 aa

505 4741 659 4812 stettiyenq
682 4737 740 4808 sbi
762 4739 857 4810 cinips
879 4741 912 4795 in
933 4737 1097 4796 demselben
1119 4739 1292 4796 enerrcbbat
1311 4738 1474 4810 pebliebeae
1489 4739 1691 4812 Besitsuespea
1705 4759 1746 4799 aa
1761 4744 1917 4818 erbaltea,
1945 4767 1982 4810 so
2002 4771 2037 4812 ιι.
2059 4774 2091 4814 a.

506 4841 563 4912 sdr
585 4841 640 4898 das
663 4841 732 4899 bald
751 4841 867 4910 diesem,
892 4841 960 4899 bald
975 4841 1075 4910 J'eaern
1091 4837 1180 4908 scisse
1195 4840 1428 4912 zaqesproehene
1441 4841 1693 4902 Michaelsbloster
1707 4862 1748 4901 ea
1763 4845 1891 4905 Burrea
1911 4849 1951 4928 (s.
1971 4854 2090 4918 DDO.

504 4946 579 5012 261,
602 4946 677 5013 263,
701 4945 775 5011 336,
799 4946 863 5001 336
890 4941 955 5000 tired
982 4941 1061 4998 daea
1091 4940 1184 4998 Sicbel
1210 4945 1243 4998 in
1264 4943 1365 5001 uiae.
1393 4943 1442 5001 des
1471 4949 1524 5002 bat.
1548 4944 1623 5004 Iasi.
1648 4947 1720 5019 Ery.
1744 4953 1774 5018 1,
1799 4949 1895 5028 131).
1930 4989 1981 4999 —
2013 4960 2097 5033 Ares

506 5044 616 5104 ersd
637 5063 693 5104 voa
715 5043 744 5102 A
767 5046 805 5102 iet
829 5043 910 5102 dorm
933 5046 974 5101 im
998 5043 1117 5101 Kloster
1138 5045 1225 5103 selbst
1246 5043 1284 5103 A'
1307 5045 1484 5120 anpesertiyt
1506 5047 1632 5119 worden,
1663 5051 1781 5109 welches
1804 5071 1870 5112 nur
1896 5063 2027 5135 wessipe
2053 5067 2090 5124 in

504 5147 570 5205 dem
593 5149 692 5205 ecbtea
707 5147 747 5204 D.
764 5149 911 5205 &rodberte
933 5147 1134 5218 Besiteunpea
1155 5147 1302 5218 aasabim,
1326 5148 1453 5222 decepero
1474 5152 1538 5208 eine
1552 5151 1645 5210 Reibe
1667 5153 1795 5211 erdem
1818 5157 1889 5213 aad
1913 5161 2089 5224 insbesen·
2110 5185 2147 5231 ιο

504 5249 573 5306 dere
600 5247 655 5304 der
683 5249 715 5304 ia
738 5247 804 5304 dem
826 5248 978 5306 Placitum
1002 5251 1144 5308 Heinrich
1164 5259 1203 5307 11.
1234 5269 1298 5308 vora
1325 5251 1358 5311 J.
1381 5255 1468 5312 1022
1492 5251 1632 5329 (Stampf
1649 5255 1721 5328 aeq.
1746 5255 1847 5335 1781)
1878 5273 2086 5332 sesanam.

503 5351 563 5409 Die
584 5349 802 5421 Interpoletien
823 5351 940 5408 verrdtb
961 5352 1024 5410 sich
1047 5355 1100 5410 wie
1118 5349 1336 5414 66110245ὸ
1359 5355 1451 5413 durch
1473 5356 1522 5412 die
1543 5359 1742 5430 enqesebiolte
1766 5359 1970 5438 Stilbimny.
2018 5370 2090 5429 soll

489 5533 549 5586 358.
577 5531 674 5602 [Folts]
762 5535 788 5596 a)
809 5533 967 5584 Theudorici
982 5535 1012 5584 B
1098 5535 1126 5598 b)
1145 5535 1228 5586 Rheni
1248 5535 1274 5586 B
1364 5539 1388 5600 c)
1406 5539 1578 5590 Hammelant
1594 5537 1627 5604 A,
1654 5541 1816 5592 Hamelandt
1829 5543 1857 5594 B
1905 5533 1907 5535 ¹
1958 5549 1992 5614 d)
2013 5553 2087 5604 Ner.

575 5601 731 5653 dinclslandt
742 5601 769 5650 B
861 5605 886 5663 e)
906 5601 940 5661 B,
952 5601 1021 5665 sabb
1040 5602 1105 5651 ina
1201 5603 1222 5668 f)
1240 5605 1311 5655 idem
1323 5601 1373 5654 AB
1467 5609 1495 5676 g)
1514 5611 1565 5659 sibi
1585 5612 1731 5660 collibitum
1744 5609 1795 5662 AB
1909 5616 1941 5680 h)
1963 5636 2014 5670 res
2028 5622 2088 5674 AB

572 5673 592 5733 i)
612 5666 743 5720 manassi
838 5669 867 5734 k)
878 5667 949 5732 fehlt
966 5672 995 5719 ia
1012 5669 1047 5719 Β.
2106 5693 2144 5748 4⁶
