4508 6428
285 397 348 462 398
882 406 1331 502 KAISERURKUNDEN.

285 603 404 654 locorum
432 605 549 654 babeant
577 611 607 654 ut
634 621 676 656 res
705 605 898 670 ecclesiasticas
927 605 983 680 suis
1011 603 1104 654 usibus
1133 603 1303 670 adiungendi.
1338 605 1375 654 Et
1396 610 1426 654 ut
1447 605 1498 655 boc
1520 610 1609 671 nostre
1632 605 1829 670 munificentie
1854 602 1961 652 donum

286 707 389 758 firmum
404 713 431 758 et
445 708 540 760 stabile
554 714 709 774 permaneat
722 725 746 771 ιι,
769 708 820 758 boc
838 723 946 772 presens
964 711 1117 772 preceptum
1141 709 1272 758 conscribi
1295 713 1322 758 et
1344 709 1418 759 anuli
1440 712 1523 760 nostri
1545 711 1722 775 impressione
1745 709 1859 777 signari
1878 707 1961 756 iussi-

286 827 353 874 mus,
376 827 455 877 quam
478 817 503 862 et
526 827 606 862 manu
629 812 736 876 propria
758 812 853 861 subtus
875 810 1045 860 firmavimus.

387 1036 597 1120 {Laidolfus
620 1036 836 1102 cancellarius
859 1036 1010 1101 advicem
1031 1036 1197 1100 Brunouis
1220 1036 1471 1123 archicapellani
1494 1039 1676 1122 notavi't
1975 1048 1991 1094 ⁵

387 1175 476 1238 Data
498 1193 534 1238 11.
558 1175 601 1239 id.
625 1173 738 1260 aprilis
761 1196 848 1239 anno
872 1173 1033 1257 dominice
1056 1174 1291 1239 incarnationis
1314 1191 1506 1256 Dccccaxv,
1541 1174 1718 1239 indictione
1744 1191 1805 1236 1111
1813 1223 1823 1254 ‚
1863 1195 1955 1236 anno

285 1278 411 1363 imperii
434 1280 544 1362 magni
569 1277 700 1344 Ottonis
724 1279 853 1361 augusti
877 1295 946 1361 1111,
976 1278 1068 1361 regni
1092 1276 1217 1342 scilicet
1239 1295 1330 1360 xxx3
1353 1287 1462 1342 actum
1485 1276 1700 1358 Wisibadun;
1723 1278 1762 1340 in
1787 1273 1954 1340 Christi*

285 1402 417 1445 nomme
440 1403 545 1447 amen.

1066 1602 1153 1676 282.

297 1759 378 1836 Otto
402 1758 543 1834 schesla
566 1758 631 1831 der
654 1759 787 1834 Kirchc
811 1761 872 1832 des
896 1761 929 1832 h.
950 1760 1069 1832 Moris
1087 1785 1132 1832 za
1149 1758 1377 1858 Maqdeharp
1394 1759 1464 1831 dea
1481 1758 1703 1858 tesiphone
1721 1758 1816 1857 Hos
1835 1758 1950 1832 Riise-
1970 1788 2002 1835 m

287 1879 368 1954 beck
394 1881 444 1952 im
469 1879 679 1977 Hcsscaqan
704 1881 770 1952 mit
796 1881 899 1953 ollem
926 1879 1103 1952 Zaliches.
1444 1899 1618 1960 massae„
1639 1901 1702 1959 965
1726 1897 1826 1971 Aps-tt
1849 1903 1903 1959 12.

388 2087 480 2145 Isibcr
496 2088 577 2160 priv.
600 2105 624 2146 s.
649 2087 797 2145 Mauricii
818 2104 875 2146 aaa
898 2086 962 2145 dem
986 2087 1072 2146 Εηᾱε
1094 2087 1143 2147 des
1166 2092 1216 2147 11.
1234 2087 1288 2148 Jh.
1312 2087 1336 2158 s.
1351 2091 1393 2147 21
1418 2090 1460 2146 im
1481 2088 1510 2146 t.
1527 2087 1731 2147 Staatsarchic
1753 2107 1796 2146 aa
1816 2088 1948 2161 Μαράι-

388 2191 462 2264 bary
483 2188 543 2268 (Ο).
566 2223 609 2233 -
632 2189 850 2263 Mmdetaroer
874 2189 1053 2263 Copiatbach
1075 2191 1124 2250 des
1147 2193 1198 2252 15.
1215 2192 1270 2251 Jh.
1294 2190 1318 2263 s.
1333 2195 1376 2250 24
1399 2189 1540 2269 stata(
1570 2189 1591 2269 ).

388 2327 505 2385 Laeter
518 2326 653 2401 Disqais.
677 2328 814 2400 stupidae
831 2328 940 2389 Soron
963 2331 1098 2389 n⁰1606
1120 2330 1270 2402 napcblich
1291 2346 1348 2388 aas
1371 2329 1437 2387 dem
1456 2328 1592 2404 Oripiaal
1607 2327 1657 2408 (L)
1682 2353 1721 2383 =
1747 2330 1858 2403 latnie
1873 2328 1943 2388 ΗΑ.

387 2425 452 2500 10⁶,
475 2434 540 2490 348
561 2436 595 2487 n⁰
616 2435 669 2494 22.
691 2465 734 2474 -
756 2432 886 2491 Bdhmcr
906 2433 979 2506 Περ.
1001 2435 1075 2492 289.
1098 2465 1143 2476 -
1165 2431 1294 2505 Stamps
1310 2433 1382 2507 1209.
1407 2435 1480 2492 356.
1964 2444 1993 2490 rs

389 2568 437 2626 Im
458 2568 561 2628 Dictat
584 2569 647 2641 fast
669 2571 799 2628 wortlich
818 2571 913 2644 plcich
934 2570 1002 2630 Do.
1025 2573 1099 2630 278.
1128 2604 1170 2615 -
1199 2571 1258 2629 Die
1283 2570 1462 2630 Onsnamen
1485 2571 1555 2630 sind
1575 2588 1625 2629 am
1647 2571 1747 2630 testea
1770 2571 1886 2630 erkldrt
1911 2574 1944 2630 in

388 2671 510 2746 Bettper
529 2673 692 2734 Wtcesaa-
714 2673 1045 2748 undeciremem,
1068 2676 1132 2734 305
1156 2675 1220 2733 mid
1240 2680 1271 2746 3,
1295 2677 1367 2734 118.

484 2859 524 2923 Iu
552 2861 684 2925 nomine
713 2869 826 2945 sancte
849 2868 882 2924 et
903 2859 1070 2944 individue
1098 2861 1262 2924 trinitatis.
1308 2857 1386 2924 Otto
1410 2857 1521 2924 divina
1541 2858 1671 2924 favente
1693 2858 1873 2924 clementia
1895 2861 1942 2924 in-

285 2971 417 3045 perator
439 2972 608 3047 augustus.
682 2983 685 2990 '
706 2978 734 3028 Si
757 2981 856 3029 sanctis
879 2994 910 3030 ac
932 2981 1130 3031 venerabilibus
1152 2980 1219 3030 locis
1241 2977 1371 3030 beneficia
1393 2983 1481 3044 nostrq
1504 2977 1641 3028 clementis
1668 2977 1814 3044 largimur,
1844 2978 1939 3043 procul

285 3079 367 3130 dubio
390 3083 519 3145 presentis
543 3087 569 3131 et
591 3085 680 3148 eterne
699 3083 753 3148 vite
776 3082 981 3133 emolumentum
1004 3081 1116 3148 adipisci
1139 3099 1192 3132 non
1215 3083 1368 3132 titubamus.
1406 3082 1509 3132 Idcirco
1532 3082 1649 3132 omnium
1672 3088 1764 3148 sancte
1787 3082 1833 3134 dei
1855 3083 1939 3150 eccle-
1956 3085 1988 3132 ab

285 3184 323 3249 sie
344 3183 463 3234 fidelium
485 3191 687 3251 nostrorumque
709 3187 871 3251 presentium
894 3187 997 3236 scilicet
1019 3192 1046 3238 et
1066 3187 1216 3237 futurorum
1239 3187 1344 3236 novarit
1364 3171 1538 3248 universitas,
1567 3185 1681 3249 qualiter
1702 3201 1752 3236 nos
1774 3202 1825 3264 pro
1849 3201 1939 3237 amore

285 3286 327 3337 dei
342 3288 479 3353 sanctique
495 3289 618 3340 Mauricii
634 3263 798 3354 martyriset
812 3305 860 3354 pro
878 3290 994 3342 remedio
1013 3293 1100 3357 ariimq
1122 3297 1211 3357 nostre
1233 3296 1436 3354 nostrorumque
1457 3293 1596 3354 pareutum
1618 3304 1667 3339 uec
1689 3305 1744 3340 non
1768 3294 1796 3340 et
1819 3274 1938 3360 dilecte

285 3377 434 3460 coniugis
467 3375 659 3442 Adalheidis
692 3381 859 3464 nostrique
893 3380 1107 3444 amantissimi
1142 3377 1200 3442 filii
1235 3376 1366 3442 Ottonis
1400 3378 1485 3462 regis
1519 3408 1566 3458 per
1594 3393 1674 3442 huius
1703 3394 1789 3442 nostri
1817 3395 1938 3459 preceps

242 3493 244 3497 ’
285 3497 409 3561 paginam
438 3502 529 3547 nostra
556 3498 678 3563 inperiali
708 3499 865 3548 auctoritate
895 3498 1053 3548 donavimus
1082 3503 1174 3547 sancto
1197 3497 1327 3546 Mauricio
1350 3496 1458 3560 martyri
1481 3497 1509 3545 in
1530 3490 1739 3561 Magdaburch⁸
1767 3481 1937 3566 quendem

284 3593 410 3648 curtem
432 3601 497 3650 iuris
520 3603 594 3667 regni
616 3603 700 3652 nostri
722 3617 739 3649 ιι
760 3618 813 3668 quq
835 3607 947 3652 vocatur
967 3583 1147 3652 Rosbachl
1178 3601 1254 3650 sitam
1276 3601 1306 3649 in
1326 3615 1396 3666 pago
1418 3584 1607 3649 Hessonum
1628 3584 1663 3648 ln
1685 3585 1846 3649 comitatu
1868 3583 1935 3649 Elll
1953 3598 1984 3646 25

284 3687 413 3750 comitis
439 3696 470 3750 et
499 3686 563 3750 alia
591 3687 666 3753 loca
694 3687 738 3752 ad
765 3689 925 3774 prefatam
957 3699 1081 3754 curtem
1109 3689 1305 3774 pertinentia
1331 3689 1378 3752 ita
1404 3686 1590 3752 nominata:
1618 3685 1741 3752 Vfloun
1770 3697 1804 3752 et
1832 3687 1936 3752 altera

284 3788 421 3872 Uflouu,
444 3790 711 3872 Horilreshusun,
735 3791 892 3875 Medrilri,
916 3791 1115 3876 Elisungun,
1140 3789 1459 3874 Gotresdeshusuu‘,
1482 3791 1738 3875 Buuningheim,
1769 3814 1836 3856 uua
1860 3813 1935 3857 cum

285 3907 404 3972 ecclesiis
419 3925 436 3957 ιι
453 3909 564 3960 edificiis
586 3912 725 3976 mancipiis
747 3913 824 3961 terris
847 3911 926 3961 cultis
949 3917 976 3960 et
997 3910 1105 3962 incultis
1127 3913 1197 3978 agris
1220 3913 1320 3977 campis
1342 3912 1425 3976 pratis
1447 3911 1553 3975 pascuis
1575 3909 1649 3959 silvis
1671 3911 1749 3975 aquis
1771 3925 1936 3976 aquarumve

285 4009 441 4063 decursibus
464 4013 623 4064 molendinis
647 4015 696 4064 viis
720 4020 746 4065 et
768 4016 848 4064 inviis
870 4017 986 4066 exitibus
1009 4021 1035 4065 et
1057 4015 1186 4066 reditibus
1212 4017 1322 4081 quesitis
1344 4021 1371 4066 et
1392 4014 1556 4081 inquirendis
1577 4013 1722 4066 mobilibus
1744 4020 1772 4064 et
1794 4016 1936 4066 immobili-

285 4115 335 4164 bus
357 4117 437 4167 rebus
460 4119 636 4184 omnibusque
659 4134 749 4169 eorum
772 4120 938 4184 pertinentiis
961 4135 1013 4184 quq
1035 4119 1088 4167 dici
1110 4118 1153 4169 vel
1176 4120 1306 4168 nominari
1334 4124 1460 4194 possunt,
1489 4134 1521 4169 ex
1550 4119 1651 4184 integro
1680 4123 1773 4169 sancto
1802 4120 1936 4170 Mauricio
1954 4123 1987 4171 30

285 4223 394 4285 martyri
421 4208 455 4271 ln
482 4206 737 4293 Magdaburchl
765 4225 923 4275 donavimus
951 4231 1030 4290 atque
1058 4240 1090 4274 ex
1118 4229 1208 4274 nostro
1231 4225 1288 4275 iure
1311 4229 1337 4275 et
1359 4223 1475 4274 dominio
1499 4223 1526 4272 in
1548 4223 1589 4271 ius
1612 4223 1696 4272 sancti
1719 4223 1845 4273 Mauricii
1869 4239 1937 4273 mar-

284 4323 342 4372 tiris
373 4329 453 4390 atque
481 4326 673 4377 venerabilium
702 4328 961 4393 archiepiscoporum
990 4329 1036 4392 qui
1064 4344 1112 4393 pro
1141 4332 1259 4392 ternpore
1288 4328 1386 4378 fuerint
1413 4331 1528 4377 rectores
1554 4324 1670 4375 eiusdem
1702 4332 1794 4392 sancte
1824 4327 1938 4394 ecclesie

285 4427 347 4476 almi
370 4430 493 4492 martyris
515 4430 647 4492 Mauricii,
669 4430 797 4495 largimur
818 4437 898 4496 atque
921 4431 1139 4495 transfundimus,
1166 4438 1196 4480 nt
1218 4432 1303 4482 eidem
1326 4431 1491 4481 sanctissimo
1513 4429 1572 4480 loco
1595 4430 1622 4479 iu
1644 4436 1804 4495 perpetuum
1827 4431 1939 4483 firmiter

284 4537 437 4596 permaneat
465 4534 582 4582 omnium
610 4534 746 4584 hominum
776 4535 985 4585 contradictione
1013 4541 1121 4586 remota
1165 4535 1202 4584 Et
1224 4541 1254 4585 ut
1276 4536 1324 4585 hec
1346 4539 1435 4600 uostrq
1458 4534 1622 4584 auctoritatis
1644 4533 1754 4585 donatio
1777 4537 1851 4586 omni
1874 4543 1940 4588 tem·

284 4651 349 4700 pore
370 4634 446 4685 firma
468 4637 624 4702 stabilisque
647 4645 809 4703 permaneat,
831 4641 956 4690 iussimus
979 4625 1055 4689 inde
1078 4623 1140 4689 hee
1163 4645 1297 4708 presens
1320 4632 1509 4708 preceptum
1531 4637 1662 4688 conscribi
1685 4637 1823 4704 anuloque
1846 4647 1940 4692 nostro
1959 4641 1993 4692 35

284 4741 395 4807 sigillari
418 4757 551 4808 manuque
573 4745 681 4808 propria
703 4745 794 4795 subter
815 4744 986 4795 firmavimus.

387 4863 525 4948 Signum
547 4862 658 4930 domni
681 4864 812 4932 Ottonis
837 4868 902 4949 (Μ.)
921 4868 1038 4952 magni
1060 4875 1093 4930 et
1114 4867 1320 4931 invictissimi
1342 4865 1537 4950 inperatoris
1560 4864 1701 4947 augusti.

386 4965 562 5032 Lindolfus
585 4967 801 5034 cancellarius
824 4971 974 5037 advicem
996 4971 1161 5036 Brunonis
1184 4967 1437 5054 archicapellani
1459 4968 1646 5051 recognovi.

386 5104 476 5168 Data
497 5121 534 5168 11.
557 5103 631 5169 idus
653 5105 747 5190 april.
771 5129 856 5172 anno
883 5107 1044 5192 dominice
1066 5109 1300 5173 incarnationis
1323 5123 1528 5186 uecccnxvl,
1551 5104 1731 5170 indictione
1749 5124 1828 5191 vm,
1853 5133 1947 5177 anno

284 5205 400 5290 inperii
418 5208 529 5290 magni
548 5205 680 5273 Ottonis
703 5211 898 5294 inperatoris
921 5214 1051 5297 augusti
1074 5229 1138 5296 1111,
1162 5214 1253 5296 regni
1271 5211 1396 5277 scilicet
1412 5212 1461 5276 sui
1477 5228 1568 5293 xxx3
1591 5219 1702 5275 actum
1716 5209 1950 5300 Wisibadun3
1970 5234 2003 5282 ιο

284 5310 318 5373 in
341 5308 461 5376 Christi
483 5313 614 5376 nomine
637 5311 776 5378 feliciter
798 5336 904 5380 amen.

370 5495 430 5552 281.
456 5501 483 5564 v)
503 5500 646 5552 Luidolfus
658 5528 691 5539 -
704 5504 794 5553 notavi
812 5502 881 5568 fehlt
899 5506 928 5554 ὅτι
948 5502 972 5555 O
1071 5506 1106 5566 vv)
1127 5503 1183 5570 01),
1203 5505 1282 5557 Cristi
1301 5505 1332 5557 A.

371 5598 430 5654 282.
457 5601 557 5735 goffia]
585 5673 636 5723 db
662 5606 690 5666 a)
705 5606 892 5726 pagadaburg
909 5607 934 5658 L
1036 5609 1064 5671 b)
1084 5608 1193 5660 Rosbab
1206 5608 1235 5659 D
1336 5610 1362 5671 c)
1381 5609 1595 5661 Gotredeshusen
1608 5607 1644 5670 D,
1663 5608 1956 5670 GotercdeshusunL

533 5688 584 5739 ega
604 5690 618 5724 e
639 5690 687 5741 urg
732 5713 737 5724 .
