4560 6426
851 413 1043 471 KONRAD
1067 415 1090 469 I.
1115 409 1187 468 918.
1803 409 1842 474 31

300 597 391 660 Data
420 614 467 660 xl.
498 595 625 660 calend.
653 597 730 659 maii
761 617 847 658 anno
878 594 1060 660 dominicae
1084 597 1318 661 incarnationis
1341 597 1621 680 noningentesimo
1644 597 1771 664 docimo
1796 623 1848 663 oe-

198 715 292 783 tavo,
326 701 503 765 indictione
532 700 661 784 quinta,
696 721 781 763 anno
810 721 888 762 vcro
917 701 1007 784 regni
1038 702 1233 765 serenissimi
1261 701 1348 784 regis
1377 699 1520 766 Conradi
1551 703 1705 786 scptim03
1738 714 1848 769 actum

199 805 288 890 apud
310 806 338 868 F
340 803 567 884 ranconofurt;
589 804 622 867 in
645 802 697 866 dei
720 804 850 867 nemine
873 802 1010 867 feliciter
1031 825 1137 870 amen.

994 1097 1057 1174 34.

163 1251 356 1326 sKenrad
385 1251 546 1349 bestdtipt
575 1251 655 1324 deur
686 1251 849 1325 Bisdraoc
880 1251 1079 1351 Wdrzburp
1111 1253 1168 1326 dic
1196 1255 1454 1328 lorrauaitc'iten
1482 1255 1598 1329 scinci·
1630 1255 1847 1355 Vcnpdnpcr.

1403 1380 1573 1452 thrabary
1595 1383 1659 1438 918
1682 1379 1752 1437 dcli
1775 1383 1803 1438 4.

304 1565 550 1640 Oripiacddiplom
573 1565 614 1621 -ιίιι
636 1563 663 1620 b.
688 1564 895 1622 Itcicbsurcbio
916 1583 956 1622 su
978 1566 1130 1624 Mdrwbca
1154 1565 1217 1643 (A).

299 1723 429 1782 actea
452 1721 585 1780 Francia
606 1723 709 1780 orient.
733 1727 764 1790 2,
789 1725 851 1780 900
874 1727 907 1778 a⁰
927 1726 971 1781 28
994 1741 1050 1780 rsus
1074 1722 1234 1782 Clurdalur
1255 1725 1309 1782 uait
1332 1725 1464 1795 scdscbea
1487 1725 1785 1796 Jobrosnrcrlnuden,
1810 1746 1849 1785 aa

301 1829 372 1886 815.
400 1859 436 1868 -
461 1826 545 1883 Mon.
565 1825 658 1884 Boica
679 1830 747 1894 284.
767 1829 830 1885 153
845 1830 879 1882 ιιο
894 1830 957 1885 108
972 1844 1028 1884 (cres
1044 1825 1073 1884 A
1098 1851 1135 1878 z
1160 1828 1289 1886 Boluner
1302 1827 1339 1886 A.
1358 1826 1442 1888 Coar.
1460 1832 1503 1888 33
1518 1835 1552 1886 ιιο
1566 1835 1617 1890 33.
1645 1864 1681 1873 -
1708 1831 1850 1889 Bresslua

149 1947 181 1994 lo
299 1930 369 1989 DD.
394 1934 509 1988 cca-turn
532 1933 570 1989 81
595 1936 629 1987 a⁰
653 1935 693 1988 tio
716 1948 773 1988 (cus
795 1929 832 1988 A.
860 1961 897 1972 -
921 1931 1050 1988 Br'ibmcr
1072 1932 1143 2004 Ilcp.
1168 1932 1244 2005 Imp.
1269 1936 1321 2002 32,
1345 1935 1416 2006 sep.
1440 1935 1516 1991 Kar.
1541 1937 1635 1993 1261.

306 2088 366 2144 Vos
384 2087 449 2146 SR.
475 2087 665 2144 unrrsitlclbor
685 2088 761 2144 rzcrcb
783 2087 847 2144 dem
871 2088 909 2144 D.
933 2086 1059 2157 Arorolss
1084 2107 1146 2146 com
1168 2093 1220 2149 21.
1244 2090 1405 2149 November
1427 2093 1490 2150 888
1515 2089 1657 2168 (Boluucr
1678 2092 1748 2163 Iicp.
1773 2091 1848 2148 Kar.

302 2190 397 2268 1072)
421 2193 614 2264 pescbrr'cbea.
659 2192 750 2250 Ucbcr
778 2192 832 2250 ilas
860 2191 1040 2251 Vcrbdltaiss
1069 2193 1164 2252 dieser
1191 2193 1332 2253 Urbicade
1359 2213 1398 2252 aa
1428 2194 1485 2253 dea
1512 2211 1804 2267 seerauspcpuapeuca
1824 2212 1847 2252 s.

302 2295 445 2354 Bresslea
468 2298 500 2353 ιἰι
523 2297 733 2369 Ferscbcnpca
755 2300 806 2366 13,
831 2300 881 2355 01.

301 2502 359 2578 (Ο.)
383 2503 397 2586 ξξ·
419 2500 458 2564 Ιιι
485 2502 614 2564 nominc
645 2509 779 2564 sanctae
808 2510 840 2564 ot
868 2500 1058 2566 individuae
1086 2502 1250 2565 trinitatis.
1290 2499 1506 2567 Chuonradus
1535 2503 1647 2568 divina
1680 2502 1850 2568 ordinante

149 2619 180 2666 10
198 2603 403 2686 providentia
424 2626 494 2668 rcx.
583 2619 649 2668 Cum
670 2620 843 2684 petitionibus
864 2636 999 2670 serverum
1020 2620 1062 2670 dei
1084 2636 1132 2685 pre
1152 2620 1315 2686 quibuslibet
1338 2622 1524 2689 ecciesiasticis
1548 2622 1751 2672 necessitatibus
1773 2638 1851 2672 aures

198 2727 301 2771 ruistras
323 2723 485 2787 pulsantium
507 2724 621 2774 libenter
642 2725 766 2774 anriimus
788 2705 802 2788 il
824 2731 850 2774 et
872 2723 978 2774 divinae
1000 2725 1134 2788 potentiae
1155 2725 1182 2772 iu
1198 2724 1263 2774 locis
1279 2724 1328 2774 deo
1344 2725 1438 2775 ‹licat-is
1454 2727 1562 2776 nisenus
1577 2726 1759 2777 famulandum
1775 2729 1848 2777 aurd-

197 2827 262 2877 linnr
285 2830 457 2894 porrigimus,
480 2830 508 2878 id
529 2836 589 2877 nos
612 2829 705 2894 procul
729 2829 810 2878 dubio
832 2835 858 2878 et
876 2828 909 2878 ad
927 2828 1064 2878 mortalem
1080 2829 1161 2878 vitam
1178 2830 1356 2893 temporaliter
1372 2829 1552 2881 deducendam
1569 2837 1595 2880 et
1610 2831 1644 2880 ad
1660 2833 1776 2882 futuram
1792 2832 1851 2882 feli·

198 2933 263 2982 citer
273 2927 285 2954 ²¹
309 2933 479 2982 obtinendam
497 2933 662 2983 commodum
681 2934 820 2998 provenire
839 2932 1003 2982 confidimus.
1040 2932 1143 2983 Idcirco
1159 2939 1250 2983 notum
1267 2935 1302 2983 sit
1316 2935 1439 2984 omnibus
1457 2935 1579 2985 fidelibus
1594 2937 1692 2986 uostris
1707 2941 1761 2985 tam
1777 2952 1849 3000 prae·

199 3037 318 3086 sentibus
333 3053 411 3101 ‹prrrrm
427 3041 452 3086 et
467 3037 579 3098 tuturis,
601 3039 665 3102 «pria
682 3021 809 3085 Thiodo
826 3020 1023 3086 vonerabllls
1039 3021 1299 3103 Uuirciburgeusisb
1322 3039 1451 3107 ecclesiae
1472 3040 1613 3104 episcopus
1634 3040 1731 3090 obtulit
1753 3040 1850 3088 uostris

148 3146 181 3192 'to
198 3141 336 3190 obtutibus
359 3142 541 3191 auctoritatem
564 3141 737 3190 immunitatis
758 3141 923 3190 Hludouuici
944 3142 1110 3206 imperatoris
1131 3147 1157 3192 st
1177 3144 1247 3207 regis
1268 3144 1427 3193 serenissimi
1442 3143 1607 3194 Hludouuici
1624 3145 1651 3193 in
1666 3160 1719 3209 qua
1734 3145 1850 3194 contine·

1204 3228 1217 3269 ‘¹
1243 3263 1302 3297 cnm
1326 3249 1448 3298 carnibus
1470 3249 1549 3298 rebus
1565 3255 1592 3299 et
1607 3249 1758 3299 hominibus
1773 3249 1807 3298 ad
1823 3266 1851 3298 se

200 3247 291 3306 batur,
314 3246 427 3312 qualiter
442 3248 493 3311 ipsi
510 3251 535 3297 et
550 3240 722 3296 antessoresc
744 3261 834 3295 eorum
857 3245 1040 3310 gloriosissimi
1062 3263 1138 3311 reges
1153 3263 1193 3295 as

199 3353 268 3402 iuste
291 3352 483 3416 pertinentibus
505 3357 531 3401 et
551 3351 672 3416 legaliter
693 3351 897 3415 asspicientibus
917 3366 1020 3414 semper
1040 3350 1090 3400 sub
1107 3351 1261 3414 plenissima
1279 3351 1432 3403 defensione
1448 3359 1474 3403 et
1488 3353 1662 3403 immunitatis
1678 3354 1791 3403 tuitione
1806 3353 1850 3402 ha-

199 3457 327 3506 buissent.
363 3457 416 3506 Pro
432 3456 563 3506 firmitatis
578 3471 691 3521 namque
707 3454 795 3505 studio
814 3454 960 3519 postulavit
983 3461 1142 3504 memoratus
1163 3439 1291 3504 Thiodo
1314 3458 1455 3521 episcopus
1478 3462 1504 3507 et
1524 3456 1637 3508 dilectus
1657 3455 1742 3506 fidelis
1763 3461 1852 3506 noster

199 3560 381 3610 excellentiam
404 3566 535 3622 nostram,
558 3564 588 3609 ut
611 3576 659 3624 pro
682 3559 765 3608 divini
788 3560 876 3610 cultus
899 3576 987 3611 amore
1010 3566 1037 3610 et
1058 3561 1162 3610 animae
1186 3567 1291 3611 nostrae
1315 3562 1444 3624 remedio,
1468 3568 1498 3611 ut
1518 3568 1544 3612 et
1561 3577 1610 3612 nos
1628 3577 1669 3612 res
1688 3569 1714 3612 et
1732 3562 1851 3611 homiues

149 3664 182 3710 ‘25
200 3665 303 3733 prqt‘atq
320 3665 361 3715 dei
380 3665 508 3733 aecclesie
527 3681 587 3714 cum
605 3665 728 3713 omnibus
751 3665 819 3714 iuste
841 3671 866 3715 et
888 3665 1005 3730 legitime
1026 3663 1059 3714 ad
1082 3681 1109 3714 se
1131 3665 1321 3729 aspicientibus
1343 3667 1393 3716 sub
1416 3673 1521 3716 nostrae
1543 3666 1716 3715 immunitatis
1739 3667 1852 3716 tuitione

200 3771 400 3834 susciperemus.
438 3770 521 3819 Cirius
543 3769 665 3833 petitioni
687 3768 801 3818 libenter
823 3784 913 3818 aurem
935 3753 1223 3819 accommodamus
1242 3775 1269 3820 et
1286 3770 1354 3819 hauc
1373 3772 1558 3821 auctoritatem
1573 3776 1662 3838 nostre
1678 3770 1851 3820 immunitatis

200 3876 271 3924 circa
285 3877 369 3940 ipsam
385 3874 472 3924 sedem
489 3875 598 3938 eiusque
616 3872 733 3940 prqlatos
754 3871 810 3922 lieri
832 3873 996 3923 decrevimus
1017 3890 1065 3938 per
1086 3889 1165 3937 (quam
1188 3873 1347 3937 precipimus
1370 3873 1530 3940 firmiterque
1553 3875 1687 3934 iubemus,
1710 3879 1740 3923 ut
1761 3873 1852 3922 nullus

201 3979 280 4030 iudex
302 3979 425 4043 publicus
441 3977 482 4028 vel
503 3977 628 4042 quislibet
643 3993 676 4027 ex
691 3976 831 4026 iudiciaria
846 3981 977 4040 potestate
993 3977 1020 4025 in
1036 3976 1162 4044 ccclesias
1177 3983 1224 4026 arat
1241 3977 1300 4026 loca
1315 3977 1357 4027 rel
1374 3993 1451 4042 agros
1470 3993 1517 4028 seu
1538 3978 1653 4043 reliquas
1672 3979 1851 4041 prrssessioues

201 4091 359 4134 memoratae
381 4083 451 4133 sedis
471 4097 537 4146 qum
559 4082 684 4132 moderno
705 4086 822 4145 tempore
844 4081 871 4129 in
887 4079 1050 4144 quibuslibet
1066 4081 1141 4144 pagis
1156 4079 1199 4129 vel
1216 4082 1354 4130 territoriis
1369 4083 1437 4130 iufra
1453 4081 1579 4132 ditionem
1595 4082 1669 4147 regni
1684 4082 1767 4129 nostri
1783 4081 1851 4130 iuste

1248 4165 1259 4206 f
1279 4186 1334 4234 sire
1358 4184 1463 4234 accolas
1485 4185 1527 4236 vel
1550 4179 1678 4235 Sclavose
1697 4185 1723 4233 iu
1746 4183 1801 4233 ullu
1824 4182 1851 4232 cd

151 4191 184 4236 30
202 4194 228 4238 et
244 4188 364 4253 legaliter
389 4187 505 4253 possidet
528 4187 571 4236 rel
592 4203 643 4254 quq
664 4186 788 4250 deinceps
808 4186 836 4233 iu
857 4179 934 4234 ἰιιιιιΘ
952 4185 1036 4248 ipsius
1057 4183 1203 4233 aecclesiae
1223 4201 1239 4231 ιι

201 4292 367 4356 stririgendos
388 4299 433 4340 aut
458 4290 572 4340 inlicitas
595 4291 748 4340 occasiones
766 4287 937 4354 requirendas
952 4285 1007 4336 ullo
1023 4301 1147 4350 umquam
1164 4291 1281 4350 tempore
1299 4287 1396 4337 audeat
1414 4267 1516 4354 ingredi
1531 4289 1573 4340 vel
1590 4304 1622 4338 ca
1636 4305 1688 4356 quq
1704 4304 1784 4354 supra
1800 4305 1850 4338 rne-

201 4403 301 4446 morata
322 4404 384 4445 scrut
404 4397 526 4460 poenitus
548 4396 652 4459 exigere
674 4398 823 4461 presumat,
847 4391 894 4440 sed
916 4391 996 4440 liceat
1017 4395 1161 4439 memorato
1184 4391 1285 4457 presuli
1306 4393 1414 4456 suisque
1438 4393 1635 4442 suecessoribus
1656 4409 1697 4442 res
1716 4393 1850 4459 predictae

202 4501 313 4569 ecclesie
330 4501 379 4550 sub
395 4501 568 4549 immunitatis
584 4505 689 4548 uestrae
704 4497 857 4548 defensioue
872 4496 962 4560 quieto
978 4493 1070 4544 ordine
1085 4493 1220 4559 possidere
1236 4500 1262 4544 et
1277 4501 1366 4546 nostro
1382 4511 1474 4560 parere
1490 4497 1608 4561 imperio,
1626 4497 1752 4560 quatinus
1768 4496 1852 4559 ipsius

201 4615 308 4656 sanctae
324 4605 366 4656 dei
383 4605 494 4672 ecclesie
510 4603 609 4671 celibes
626 4619 672 4667 pro
689 4601 869 4651 incolomitate
884 4605 910 4649 et
926 4598 1070 4648 stabilitate
1085 4585 1176 4666 regni
1192 4599 1276 4648 nostri
1292 4599 1333 4649 dei
1349 4600 1537 4665 omnipotentis
1559 4600 1766 4649 misericordiam
1785 4600 1851 4662 iugi-

151 4707 183 4754 35
201 4717 241 4760 ter
263 4725 370 4760 exorare
392 4708 511 4759 delectet.
545 4708 580 4757 Et
602 4713 632 4757 ut
654 4707 719 4756 baec
739 4704 883 4755 arroteritas
901 4688 1122 4752 concessionis
1137 4707 1243 4752 nostrae
1259 4703 1357 4753 firmior
1372 4704 1502 4754 habeatur
1517 4710 1543 4753 et
1557 4719 1604 4768 per
1623 4704 1714 4754 futtua
1734 4708 1852 4767 tempora

201 4830 217 4863 a
237 4815 339 4863 curretis
361 4813 484 4862 fidelibus
506 4813 603 4861 uostris
626 4810 779 4876 diligentius
802 4815 986 4870 conservetur,
1009 4823 1088 4857 manu
1110 4808 1217 4872 propria
1238 4813 1329 4858 nostra
1351 4810 1442 4860 subter
1457 4823 1515 4858 eam
1531 4807 1693 4857 timuerimus
1709 4813 1735 4857 et
1753 4791 1850 4855 anulo

200 4913 311 4967 nostro
333 4901 467 4986 sigillari
487 4916 619 4965 iussimus.

232 5083 235 5090 ·
302 5058 316 5126 8
338 5059 473 5141 Signum
497 5056 606 5120 domni
630 5053 819 5119 Oliuonradi
844 5055 934 5134 (MP.)
960 5056 1156 5119 serenissimi
1179 5052 1313 5139 rogis}

304 5177 318 5246 i
340 5179 464 5244 Salon⁰
485 5177 700 5243 cancellarius
723 5177 872 5242 advicem
888 5176 1046 5260 Piligrimi
1067 5175 1321 5261 archicapellani
1340 5175 1515 5259 recognovi
1532 5183 1564 5239 ct
1585 5171 1599 5255 ξ
1624 5175 1706 5254 (SR.)
1734 5175 1790 5255 (sl.
1809 5177 1851 5254 4.)

150 5376 184 5425 io
304 5369 345 5424 dl.
373 5369 478 5437 [Sickel]
579 5371 606 5428 a)
624 5371 649 5419 ci
666 5369 728 5419 iiber
744 5369 792 5420 der
809 5368 879 5419 aas
895 5367 1082 5433 aecbpetraqea
1175 5369 1202 5426 bt
1223 5366 1277 5416 SR.
1296 5367 1394 5416 sclarieb
1412 5370 1493 5414 saer-st
1510 5363 1578 5414 aacb
1595 5363 1642 5415 der
1661 5364 1714 5414 VU.
1733 5366 1852 5416 Uuircib.

372 5439 427 5490 arrad
444 5444 545 5489 croam
561 5438 642 5503 cosm
659 5455 673 5488 a
690 5437 773 5488 duob
791 5456 806 5488 c
884 5440 909 5498 c)
928 5437 950 5488 A
1033 5438 1060 5498 d)
1079 5438 1239 5503 praedictam
1261 5437 1350 5486 sedem
1367 5452 1399 5484 aa
1416 5437 1540 5499 cydonea
1555 5433 1623 5484 ιιιιεΙι
1636 5434 1672 5483 D.
1685 5433 1794 5499 Ladreip
1807 5436 1853 5485 des

374 5509 420 5559 Fr.
433 5508 463 5558 1..
476 5511 531 5558 188
635 5507 661 5572 e)
673 5507 736 5574 jeta
754 5506 837 5558 darcb
850 5506 940 5556 Bntcb
957 5509 994 5557 ιἰιι
1011 5507 1165 5572 Pergamena
1181 5505 1320 5556 cnodacas
1336 5506 1441 5554 ametor!
1458 5503 1513 5553 msa
1530 5521 1579 5554 eoru
1592 5503 1674 5553 Horrd
1690 5503 1736 5554 dee
1753 5508 1793 5555 16.
1807 5503 1852 5554 ιῘΙι.

374 5579 434 5628 iiber
451 5577 498 5628 der
516 5577 585 5627 Zeila
602 5581 703 5641 ειῃᾶιιιε
807 5577 831 5637 l)
849 5593 880 5625 aa
897 5579 1021 5641 aptium
1037 5575 1105 5626 aocb
1122 5575 1158 5626 D.
1176 5573 1283 5638 Ansolse
1305 5574 1419 5624 voluerit
1437 5573 1528 5624 divina
1546 5579 1662 5638 potestas
1686 5575 1790 5639 augeri,
1818 5574 1852 5623 ad

375 5663 469 5698 causas
487 5645 634 5697 audiendas
652 5646 695 5697 vel
713 5645 788 5697 freda
806 5647 936 5712 exigenda
954 5653 1001 5697 aut
1018 5647 1169 5696 mansiones
1187 5644 1230 5695 vel
1253 5650 1359 5711 paratas
1383 5642 1519 5694 iaciendas
1542 5649 1589 5693 aut
1611 5641 1779 5694 fideiussores
1802 5642 1852 5692 tol-

152 5721 185 5768 45
375 5717 467 5768 leudos
485 5723 532 5768 aut
549 5716 669 5767 homines
686 5717 770 5782 ipsius
788 5715 943 5768 aecclesiae.
