4560 6426
844 424 1074 480 uniamus
1099 425 1121 480 1.
1147 421 1218 480 920.

1018 607 1052 681 1.

205 759 380 832 Heinrich
407 759 567 858 bestutigt
595 759 674 831 deiri
696 758 838 832 Kloster
860 758 982 831 Fisida
1008 758 1066 831 iiie
1093 759 1315 851 hiiiizaaitc'it,
1344 761 1414 834 cua
1442 761 1666 860 Zeiritbezaq
1691 788 1763 834 voa
1789 762 1860 834 den

206 881 354 980 eipeaen
383 878 522 955 Giitern
549 879 720 953 siricicius
747 880 954 954 Waltlreclu.
1462 920 1565 979 Fatua
1586 925 1649 982 920
1672 919 1763 995 April
1784 926 1813 982 3.

312 1109 559 1183 Oripsinaldrplom
582 1111 624 1166 ira
645 1109 672 1165 le.
698 1107 900 1166 Stiratsorcliio
920 1125 962 1165 ea
984 1107 1133 1181 Marbarp
1158 1105 1220 1185 (A).

310 1265 459 1324 &leniuit
481 1265 561 1322 Hist.
585 1263 676 1322 Fora.
699 1269 730 1334 2,
755 1267 815 1323 141
841 1269 874 1320 a⁰
895 1267 939 1322 27
961 1280 1017 1322 aas
1033 1263 1070 1321 A.
1090 1296 1127 1305 —
1144 1263 1343 1322 armaten.
1361 1264 1530 1324 Felicem
1548 1269 1662 1325 a⁰668
1684 1283 1741 1324 aas
1757 1264 1793 1324 A.
1819 1300 1856 1309 -

308 1368 395 1426 Face.
421 1369 453 1425 in
476 1367 626 1426 Sebennei
646 1366 799 1425 Vindicius
820 1369 878 1426 tab.
903 1371 932 1427 8.
960 1400 997 1410 -
1022 1368 1151 1426 Bibincr
1171 1369 1243 1442 Ray.
1268 1371 1319 1428 35,
1347 1401 1384 1410 -
1410 1369 1537 1442 Stampf
1554 1370 1626 1442 nep.
1651 1376 1680 1428 1.

311 1525 372 1583 Veri
395 1523 498 1582 Simon
520 1523 711 1582 anuiiitclbm·
732 1525 807 1582 anch
829 1524 868 1582 D.
893 1523 1034 1582 Koarads
1057 1527 1076 1583 6
1096 1525 1287 1597 pecii-ricem.
1334 1525 1428 1584 Sclioa
1456 1526 1561 1595 tia'ihcr
1589 1525 1634 1584 als
1662 1525 1714 1583 der
1737 1524 1859 1586 marest

308 1645 405 1686 aaaron
427 1626 475 1684 die
499 1627 577 1685 Zeilc
599 1627 652 1685 der
673 1628 853 1700 kunipliclrca
874 1627 1070 1717 Uritcrsclrritt
1094 1628 1158 1686 aad
1180 1630 1227 1686 eiu
1245 1628 1328 1687 naeu
1349 1629 1401 1686 dci·
1423 1627 1577 1702 solgaulca
1595 1628 1673 1687 Zeilc
1694 1631 1774 1688 uellet
1793 1630 1858 1688 dem

308 1731 368 1790 sn.
389 1731 579 1803 pceclrrr'clrm,
608 1729 747 1789 redierant
770 1730 906 1804 Herigeri
929 1731 1057 1806 ereliiepi
1081 1732 1144 1789 lucr
1164 1736 1221 1791 crst
1244 1732 1442 1805 micliiu'iplicb
1466 1733 1615 1807 cirmcsuqt
1637 1733 1745 1791 acarde.

157 1947 188 1994 ιο
310 1935 368 2013 (C.)
391 1937 405 2018 ξ
426 1933 465 1996 In
489 1935 618 1999 nominc
643 1943 775 1997 sanctae
799 1943 831 1997 ct
854 1933 1066 1998 individuae³
1089 1934 1253 2000 trinitatis.
1292 1934 1466 1999 Heinricus
1496 1934 1607 1999 divina
1636 1936 1767 2000 favente
1795 1935 1857 2000 cle·

204 2041 325 2103 mentia
348 2035 443 2102 rainl
531 2053 642 2102 Constat
657 2069 705 2102 uos
721 2053 812 2102 divina
830 2053 1000 2118 dispensante
1018 2056 1104 2118 gratia
1123 2055 1234 2104 caeteris
1252 2054 1447 2117 supereminere
1467 2053 1638 2116 mortalibus,
1661 2054 1731 2104 uude
1754 2063 1858 2120 oportet

205 2167 234 2209 at
256 2160 333 2208 ciuus
354 2151 544 2224 precellimus⁰
566 2173 682 2218 munere,
704 2139 718 2221 i
741 2158 798 2208 eius
821 2157 974 2206 studeamus
997 2157 1082 2207 modis
1104 2158 1226 2207 omuibus
1247 2173 1341 2222 parere
1357 2157 1495 2206 rolrartati.
1530 2159 1699 2224 Quapropter
1713 2160 1859 2224 comperiat

205 2265 335 2314 irulustria
349 2271 429 2329 atque
445 2263 546 2312 utilitas
562 2263 679 2312 omnium
694 2260 813 2311 fideliam
831 2269 979 2311 nostrorum
998 2263 1177 2326 praesentium
1196 2261 1297 2311 scilicet
1315 2268 1341 2310 et
1364 2261 1527 2323 futurorum,
1551 2263 1615 2326 qaia
1635 2264 1676 2312 vir
1698 2262 1858 2313 verrerabilis

205 2352 333 2416 Haicho
349 2368 420 2416 abba
435 2383 467 2416 ex
482 2367 641 2416 monasterio
657 2365 728 2430 qaod
744 2365 841 2415 dicitur
857 2365 951 2428 Fulda,
967 2365 1038 2431 qaod
1054 2373 1094 2416 est
1109 2348 1209 2416 situmtl
1225 2367 1337 2431 inpage
1353 2366 1481 2430 Grapield
1496 2361 1697 2417 constructam⁰
1713 2367 1857 2418 inhorrere

155 2465 186 2512 15
205 2474 289 2522 sancti
305 2472 432 2522 Bonifatii
449 2471 571 2534 martyris
587 2470 692 2530 Christi,
717 2470 762 2519 ubi
781 2469 850 2519 idem
868 2469 1001 2535 gloriosus
1020 2477 1118 2535 martyr
1140 2486 1249 2535 corpore
1271 2470 1391 2534 quiescit,
1415 2469 1507 2519 adiens
1528 2470 1712 2520 excellentiam
1734 2471 1857 2520 calarinis

205 2578 301 2636 nostri,
330 2559 461 2646 quando
484 2561 633 2644 primitus
656 2581 757 2623 caiisa
780 2557 835 2622 ille
861 2560 1017 2624 orationis
1040 2563 1204 2642 venimus,
1235 2573 1333 2624 obtulit
1355 2575 1432 2624 nobis
1454 2575 1588 2639 quandam
1613 2569 1856 2625 antecessorum

204 2677 403 2747 nostrorum,
427 2663 627 2729 Hludouuici
649 2663 803 2728 videlicet
825 2672 858 2726 ei
874 2661 1077 2746 Ohuonratli,
1101 2681 1286 2730 aiictoritatem
1309 2681 1337 2728 in
1359 2695 1413 2744 qua
1435 2680 1628 2742 continebatur,
1651 2681 1765 2745 qualiter
1788 2681 1857 2730 idem

204 2771 367 2854 principes
382 2769 548 2833 karissimi
571 2764 722 2848 pretatum‘
743 2783 932 2832 monasterium
956 2799 1016 2832 cum
1038 2785 1174 2834 monachis
1196 2783 1294 2834 ibidem
1319 2768 1380 2832 ileo
1397 2768 1631 2833 famulantibus
1654 2790 1758 2834 etcum
1778 2787 1857 2834 reims

204 2888 246 2938 rel
269 2889 421 2938 homiuibus
444 2887 478 2936 ad
501 2904 528 2938 se
551 2888 620 2937 iuste
642 2887 837 2951 pertinentibus
852 2903 868 2933 s
887 2887 936 2935 sirb
960 2902 1009 2936 sua
1026 2874 1298 2937 constituissentss
1320 2888 1474 2938 defensione
1497 2895 1523 2939 et
1544 2875 1712 2938 munitatis
1736 2891 1857 2940 tuitione.
1889 2869 1902 2884 Ἰ

153 2991 187 3037 ‘20
205 2993 361 3043 Obsecravit
388 3007 502 3057 namque
531 2992 693 3056 prescriptae
721 2991 791 3040 abba
819 2995 850 3039 ut
877 2991 998 3040 similiter
1021 2992 1107 3055 ipsum
1130 2993 1318 3042 monasteriam
1342 3009 1401 3042 cum
1424 2993 1560 3042 monachis
1583 2992 1680 3043 ibidem
1704 2993 1753 3044 deo
1776 2978 1856 3043 mili·

204 3081 350 3146 ianiibus
373 3103 399 3146 et
421 3113 481 3146 cum
504 3097 584 3146 rebus
606 3103 633 3146 et
654 3096 807 3145 hominibus
830 3096 880 3145 sibi
903 3095 1024 3162 legaliter
1046 3080 1281 3166 aspicientibus
1297 3098 1347 3147 sub
1363 3103 1454 3146 nostra
1469 3098 1688 3156 constitueremus
1704 3098 1858 3148 defensione

205 3217 236 3252 ac.
258 3187 458 3269 prefatorum
481 3208 593 3269 regum
617 3201 769 3250 auctoritati
792 3205 908 3249 nostram
932 3201 1100 3265 iungeremus
1129 3203 1328 3263 sucurritatem,
1362 3202 1439 3251 ouius
1467 3203 1636 3266 petitionem,
1670 3204 1734 3268 quia
1760 3204 1857 3252 iustam

205 3288 485 3356 immo'rauonaailem
501 3322 559 3356 esse
574 3304 759 3365 iudicavimus,
782 3285 843 3352 seh
866 3309 892 3353 et
907 3304 1036 3355 beneficio
1052 3306 1123 3370 quod
1138 3306 1286 3370 postulavit
1305 3322 1442 3356 assensum
1463 3307 1625 3371 prebuimus.
1660 3306 1696 3355 Et
1713 3305 1773 3356 ideo
1789 3307 1858 3356 liaric

205 3411 389 3460 auctoritatem
405 3415 512 3475 propter
525 3409 644 3459 divisium
661 3424 775 3459 amorem
792 3413 817 3457 ct
833 3410 1030 3459 venerationem
1050 3410 1135 3459 sancti
1157 3409 1209 3459 loci
1231 3411 1315 3475 ipsias
1337 3410 1607 3475 tranquillitatemque
1629 3410 1738 3459 fratrum
1758 3410 1857 3460 ibidem

154 3525 187 3573 ‘25
206 3517 406 3566 consistentium
429 3516 500 3564 circa
520 3515 606 3579 ipsum
629 3515 819 3564 monasteriam
840 3514 896 3564 fieri
915 3513 1079 3564 decrevimus
1094 3531 1140 3579 per
1155 3530 1234 3579 (quam
1250 3516 1277 3563 in
1294 3515 1412 3564 futurum
1428 3515 1562 3564 sancimus
1577 3519 1656 3579 atique
1674 3515 1805 3576 iubemus,
1829 3519 1859 3563 ut

205 3621 294 3670 millae
310 3620 389 3670 iudex
405 3619 530 3694 publicus
545 3625 593 3669 aut
606 3619 720 3684 quilibet
735 3635 767 3668 es
784 3618 914 3668 iudicaria
929 3621 1059 3682 potestate
1075 3618 1102 3666 in
1119 3618 1244 3668 ecclesias
1260 3618 1338 3668 villas
1356 3619 1416 3668 loca
1436 3619 1478 3669 vel
1500 3635 1578 3684 agros
1600 3600 1655 3665 sul
1677 3620 1858 3682 possessiones

204 3740 271 3790 quim
293 3724 419 3774 moderno
442 3729 559 3788 tempore
581 3725 651 3773 iuste
673 3729 700 3773 et
722 3721 916 3772 rationabiliter
939 3720 1009 3770 inira-
1031 3737 1140 3786 regumn
1163 3721 1292 3771 divinitus
1313 3723 1391 3772 nobis
1412 3738 1567 3772 concessum
1589 3722 1719 3786 prefatum
1741 3722 1858 3786 possidet

205 3829 392 3878 monasteriam
409 3827 534 3892 reiquae
551 3826 675 3890 deinceps
691 3827 718 3876 in
734 3827 776 3875 ius
792 3827 876 3890 ipsius
899 3825 951 3874 loci
970 3825 1084 3875 volucrit
1106 3825 1197 3875 diviua
1219 3828 1304 3890 pietas
1326 3828 1426 3891 augeri,
1449 3826 1483 3876 acl
1506 3841 1600 3875 causas
1623 3825 1763 3875 iudiciario
1786 3843 1858 3877 more

205 3932 348 3999 aliquando
370 3930 517 3982 audiendas
539 3937 587 3981 aiat
609 3931 683 3981 freda
705 3930 891 3996 undecumque
913 3930 1043 3995 exigenda
1064 3929 1106 3980 rel
1128 3931 1279 3980 marisiones
1295 3937 1343 3980 aut
1357 3936 1463 3994 paratas
1479 3929 1615 3979 iaciendas
1631 3929 1673 3979 vel
1689 3929 1858 3980 fideiussores

154 4052 188 4098 30
206 4037 337 4087 tollendos
352 4043 399 4086 aut
414 4037 534 4086 homiues
549 4037 634 4108 ipsius
649 4036 802 4085 monasterii
824 4041 878 4084 tam
900 4035 1031 4099 ingenuos
1052 4049 1131 4098 quina
1153 4041 1180 4083 et
1200 4051 1289 4084 servos
1312 4050 1393 4098 supter
1415 4040 1510 4083 terram
1534 4015 1641 4097 ipsiiusk
1663 4039 1858 4084 comiuaaeutes

205 4141 401 4207 distringendos
416 4157 465 4190 nec
480 4138 549 4189 allas
564 4139 736 4189 redibitiones
751 4145 799 4188 aut
813 4139 929 4187 inlicitas
945 4138 1098 4186 occasiones
1113 4137 1285 4202 requirendas
1300 4139 1398 4186 uostris
1412 4139 1561 4202 futurisque
1577 4137 1740 4202 temporibus
1755 4138 1858 4202 ingredi

205 4245 303 4296 audeat
314 4245 356 4294 rel
368 4259 400 4294 ea
414 4260 466 4310 qne
482 4259 563 4308 supra
577 4249 721 4294 memorata
736 4249 799 4292 suut
814 4244 919 4307 exigere
935 4246 1076 4305 presuruat,
1093 4241 1138 4290 sed
1154 4241 1234 4290 liccat
1244 4225 1349 4290 eidem
1362 4242 1453 4291 abbati
1470 4243 1577 4307 suisque
1593 4242 1791 4298 successoribus
1803 4225 1856 4289 sel

205 4349 323 4400 ciusdem
338 4348 490 4398 monasterii
506 4363 566 4397 cum
581 4348 631 4396 sibi
651 4348 778 4398 subiectis
796 4346 845 4395 sub
865 4345 1039 4393 imumaitatis
1057 4351 1163 4394 nostrae
1185 4344 1339 4395 defensione
1360 4345 1495 4410 possidere
1517 4362 1547 4406 s,
1571 4351 1597 4395 et
1614 4344 1741 4410 quicquid
1758 4344 1789 4394 ile
1806 4353 1858 4394 su·

206 4437 362 4523 pradictis
390 4453 469 4502 rebus
492 4453 534 4500 ius
557 4449 614 4502 fisci
637 4453 742 4517 exigere
764 4453 882 4514 poterat,
916 4463 964 4511 pro
987 4451 1096 4497 aeterna
1124 4449 1335 4499 remuneratione
1364 4450 1466 4514 prefato
1490 4450 1650 4498 monasterio
1673 4455 1699 4498 et
1722 4449 1857 4498 monachis

154 4571 187 4617 35
206 4559 392 4607 concessimus.
426 4556 591 4620 Precipunus
610 4557 689 4606 etiam
704 4554 781 4605 atde
797 4552 868 4602 villis
886 4551 999 4617 aeclesiq
1017 4553 1102 4600 sancti
1118 4551 1259 4615 Bonisncii,
1283 4554 1366 4602 servis
1382 4554 1461 4603 etiam
1477 4559 1503 4603 et
1518 4552 1619 4602 colonis
1638 4553 1665 4600 in
1684 4551 1737 4601 illis
1752 4567 1858 4602 maneu-

203 4662 278 4711 tibas
293 4676 360 4726 qaas
375 4659 500 4710 moderno
516 4667 633 4724 tempore
648 4659 745 4709 habere
761 4657 867 4707 videtur
882 4657 925 4706 vel
940 4672 991 4722 quq
1007 4657 1132 4720 deinceps
1148 4657 1175 4704 in
1191 4657 1248 4707 iure
1264 4658 1348 4721 ipsius
1366 4659 1451 4707 sancti
1470 4658 1521 4707 loci
1538 4656 1628 4705 divina
1643 4656 1729 4720 pietas
1744 4656 1859 4706 voluerit

206 4763 374 4832 amplificare,
397 4764 495 4814 habeat
516 4763 651 4828 predictus
674 4763 757 4812 abbas
780 4775 998 4826 successoresque
1020 4761 1078 4810 eius
1100 4765 1258 4825 potestatem
1281 4761 1397 4810 decimas
1420 4761 1589 4826 accipiendas
1612 4766 1719 4824 propter
1737 4759 1858 4812 aedificia

205 4869 366 4934 perficienda
389 4868 431 4919 vel
454 4867 628 4918 restauranda
651 4866 843 4931 lunrinariaque
861 4882 877 4912 a
895 4865 1049 4915 renovanda
1067 4873 1093 4915 et
1111 4871 1141 4915 at
1162 4867 1213 4915 sibi
1237 4866 1412 4930 fidelibusque
1436 4867 1499 4928 suis,
1522 4865 1684 4930 pauperibus
1704 4881 1809 4932 quoque
1833 4871 1857 4916 et

206 4975 352 5039 peregrinis
374 4977 490 5036 tempore
513 4971 690 5035 susceptionis
712 4985 777 5019 usus
800 4970 963 5020 necessarios
985 4971 1089 5034 possint
1108 4971 1231 5035 prebere,
1254 4957 1347 5019 iuxta
1369 4970 1397 5019 id
1420 4970 1490 5035 quod
1513 4976 1604 5035 sancte
1626 4969 1717 5036 regule
1739 4972 1857 5034 proposi-

155 5097 188 5144 40
207 5089 262 5128 tum
284 5083 364 5144 atique
387 5077 541 5126 urandaturu
563 5075 638 5125 iubet
660 5075 803 5125 monachos
822 5075 850 5124 in
868 5075 1036 5139 susceptione
1058 5075 1192 5140 hospitum
1215 5089 1414 5140 pauperumque
1436 5091 1540 5139 seraper
1557 5093 1613 5124 csso
1632 5079 1746 5138 paratos.
1781 5074 1857 5123 Etsi

206 5183 312 5250 quando
327 5184 469 5233 vocatione
485 5182 577 5230 divina
591 5183 644 5230 ium
660 5181 732 5230 fatus
747 5181 817 5230 abba
833 5191 1050 5246 successoresque
1066 5182 1124 5230 eius
1140 5179 1172 5230 de
1187 5181 1237 5230 hac
1253 5179 1312 5229 luce
1328 5179 1507 5245 migraverint,
1525 5179 1651 5244 quamdiu
1669 5179 1720 5243 ipsi
1736 5179 1858 5228 monachi

206 5290 274 5338 iuter
296 5304 323 5338 se
346 5288 412 5338 tales
436 5287 555 5336 invenire
577 5287 680 5351 possint
702 5287 748 5352 qui
771 5287 856 5349 ipsam
878 5287 1109 5352 congregationem
1132 5284 1277 5335 secundum
1300 5282 1418 5349 regulam
1441 5285 1478 5348 pii
1502 5284 1585 5348 patris
1608 5283 1745 5334 Benedicti
1768 5297 1859 5348 regere

330 5460 351 5513 l.
379 5460 472 5528 [rota]
577 5461 603 5520 a)
623 5475 646 5508 ae
666 5462 693 5508 in
711 5476 742 5509 ac
760 5459 915 5509 caesaraea
1018 5459 1047 5524 b)
1066 5476 1132 5509 corr.
1151 5475 1198 5508 oris
1216 5461 1255 5508 rix
1359 5459 1383 5520 c)
1402 5474 1467 5508 coir.
1486 5473 1534 5507 aas
1551 5457 1702 5522 praellimas
1799 5459 1826 5518 d)
1845 5474 1858 5507 s

377 5547 443 5582 corr.
463 5547 510 5580 aas
528 5549 542 5578 c
631 5531 655 5589 c)
673 5535 747 5578 aruer
765 5547 796 5579 co
815 5530 849 5578 iet
866 5527 1026 5578 mandaces
1045 5535 1071 5579 ct
1088 5527 1202 5578 εἰοΙιιὸω
1289 5529 1310 5586 i)
1327 5525 1439 5592 sopiens
1457 5543 1523 5576 corr.
1541 5543 1589 5575 aies
1607 5529 1664 5592 prin
1746 5531 1774 5594 g)
1793 5543 1859 5576 corr.

378 5617 425 5648 aiis
444 5601 623 5649 constituisset
708 5597 737 5660 h)
757 5598 869 5648 libenter
887 5597 1118 5648 accomodavimns
1135 5614 1165 5646 za
1184 5601 1308 5662 aydam
1325 5599 1373 5647 wie
1391 5598 1419 5646 ia
1437 5595 1473 5646 D.
1485 5595 1568 5644 Korn.
1588 5599 1606 5644 6
1693 5597 1713 5661 i)
1731 5612 1778 5646 sea
1797 5596 1858 5645 roli-

379 5685 445 5787 qqps
463 5685 492 5716 za
512 5671 635 5732 capuam
652 5669 701 5717 wis
718 5669 747 5717 ia
764 5665 819 5720 Vn.
915 5667 943 5728 k)
962 5667 1012 5717 cias
1029 5668 1114 5717 noda
1131 5669 1139 5716 i
1157 5665 1379 5732 uberyesclrriebeu
1477 5664 1497 5730 l)
1516 5680 1557 5714 res
1576 5679 1606 5712 zu
1625 5669 1750 5730 equesen
1766 5667 1813 5714 wie
1830 5665 1858 5712 in
