4500 6428
874 414 999 471 ΟΤΤΟ
1020 415 1044 470 Ῑ.
1069 411 1140 470 961.
1770 407 1834 471 313

286 600 477 662 Gsscbsiebes
497 621 554 662 oon
576 603 645 663 BG.
689 600 1040 674 scemmenstete,
1071 601 1141 659 aber
1167 599 1239 660 doch
1266 598 1392 670 vielsach
1414 618 1455 659 aa
1477 599 1695 674 Maydsbsryer
1716 599 1836 658 Metuis

286 706 455 764 esimmd.

187 955 195 970 ·
284 925 341 1005 (c.)
369 921 384 1004 8
410 924 449 990 In
470 927 602 990 nomine
631 934 766 991 sanctae
795 933 827 990 et
854 923 1044 990 individuae
1072 925 1235 990 trinitatis.
1282 923 1360 990 Otto
1390 925 1502 990 divina
1530 924 1740 1012 dispensante
1770 925 1833 990 cle·

183 1029 303 1092 mentia
329 1050 399 1092 rex.
500 1029 637 1094 Noverit
666 1031 809 1094 omnium
837 1028 982 1092 fidelium
1015 1039 1200 1094 nostrormn
1233 1027 1379 1094 sollertia
1412 1030 1610 1114 presentium
1644 1029 1769 1094 scilicet
1801 1038 1834 1094 et

147 1129 379 1212 ofutrrrorum,
414 1131 553 1216 qualiter
579 1154 640 1197 nos
664 1155 721 1218 per
742 1135 959 1198 interventum
984 1132 1123 1198 domnae
1145 1130 1160 1213 ἒ
1180 1131 1335 1198 videlicet
1356 1141 1388 1197 et
1409 1142 1542 1198 nostrae
1564 1135 1677 1198 matris
1699 1136 1833 1218 reginae

182 1235 371 1301 Mabthildis
401 1236 561 1323 quasdam
589 1261 642 1303 res
674 1259 753 1302 suae
782 1240 1038 1324 propriaetatis⁸
1066 1261 1148 1324 quas
1176 1260 1279 1325 usque
1306 1237 1371 1304 huc
1401 1236 1503 1303 dotali
1532 1238 1724 1324 possidebat
1752 1241 1831 1322 iure,

181 1349 305 1404 cortem
328 1340 452 1404 scilicet
476 1339 657 1424 Quitilinga
680 1362 755 1406 curn
777 1341 917 1406 ecclesis
938 1345 973 1408 in
994 1342 1118 1407 honore
1142 1343 1246 1406 sancti
1269 1340 1383 1406 Iacobi
1413 1341 1555 1427 apostoli
1584 1352 1776 1408 consecrata
1798 1345 1832 1407 in

181 1443 296 1508 eodem
317 1442 391 1508 loco
414 1446 449 1508 in
471 1446 629 1509 comitatu
651 1444 804 1510 Fritmici
828 1446 956 1510 comitis
979 1467 1053 1510 cum
1076 1444 1162 1509 villis
1186 1447 1233 1509 sic
1255 1445 1469 1530 nuncupatis:
1503 1444 1724 1528 Mersenleba,
1755 1446 1832 1510 Kie-

179 1547 349 1631 lercslebu
374 1546 510 1630 Orthan,
535 1547 673 1632 Sultian,
698 1548 837 1631 Hahem,
861 1547 1153 1633 Geruuigesthorp‚
1176 1547 1338 1632 Biklinge,
1361 1546 1660 1613 Adclboldeshroth
1673 1547 1696 1632 ¹³,
1719 1549 1832 1614 Harri-

130 1666 164 1714 10
180 1651 349 1736 keshrotb,
373 1651 584 1718 Silicanuelth
596 1662 617 1736 ⁶,
642 1651 867 1738 Sippanuelth,
891 1663 924 1718 et
945 1655 979 1717 in
1001 1652 1074 1717 aliis
1092 1651 1174 1716 locis
1189 1651 1265 1716 inde
1281 1652 1425 1716 exaratis
1440 1651 1493 1715 vel
1508 1651 1640 1716 inantea
1655 1651 1830 1717 exarandis

180 1755 223 1820 ad
244 1759 533 1824 monasteriumin
556 1767 666 1824 monte
689 1765 913 1822 constructum
934 1759 968 1821 in
989 1756 1114 1821 honore
1137 1757 1241 1820 sancti
1269 1753 1408 1819 Seruatii
1439 1755 1742 1821 sanctimonialibus
1771 1755 1831 1821 ibi·

180 1857 254 1924 dem
276 1859 338 1924 deo
362 1859 594 1927 famulantibus
617 1863 687 1926 iure
710 1859 944 1946 possidendum
967 1859 1124 1945 perhenni
1147 1857 1358 1923 concedimus
1381 1881 1455 1922 cum
1479 1858 1629 1924 omnibus
1658 1859 1736 1925 illuc
1759 1883 1830 1946 pcr-

179 1961 366 2045 tinentibus,
389 1963 521 2028 familiis
544 1964 712 2050 uniusque
735 1987 834 2030 sexus
857 1963 1001 2030 cortibus
1023 1973 1056 2029 et
1073 1962 1242 2029 cortilibus
1258 1961 1415 2026 aedificiis
1430 1963 1524 2026 terris
1540 1962 1635 2027 cultis
1652 1973 1684 2028 et
1698 1963 1829 2029 incultis

179 2067 266 2151 agris
296 2068 398 2152 pratis
427 2068 559 2152 pascuis
586 2069 711 2152 campis
733 2069 827 2153 aquis
850 2089 1049 2154 aquarumve
1073 2065 1265 2132 decursibus
1287 2065 1483 2131 molendinis
1506 2066 1744 2152 piseationibus
1767 2070 1829 2132 viis

128 2188 160 2236 15
178 2180 211 2234 ct
231 2173 329 2236 inviis
352 2171 494 2238 exitibus
516 2181 548 2236 et
569 2170 729 2237 reditibus
753 2172 908 2258 quaesitis
930 2180 963 2237 et
984 2169 1187 2257 inquirendis
1209 2168 1385 2235 mobilibus
1403 2179 1436 2235 et
1453 2169 1673 2236 inmobilibus.
1709 2170 1829 2236 Statui-

177 2295 248 2338 mus
272 2275 370 2340 ctiam
391 2284 429 2339 ut
450 2273 620 2340 abbatissa
643 2296 727 2361 quae
749 2276 983 2340 monasterium
1004 2275 1038 2338 in
1061 2283 1170 2339 monte
1188 2274 1285 2338 situm
1303 2296 1415 2358 regere
1437 2271 1609 2357 videbitur,
1636 2276 1671 2340 in
1688 2274 1828 2340 ecclesia

177 2376 312 2442 inferius
328 2377 467 2441 incerte
482 2379 661 2442 constituta
676 2375 766 2442 haud
787 2379 895 2442 minus
918 2399 1016 2464 quam
1039 2375 1213 2441 duodecim
1234 2375 1373 2441 clericos
1396 2399 1455 2462 pro
1478 2386 1662 2443 nostrarum
1684 2380 1827 2445 remedio

177 2481 359 2545 animarum
381 2479 628 2568 debitoremque
650 2488 720 2545 toto
743 2481 832 2546 victu
854 2492 887 2545 et
908 2482 1028 2545 vestitu
1051 2478 1242 2566 praevideat
1263 2501 1357 2545 aevo.
1391 2480 1436 2544 Et
1452 2489 1489 2544 ut
1505 2480 1587 2545 haec
1605 2483 1828 2546 concessionis

176 2593 306 2648 nostrae
329 2587 508 2650 auctoritas
530 2606 551 2649 a
573 2586 692 2650 nostris
714 2586 823 2649 verius
853 2582 1097 2648 successoribus
1126 2583 1278 2648 credatur
1307 2593 1405 2668 atque
1433 2582 1612 2648 labentium
1640 2606 1699 2670 per
1729 2587 1828 2649 curri-

126 2688 252 2754 cocula
273 2699 456 2776 temporum
478 2690 572 2755 firma
594 2699 626 2754 et
648 2689 861 2755 corroborata
883 2688 1070 2776 eisdemque
1094 2685 1396 2752 sanctimonialibus
1423 2686 1655 2772 perpetualiter
1683 2686 1829 2751 stabilita

177 2803 381 2878 permaneat,
415 2796 550 2880 propria
571 2803 685 2858 nostra
706 2815 806 2858 manu
828 2814 901 2857 eam
923 2791 1124 2857 firmavimus
1152 2799 1184 2855 et
1211 2789 1300 2855 anuli
1330 2789 1432 2854 nostri
1459 2789 1664 2874 inpressione
1693 2789 1826 2874 sigillari

176 2919 340 2962 iussimus.

277 3049 292 3130 ἔ
314 3051 450 3139 Signum
473 3053 584 3120 domni
608 3052 739 3120 Ottonis
763 3052 828 3134 (M.)
852 3051 1048 3136 serenissimi
1070 3050 1168 3137 regis.
1191 3051 1205 3134 ᾖ

277 3171 291 3250 l
312 3173 487 3240 Liudulfus
503 3175 718 3242 cancellarius
734 3176 884 3241 advicem
899 3175 1064 3240 Brunonis
1080 3170 1356 3258 archicappellani
1371 3171 1559 3255 recognovi.
1577 3168 1592 3251 Ε
1608 3170 1665 3251 (SI.
1681 3170 1721 3251 1.)
1743 3170 1825 3252 (SR.)

125 3351 158 3401 ss
277 3331 367 3396 Data
388 3331 432 3398 id.
456 3331 525 3398 iulii
547 3355 634 3398 anno
657 3332 818 3417 dominice
845 3331 1080 3398 incarnationis
1109 3345 1298 3412 peccem,
1332 3327 1508 3393 indictione
1530 3345 1602 3411 1111,
1636 3349 1723 3392 anno
1746 3349 1824 3392 vero

176 3433 287 3500 domni
310 3433 440 3501 Ottonis
463 3437 669 3502 invictissimi
690 3437 778 3522 regis
802 3453 906 3520 xxv13
928 3445 1037 3501 actum
1060 3436 1094 3500 in
1118 3432 1408 3520 Quidilingaburg3
1438 3433 1471 3497 in
1496 3431 1548 3497 dei
1570 3432 1702 3497 nomine
1723 3429 1824 3496 felici-

175 3545 351 3604 toramen.

958 3817 1043 3891 229.

183 3967 264 4046 Ouo
292 3970 452 4071 bestdtiqt
477 3971 535 4044 dic
561 3967 725 4072 Stsftunq
750 3972 811 4046 das
836 3973 1000 4046 Klostcrs
1030 3969 1234 4061 Gerorode,
1267 3969 1395 4042 almost
1420 3995 1454 4042 es
1480 3970 1521 4041 ia
1546 3969 1669 4043 scinco
1695 3964 1822 4045 Sesea

121 4119 156 4168 so
173 4091 255 4165 esd
276 4091 424 4166 verleild
448 4092 518 4166 den
544 4092 707 4166 Nosses
734 4093 800 4168 dns
815 4093 917 4193 freis
948 4093 1155 4168 Wstlrecht.
1340 4127 1523 4203 Μηρώ
1546 4134 1607 4192 961
1632 4131 1703 4191 M
1725 4137 1776 4192 17.

150 4413 159 4418 .
279 4353 525 4430 Ort'qinaldiplom
546 4357 589 4414 s'm
611 4356 688 4414 hers.
713 4355 816 4414 Hass-
838 4354 902 4413 used
925 4354 1126 4415 Stwsarchs'o
1146 4371 1188 4413 ss
1212 4355 1314 4414 Zerbst
1339 4353 1401 4433 (A).

276 4510 446 4570 Bsckmaan
465 4509 588 4571 Antalt.
604 4511 684 4570 Hiat.
701 4515 731 4580 1,
755 4513 817 4570 169
841 4527 897 4568 aas
920 4509 947 4566 Α
972 4533 1011 4562 =
1034 4509 1205 4568 Bsckmann
1219 4508 1332 4570 Access.
1349 4512 1401 4580 36,
1427 4533 1465 4561 =
1489 4509 1592 4582 Iasae
1607 4509 1674 4569 ΕΑ.
1692 4505 1756 4581 18⁶,
1780 4514 1822 4570 78

273 4620 309 4672 9⁸⁰
328 4619 360 4685 2,
384 4638 424 4668 =
446 4615 587 4674 Lcibnits
608 4613 689 4673 Ans.
712 4617 742 4686 3,
767 4617 808 4674 69
830 4613 1056 4686 ssooltstctsdiy.
1080 4646 1122 4656 -—
1144 4613 1333 4671 Heius-mans
1354 4613 1432 4671 Gcro
1455 4614 1518 4672 163
1539 4619 1574 4671 πθ
1596 4615 1616 4672 6
1638 4629 1695 4672 aas
1717 4611 1755 4672 A.
1779 4646 1821 4658 —

248 4711 250 4720 ⁴
273 4717 679 4780 Hammoniacus.
698 4721 785 4790 aas
806 4722 900 4779 ‚2⁰32
920 4735 976 4778 aas
999 4715 1037 4776 A.
1060 4749 1103 4760 -
1125 4717 1255 4776 Bosmer
1268 4717 1429 4790 1269248.
1453 4748 1496 4760 -
1519 4715 1648 4789 Stampf
1657 4718 1730 4790 ch.
1745 4721 1820 4778 291.

273 4872 358 4932 Nost
379 4873 599 4947 Mssdeburyer
615 4873 720 4931 Dictat
740 4889 797 4931 von
811 4872 880 4932 BG.
904 4874 1048 4932 mundirt
1086 4874 1147 4932 Die
1169 4871 1282 4943 Schrist
1304 4871 1397 4931 dieses
1420 4869 1543 4930 Ststckcs
1566 4871 1661 4928 mactat
1684 4869 1747 4942 aas
1765 4871 1822 4930 det

275 4980 371 5036 ersten
393 4976 518 5036 Aetolide
539 4976 596 5035 des
613 4976 770 5035 Eisdrack
791 4981 925 5049 spuere
943 4977 1008 5036 Zes't
1029 4978 1242 5050 aasuyehorcn.
1279 4974 1360 5035 Absr
1382 4975 1516 5048 lediylich
1538 4975 1586 5033 die
1606 4975 1822 5050 Veraiersmqsn

273 5079 325 5138 der
348 5079 548 5154 oerldnscrtm
574 5078 695 5151 Schdftc
718 5081 818 5138 stelen
843 5081 998 5138 osanaelt
1023 5079 1078 5150 da,
1112 5079 1168 5138 alle
1195 5081 1342 5153 sestam
1366 5079 1701 5152 Biymhtmlictkeitm
1726 5079 1822 5139 dieser

274 5183 387 5255 Schrift
409 5185 506 5244 maen
527 5185 590 5243 sich
612 5185 688 5242 asch
710 5185 743 5242 in
764 5183 880 5241 maden
901 5200 957 5241 oon
971 5183 1041 5243 Bc.
1054 5185 1274 5258 paschatum
1288 5183 1448 5257 Deplomm
1461 5185 1652 5244 acclusam.
1689 5183 1759 5243 Far
1773 5184 1821 5242 die

275 5286 468 5361 Ονίρὲηαὶὶίᾶέ
490 5289 602 5361 sps-ioht
622 5289 696 5346 noch
717 5287 765 5345 die
786 5285 947 5360 ollsrdinqs
969 5287 1083 5358 settene,
1107 5289 1178 5347 aber
1198 5289 1286 5348 schoa
1308 5289 1342 5346 in
1363 5286 1430 5346 DO.
1446 5291 1511 5348 228
1533 5287 1711 5361 beyeysssde
1728 5289 1821 5346 Form

274 5392 325 5451 des
346 5392 524 5452 Handmols.
570 5392 688 5464 Behsfs
716 5390 910 5464 Bssieyelusq
937 5408 1000 5450 war
1028 5394 1077 5450 ein
1106 5392 1315 5451 Krecsscbm'tt
1339 5393 1472 5466 yemccht
1499 5393 1631 5464 mordes,
1663 5393 1744 5451 nicht
1772 5393 1822 5450 ein

273 5495 470 5556 amanus
490 5497 545 5555 wic
566 5495 754 5555 imhcmlict
774 5513 830 5554 von
844 5495 932 5554 Folta
953 5497 996 5554 s'm
1016 5495 1057 5555 N.
1073 5495 1182 5554 Archiv
1196 5499 1226 5566 3,
1242 5498 1285 5555 16
1307 5497 1462 5570 bshusptet
1483 5497 1601 5557 worden
1622 5500 1671 5558 ist.
1706 5494 1749 5555 Ob
1769 5495 1823 5554 der

255 5695 438 5768 mst'oltn]
542 5698 612 5760 M
714 5697 1100 5762 timotheanam
1203 5698 1594 5764 emmerammenses.

223 5807 450 5852 mannassen
1581 5810 1623 5868 40
