4560 6420
435 392 498 458 212
709 371 712 377 ’
1033 400 1480 459 nnrsnnunnnunsn.

535 588 551 670 l
573 582 708 669 Signum
730 549 840 650 domni
864 581 995 648 Ottonis
1016 582 1139 674 regis}
1159 581 1249 662 (MP.)

537 707 552 792 ᾗ
572 705 662 771 Brun
685 705 898 771 cancellarius
922 704 1070 769 advicem
1092 701 1254 768 Fridurioi
1277 701 1552 790 archicappellani
1575 704 1761 788 recognovi.
1783 705 1797 786 ξ
1821 703 1878 782 (Sl.
1900 703 1944 782 1.)
1997 702 2092 782 (SR.)

538 859 627 924 Data
650 877 739 925 xnu.
762 860 828 925 kal.
852 861 933 925 febr.
957 882 1043 924 anno
1066 860 1299 924 incarnationis
1323 858 1445 924 domini
1467 861 1570 924 nostri
1596 859 1671 924 Iesu
1694 856 1815 922 Christi
1844 873 2011 940 nccccm,
2045 859 2097 921 in·

437 960 578 1042 dictione
601 980 671 1046 1111,
695 985 780 1028 anno
803 964 896 1047 regni
919 962 1049 1028 Ottonis
1072 965 1158 1048 regis
1181 980 1247 1046 xv,
1270 972 1380 1028 actum
1402 963 1682 1044 Froncanofurt⁶3
1709 963 1744 1026 in
1766 962 1819 1028 dei
1840 959 1999 1026 nomincr
2021 960 2098 1026 seli-

436 1067 516 1130 oiter
536 1087 641 1131 amen.
2119 1079 2138 1127 ὅ

791 1321 796 1328 .
1216 1252 1304 1330 132.

445 1406 525 1487 Otto
546 1409 687 1484 sobenltt
708 1407 788 1484 dom
809 1409 955 1484 Klester
976 1409 1102 1483 Fulda
1123 1409 1218 1482 seina
1240 1409 1433 1507 Besitzuuq
1455 1409 1644 1482 Nortbcim
1667 1411 1717 1482 iru
1738 1407 1906 1509 Salzqora

539 1738 634 1802 eoos
655 1739 826 1801 mersurus
848 1755 905 1800 aas
927 1739 979 1799 ee
1000 1739 1090 1798 urso
1112 1738 1163 1797 ees
1187 1741 1236 1798 12.
1261 1737 1316 1798 Ju
1346 1737 1405 1798 nu.
1427 1741 1450 1799 2
1478 1736 1502 1809 r.
1527 1741 1569 1798 77
1597 1739 1639 1797 tm
1657 1738 1688 1806 s.
1713 1721 1917 1798 sausoure
1937 1755 1981 1796 m
2003 1737 2098 1796 Mar-

539 1845 614 1918 bury
637 1839 699 1922 (Β).
2120 1851 2154 1900 10

539 1991 689 2060 acuamur
714 1999 804 2060 Trad.
828 1999 919 2059 Fato.
942 2003 1009 2061 237
1029 2005 1064 2058 πθ
1086 2001 1148 2092 579
1171 2015 1207 2058 err
1227 2000 1318 2058 veteri
1339 1995 1509 2072 oporropbo
1530 1995 1581 2076 (S)
1604 2019 1645 2050 =
1667 1995 1748 2070 Oria.
1768 1994 1924 2068 Grrclf.··4‚
1949 1999 2026 2056 476.
2052 2030 2096 2040 -

538 2102 659 2162 Dronke
683 2100 745 2163 01).
768 2102 861 2164 Foru.
884 2107 945 2164 321
969 2108 1003 2161 πθ
1026 2105 1088 2188 689
1111 2118 1167 2160 aus
1190 2100 1227 2160 B.
1251 2134 1293 2143 -
1317 2099 1445 2174 Sitones
1462 2101 1534 2174 Rey.
1559 2101 1623 2160 537
1643 2118 1685 2159 ru
1707 2102 1900 2160 936-956.

542 2257 631 2317 troas
652 2257 704 2315 der
725 2257 937 2318 willkbrliobeu
959 2257 1198 2330 euasurosque
1219 2256 1283 2316 sord
1305 2256 1547 2328 comessores
1569 2255 1618 2316 des
1640 2256 1742 2314 Testes
1765 2255 1858 2314 durch
1876 2255 1935 2314 dm
1951 2253 2097 2329 Copisterr

539 2360 707 2431 Eberhard,
731 2361 833 2420 welche
847 2379 908 2420 our
921 2379 992 2420 rum
1010 2360 1094 2419 troil
1108 2361 1163 2419 orit
1177 2359 1267 2418 noller
1282 2358 1443 2419 Sioberbeit
1458 2359 1503 2418 ols
1525 2358 1618 2417 solete
1640 2359 1802 2416 bezeichnct
1825 2359 1942 2417 roordm
1963 2359 2095 2428 konnen,

539 2461 612 2523 lasse
639 2463 702 2522 sieb
729 2461 776 2522 die
804 2464 1031 2538 ursprr‘tnqliebe
1058 2465 1197 2538 Fossrmq
1220 2464 1264 2523 als
1286 2481 1342 2522 voa
1364 2462 1431 2523 BA.
1455 2461 1621 2522 stammerrd
1649 2462 1801 2521 abenner.
1846 2461 1906 2520 Dic
1928 2459 2014 2535 Isaac
2038 2481 2096 2521 ron
2120 2481 2151 2526 rs

537 2565 693 2626 Nortboim
715 2565 790 2625 soird
808 2565 916 2641 perede
938 2567 1031 2626 durch
1054 2567 1111 2626 den
1136 2567 1249 2626 ersotr
1271 2569 1312 2625 im
1335 2565 1466 2640 Sdcyou
1488 2563 1679 2636 aweifolhoti.
1715 2563 1856 2636 Insofem
1879 2563 1927 2622 die
1949 2563 2098 2624 Urksmde

539 2669 698 2729 Hadumar
719 2670 833 2729 eribeilt
855 2673 909 2742 ist,
944 2671 1051 2730 bbrmte
1072 2673 1116 2730 sie
1138 2674 1300 2744 spuerem
1322 2689 1362 2728 ru
1385 2673 1448 2730 956
1470 2672 1618 2742 mosem
1640 2667 1764 2727 wodor.
1808 2667 1860 2726 Da
1882 2669 1953 2726 aber
1974 2668 2097 2728 domme

539 2771 607 2832 BA.
630 2773 711 2832 nieht
732 2772 814 2831 mehr
834 2775 1037 2832 mohwer'sbor
1057 2776 1112 2844 ist,
1141 2790 1223 2833 mess
1245 2773 1290 2832 aie
1311 2773 1405 2846 cinips
1427 2771 1524 2830 Johre
1545 2759 1655 2841 frrther'
1673 2770 1847 2830 eatstaaden
1868 2771 1943 2829 sein.
1967 2804 2012 2812 -
2036 2771 2098 2830 Dio

540 2875 662 2950 Anqebe
683 2875 849 2936 suessae
871 2878 945 2935 siber
966 2878 1047 2935 seiae
1070 2876 1170 2954 Quelle
1192 2879 1231 2935 ist
1253 2876 1488 2951 wareoerldssiu
1519 2875 1583 2935 aad
1610 2875 1679 2936 dass
1702 2893 1734 2933 er
1755 2877 1841 2934 einen
1864 2878 1952 2934 ebreos
1975 2876 2097 2934 eadm

543 2978 615 3038 Tert
638 2977 682 3038 als
705 2978 763 3038 ders
783 2980 817 3037 irs
831 2979 861 3038 B
875 2981 969 3050 hietat,
992 2979 1100 3038 kbuoe
1120 2978 1183 3050 auf
1200 2978 1552 3039 Brocadatr‘orrsucrsuohe
1574 2978 1798 3048 bimuslouseo.
1832 2977 1974 3037 Deunocb
1996 2979 2097 3038 baben
2116 2993 2151 3041 20

539 3083 595 3140 wir
624 3081 673 3140 die
701 3081 891 3156 Moyliohter't
920 3085 1001 3143 cister
1026 3084 1148 3143 rweiteu
1181 3081 1422 3156 Ueberlieferrmy
1450 3083 1673 3156 bercolsiebtr'pt
1701 3080 1765 3141 und
1793 3081 1843 3140 die
1870 3081 2097 3140 obwcichendm

541 3183 688 3245 Desertor
709 3186 898 3247 verseicboet.

642 3389 683 3453 In
703 3392 835 3455 nomine
859 3400 971 3456 sancte
993 3400 1026 3457 ct
1047 3389 1214 3475 individue
1237 3390 1401 3456 trinitatis.
1441 3387 1518 3454 Otto
1543 3389 1654 3454 divina
1676 3388 1807 3454 favente
1822 3387 1997 3454 clementia
2015 3386 2096 3472 <im-

437 3501 594 3576 perator⁸
617 3492 766 3559 omnibus
790 3495 857 3558 suis
879 3493 1031 3560 fidelibus
1054 3491 1251 3578 salutem.>¹'
1348 3493 1471 3558 Notum
1501 3494 1543 3557 sit
1572 3493 1716 3558 omnium
1738 3491 1882 3556 fidelium
1904 3499 2095 3556 nostrorum

438 3604 506 3660 tam
528 3597 728 3680 presentium
751 3618 850 3682 quam
872 3606 905 3662 et
926 3597 1108 3664 futurorum
1130 3598 1289 3683 industrie
1296 3649 1304 3682 ,
1340 3597 1480 3685 qualiter
1507 3620 1567 3662 nos
1595 3620 1655 3684 pro
1682 3599 1789 3682 anime
1812 3605 1922 3680 nostre,
1946 3595 2094 3662 remedio
2114 3611 2149 3659 25

438 3699 491 3765 vel
518 3701 617 3764 etiam
646 3697 848 3765 dilectissimi
876 3703 1033 3786 genitoris
1061 3705 1165 3767 nostri
1187 3701 1282 3786 beate
1305 3704 1458 3786 memorie
1483 3701 1628 3767 Heinrici
1650 3703 1736 3786 regis
1759 3700 1919 3786 quasdam
1941 3723 1994 3764 res
2020 3722 2095 3785 pro-

438 3803 586 3887 prietatis
609 3810 719 3887 nostrq
742 3802 785 3868 ad
807 3803 980 3888 ecclesiam
1004 3807 1108 3869 sancti
1130 3805 1294 3870 Bonifacii
1312 3795 1458 3870 ¹martiris
1474 3804 1579 3889 Fulde
1597 3804 1653 3870 ubi
1669 3803 1877 3870 Hadamarus
1892 3802 2096 3868 venerabilis

439 3905 543 3971 abbas
569 3904 803 3992 <monachis>⁰
830 3930 961 3993 preesse
989 3908 1184 3992 dinoscitur,
1215 3908 1426 3992 tradidimus,
1457 3908 1492 3973 id
1514 3918 1564 3972 est
1585 3907 1697 3972 villam
1719 3907 1887 3971 Northeim
1909 3905 2095 3972 vocatam‘l

438 4009 472 4074 in
494 4030 581 4095 pago
604 4007 798 4095 Salzgowe⁰
819 4013 854 4076 in
877 4011 1035 4078 comitatu
1052 4011 1183 4078 Ottonis
1207 4013 1336 4078 comitis
1357 4011 1464 4077 fidelis
1486 4013 1590 4076 nostri
1613 4032 1689 4076 cum
1711 4008 1862 4074 omnibus
1885 4009 2095 4096 appendiciis

439 4122 472 4178 et
500 4113 692 4179 adiacentiis
720 4116 803 4199 suis,
838 4115 1008 4182 curtilibus
1037 4118 1209 4202 mancipiis
1240 4115 1376 4200 edificiis
1406 4119 1500 4182 terris
1530 4114 1627 4180 cultis
1656 4123 1689 4179 et
1715 4112 1844 4178 incultis
1873 4114 1963 4198 agris
1985 4116 2094 4198 pratis
2114 4131 2150 4178 co

439 4218 571 4302 pascuis
595 4217 685 4284 silvis
707 4221 802 4305 aquis
821 4218 1067 4308 aquarumques
1089 4220 1279 4286 decursibus
1294 4222 1356 4284 viis
1372 4229 1404 4284 et
1419 4219 1516 4284 inviis
1532 4216 1673 4282 exitibus
1688 4226 1721 4281 et
1734 4215 1892 4281 reditibus
1908 4218 2047 4302 quesitis
2063 4227 2097 4281 et

438 4321 640 4408 inquirendis
669 4323 844 4389 mobilibus
873 4333 906 4390 ct
933 4323 1156 4390 immobilibus
1187 4323 1239 4408 <et
1267 4345 1342 4388 cum
1372 4324 1472 4388 omni·
1488 4320 1627 4386 utilitate
1653 4320 1785 4386 humani
1818 4319 1981 4385 incolatus
2018 4343 2095 4386 cum

410 4424 562 4490 fiamilia
584 4427 752 4513 utriusque
776 4423 894 4510 sexus>
905 4477 914 4510 ,
946 4436 1050 4493 totum
1075 4425 1219 4512 <ergo>⁰
1247 4436 1280 4491 et
1308 4428 1468 4511 integrum
1496 4424 1622 4512 prefate
1650 4422 1726 4508 ville⁸
1756 4421 1911 4507 predium·
1929 4422 2095 4488 donamus

438 4537 536 4614 atque
560 4527 679 4594 devota
700 4529 897 4595 liberalitate
919 4541 1033 4596 nostra
1055 4531 1279 4596 contradimus
1302 4528 1363 4595 deo
1387 4539 1419 4594 et
1442 4537 1555 4594 sancto
1578 4526 1750 4592 Bonisacio
1773 4527 1898 4591 martiri
1921 4526 2094 4592 fratribus·

438 4655 501 4717 que
527 4632 672 4698 eiusdem
700 4634 891 4698 monasterii
922 4635 957 4699 in
984 4644 1176 4719 perpetuam
1206 4634 1455 4719 proprietatem,
1488 4630 1547 4717 <ea
1569 4629 1756 4695 conditione
1777 4639 1814 4694 ut
1836 4630 1940 4694 nostri
1962 4641 2093 4696 nostro-
2113 4645 2148 4692 ³5

437 4757 573 4823 rumque
595 4746 768 4823 parentum
791 4759 919 4822 semper
941 4739 1006 4802 sint
1029 4759 1188 4803 memores
1212 4747 1244 4802 et
1266 4758 1325 4822 pro
1348 4738 1485 4801 terrenis
1515 4745 1627 4820 eterna
1654 4732 1848 4818 compendia
1870 4731 1967 4797 nobis
1990 4734 2095 4818 impe—

439 4837 554 4924 trent>
596 4840 754 4907 Iussimus
778 4862 907 4928 quoque
929 4841 993 4906 hoc
1014 4841 1134 4925 regalis
1155 4849 1266 4926 nostre
1290 4841 1494 4906 auctoritatis
1516 4838 1593 4904 inde
1615 4837 1684 4902 fieri
1707 4845 1898 4922 preceptum
1920 4859 1980 4921 per
2004 4837 2096 4922 quod

438 4941 588 5010 volumus
617 4943 815 5031 firmiterque
842 4944 1007 5030 iubemus,
1041 4955 1078 5011 ut
1106 4945 1167 5030 hec
1196 4953 1328 5009 nostrae
1355 4942 1540 5009 traditionis
1569 4941 1766 5007 condonatio
1789 4939 1885 5004 firma
1908 4949 1942 5005 et
1965 4939 2097 5006 stabilis

437 5066 497 5129 per
518 5044 760 5114 succedentium
782 5059 965 5134 temporum
988 5047 1149 5114 curricula
1171 5057 1371 5134 permaneat.
1409 5047 1506 5112 Hanc
1528 5069 1657 5134 quoque
1680 5053 1804 5110 cartam
1826 5042 1904 5108 inde
1927 5044 2096 5110 conscribi

440 5158 472 5215 ct
493 5148 592 5215 anulo
616 5161 727 5216 nostro
750 5153 903 5218 iussimus
926 5153 1090 5238 insigniri,
1123 5150 1179 5238 <ut
1200 5151 1307 5218 nullus
1329 5151 1496 5218 hominum
1520 5151 1681 5216 contraire
1704 5157 1736 5213 et
1756 5145 1924 5231 refragare
1949 5157 2008 5212 ant
2038 5150 2096 5213 im-
2115 5159 2151 5208 40

439 5252 551 5340 pedire
574 5262 720 5320 nostram
741 5255 852 5320 valeat
873 5253 1100 5341 edictionem.)

528 5438 585 5493 1³1.
612 5441 637 5504 e)
655 5440 679 5492 A
781 5443 801 5507 f)
820 5443 958 5496 seems-t
976 5461 1024 5495 arra
1040 5461 1145 5496 nomnc.

528 5541 583 5598 let.
611 5544 708 5615 [Foltz]
812 5549 839 5611 a)
857 5547 910 5611 asaf
921 5547 1019 5609 Bane,
1036 5564 1065 5598 so
1082 5547 1144 5599 dora
1161 5547 1300 5600 Ebu-bord
1316 5548 1500 5614 moptenqlret
1517 5548 1566 5600 dae
1582 5548 1691 5614 delitigo
1712 5563 1756 5598 rex
1776 5543 1947 5612 quomam
1964 5565 1997 5599 nr
2014 5549 2101 5602 beben

609 5614 708 5668 calciat
811 5619 839 5681 b)
858 5618 981 5670 omnibus
999 5645 1033 5656 —
1051 5617 1163 5668 salutem
1178 5617 1249 5682 fehlt
1272 5620 1302 5668 ia
1325 5617 1347 5670 S
1458 5619 1484 5679 c)
1502 5617 1572 5680 fetu
1595 5619 1624 5670 in
1648 5617 1671 5671 S
1779 5615 1807 5680 d)
1826 5617 1990 5670 tradidimus
2014 5635 2041 5671 r.
2066 5623 2100 5673 N.

610 5692 733 5738 vocatam
750 5687 785 5751 B,
809 5688 876 5738 trad.
894 5704 920 5738 v.
937 5687 970 5737 N.
988 5687 1090 5738 scilieet
1108 5685 1130 5739 S
1233 5689 1257 5751 e)
1277 5687 1372 5754 Salago
1391 5686 1444 5752 nef
1454 5687 1543 5739 nam
1559 5688 1589 5738 r'rr
1606 5687 1633 5738 B
1735 5684 1755 5748 s)
1775 5700 1908 5782 aqqarum
1926 5687 1986 5740 Rs.
2118 5689 2153 5738 bb
