4560 6436
449 394 514 462 610
1045 405 1499 464 KAISERURKUNDEN.

552 577 618 648 DO.
635 599 671 650 11.
695 589 760 647 aad
781 606 864 648 ewor
886 589 958 647 elme
979 590 1088 648 recites
1107 590 1317 650 Versttiadaiss
1340 592 1457 650 beautet
1481 591 1597 649 wordm
1618 593 1665 648 ist.
1704 589 1746 649 Es
1767 589 1912 647 verdierst
1938 585 2058 658 semer
2076 581 2138 640 Be·

550 694 677 766 aobtow
705 694 774 752 does
800 693 880 751 nicht
910 692 1001 751 olloio
1029 693 1083 750 der
1106 691 1228 752 Ooatoat
1257 694 1417 752 soldreiche
1445 693 1622 752 Ausdritoko
1650 694 1713 751 aad
1742 693 1952 765 Wasduuqen
1986 691 2139 762 sputerer

550 796 775 854 Jairiemoerie
797 796 947 866 darbietet
961 796 1099 854 eoadem
1122 797 1191 856 does
1213 798 1289 856 uach
1312 798 1360 855 dio
1374 797 1650 878 Dotiruaosforrnel
1671 799 1714 857 bis
1730 816 1769 854 eo
1784 797 1840 854 dor
1859 793 2071 865 Oneonqobe
2088 791 2139 846 die

548 899 581 955 ia
604 897 819 968 westfdlisebea
838 898 1002 958 urionem
1031 899 1080 958 des
1109 905 1160 959 13.
1183 900 1237 959 Jh.
1265 901 1486 974 pebruuohli'ehe
1514 902 1562 971 ist,
1591 901 1708 960 weuoor
1730 901 1812 957 dona
1835 917 1906 956 aur
1931 897 2018 954 sooch
2042 896 2136 952 ewib-

548 1000 634 1072 foobe
655 1002 922 1076 Reyieruapsiohre
951 1003 1148 1076 biaeaqefupt
1175 1003 1293 1062 worden
1321 1004 1399 1062 siud.
1437 1003 1543 1063 Dieser
1563 1003 1707 1063 Umstood
1728 1006 1782 1060 wie
1804 1001 1857 1058 die
1881 999 2037 1058 anderen
2062 997 2170 1055 Ver-⁶

548 1108 639 1162 stosse
659 1122 752 1178 oopeo
774 1106 829 1163 dos
851 1106 1000 1164 Protokott
1022 1107 1086 1164 aad
1109 1107 1155 1164 dio
1176 1107 1316 1180 Fossiciae
1343 1107 1525 1166 Ottoaisoher
1546 1107 1616 1165 DD.
1647 1106 1766 1163 macine
1797 1121 1829 1162 es
1864 1101 2135 1162 wobrscheialieli

547 1207 616 1266 dass
640 1208 706 1266 dero
720 1209 861 1268 Fulsclier
882 1209 977 1267 wodor
998 1209 1053 1268 dos
1075 1208 1319 1281 aaeweifetbofte
1336 1209 1446 1268 Actum
1468 1209 1654 1283 deperditum
1675 1209 1747 1267 noch
1770 1210 1819 1266 eia
1844 1205 1989 1266 moderes
2007 1202 2086 1263 DO.
2108 1211 2134 1260 Ι.

546 1329 605 1370 eur
625 1310 800 1386 Verfuqmiq
819 1312 982 1386 osteodes
1004 1313 1106 1372 huosa

655 1495 733 1563 Otto
751 1496 862 1562 divina
878 1498 1010 1562 favente
1026 1497 1132 1583 gratia
1147 1495 1369 1562 Romanorum
1384 1499 1562 1584 imperator
1576 1519 1704 1584 semper
1718 1506 1895 1579 augustus.
2008 1492 2134 1558 Omni·

443 1600 506 1665 bus
540 1600 690 1666 fidelibus
722 1603 843 1666 nostris
876 1600 1079 1686 presentibus
1111 1599 1235 1664 scilicet
1264 1611 1297 1664 et
1327 1600 1443 1664 futuris
1473 1609 1587 1664 notum
1620 1622 1691 1664 esse
1722 1599 1899 1680 volumus,
1943 1597 2131 1683 quomodo
2154 1603 2182 1648 ¹¹3¹

443 1724 603 1786 generosa
627 1703 721 1768 nobis
746 1703 865 1768 dilecta
887 1704 1009 1768 Bertha
1037 1702 1153 1768 relicta
1181 1703 1282 1769 vidua
1310 1703 1476 1790 quondam
1505 1703 1624 1768 nobilis
1649 1701 1756 1767 fidelis
1784 1703 1897 1767 nostri
1924 1699 2132 1766 Bernhardi

442 1808 570 1872 comitis
586 1809 620 1872 in
635 1807 818 1872 Borehorst
832 1808 885 1892 pie
901 1807 1139 1872 recordationis
1155 1829 1229 1871 cum
1245 1806 1312 1870 filia
1330 1828 1390 1871 sua
1405 1804 1582 1890 Hathwiga
1604 1817 1750 1871 nostram
1772 1805 1859 1870 adiit
1884 1806 2129 1884 maiestatem,

444 1909 608 1975 humiliter
626 1910 833 1996 implorando
850 1920 886 1974 ut
901 1910 1005 1974 eidem
1023 1933 1064 1974 ex
1080 1909 1240 1994 imperiali
1260 1911 1366 1993 gratia
1389 1919 1422 1973 et
1443 1912 1638 1974 auctoritate
1660 1909 1703 1974 ad
1724 1909 1892 1974 honorem
1918 1919 1958 1973 et
1983 1908 2129 1973 laudem

443 2013 494 2077 dei
524 2016 755 2100 omnipotentis
785 2017 942 2078 creatoris
971 2015 1074 2078 nostri
1097 2015 1231 2099 eiusque
1253 2015 1406 2098 martyris
1430 2013 1535 2076 sancti
1557 2011 1744 2077 Nicomedis
1767 2034 1808 2075 ac
1834 2013 2001 2076 omnium
2027 2034 2129 2075 sauc-

440 2124 548 2181 torum
579 2117 787 2200 dignaremur
815 2118 986 2182 admittere
1015 2114 1196 2181 concedere
1227 2124 1259 2181 et
1287 2115 1488 2201 approbare,
1518 2115 1606 2200 quod
1631 2126 1773 2180 castrum
1796 2139 1858 2179 seu
1885 2116 2128 2179 munitionem
2149 2127 2178 2172 is

441 2240 535 2283 suam
551 2217 591 2283 de
606 2243 770 2284 consensu
786 2219 983 2285 coheredum
999 2241 1131 2284 suorum
1146 2240 1221 2283 cum
1239 2218 1388 2283 omuibus
1405 2220 1472 2284 suis
1489 2219 1691 2302 pertinentiis
1715 2249 1829 2298 eumque
1855 2236 2016 2298 utriusque
2042 2249 2129 2283 serus

443 2338 582 2403 mancipiis
605 2338 716 2389 edificiis
739 2341 816 2389 terris
839 2340 918 2388 cultis
941 2346 968 2390 et
990 2338 1098 2388 incultis
1120 2339 1203 2403 pratis
1226 2340 1332 2402 pascuis
1354 2338 1429 2388 silvis
1451 2338 1528 2402 aquis
1551 2352 1731 2403 aquarumque
1753 2338 1921 2388 decursibus
1949 2339 2129 2389 molendinis

441 2442 586 2492 mobilibus
609 2448 635 2493 et
657 2441 838 2494 immobilibus
861 2443 912 2492 viis
935 2449 961 2492 et
983 2444 1062 2492 inviis
1085 2442 1201 2491 exitibus
1225 2447 1251 2491 et
1273 2441 1421 2493 redditibus
1443 2415 1554 2506 quesitis
1577 2449 1603 2492 et
1631 2442 1794 2508 inquirendis
1824 2449 1852 2492 et
1885 2460 1953 2493 cum
1990 2445 2128 2494 omnibus

440 2543 474 2594 ad
496 2545 547 2606 hoe
570 2547 627 2596 iure
649 2547 844 2610 pertinentibus
867 2534 901 2595 in
924 2531 1097 2614 cenobium
1120 2541 1152 2594 et
1174 2533 1408 2596 monasterium
1431 2532 1605 2596 transferre
1628 2542 1661 2596 et
1682 2531 1800 2596 exinde
1824 2543 2058 2614 construere,
2091 2534 2126 2595 in

440 2655 504 2718 quo
529 2657 604 2699 eum
627 2634 813 2699 famulabus
837 2656 876 2698 ec
899 2635 1029 2699 famulis
1054 2633 1115 2700 deo
1141 2634 1258 2699 deditis
1282 2643 1314 2699 et
1336 2633 1465 2698 devotis
1493 2636 1586 2699 iuxta
1615 2637 1799 2698 sanctiones
1824 2645 2039 2700 sanctorum
2066 2658 2125 2720 pa·
2146 2651 2178 2694 eo

439 2744 525 2801 trum
553 2737 692 2802 fideliter
721 2739 841 2802 servire
871 2747 1020 2823 possent,
1056 2759 1155 2822 supra
1184 2759 1249 2822 qua
1276 2737 1504 2823 imploratione
1533 2747 1659 2802 maturo
1689 2759 1760 2802 cum
1789 2736 1957 2802 fidelibus
1992 2741 2125 2803 nostris

438 2837 551 2906 habito
575 2840 712 2906 consilio
737 2844 880 2924 gratiose
902 2844 1075 2905 annuimus
1098 2833 1314 2926 permittimus
1337 2864 1376 2905 ac
1400 2839 1609 2906 concedimus
1638 2864 1696 2927 per
1723 2851 1911 2927 presentes.
1966 2842 2018 2906 At
2043 2865 2125 2906 cum

438 2944 505 3006 iam
528 2946 582 3028 pie
605 2947 809 3029 propositum
832 2967 872 3009 ac
890 2944 1093 3009 voluntatem
1115 2946 1222 3008 anime
1246 2965 1303 3008 sue
1324 2944 1535 3028 implevisset,
1560 2945 1751 3010 secundario
1768 2946 1891 3009 institit
1908 2967 1955 3010 ac
1974 2968 1999 3010 a
2015 2945 2124 3010 nobis

438 3045 627 3130 impetravit
649 3046 738 3132 quod
760 3046 961 3112 antedictum
983 3048 1049 3110 iam
1072 3050 1199 3112 noviter
1221 3056 1445 3112 constructum
1460 3058 1494 3111 et
1508 3059 1649 3113 ereetum
1672 3064 1862 3114 monesterium
1881 3080 1950 3113 eum
1969 3049 2125 3134 preben-

439 3149 524 3214 datis
547 3159 580 3214 et
602 3167 725 3216 erunibus
749 3152 815 3216 suis
839 3169 1005 3231 pertiuentiis
1027 3155 1182 3237 pretactis
1206 3151 1265 3216 sub
1289 3152 1449 3237 imperiali
1476 3173 1567 3216 nostru
1588 3150 1737 3216 libertate
1760 3160 1792 3215 et
1814 3166 2029 3218 mundiburdio
2056 3185 2123 3218 eon·
2142 3165 2174 3210 25

439 3266 619 3332 studeremus,
642 3265 740 3340 prout
764 3265 974 3340 acceptamus
997 3265 1029 3319 et
1051 3255 1276 3321 concludimus
1298 3257 1332 3320 in
1354 3257 1422 3319 vim
1445 3257 1605 3340 presentis
1634 3256 1743 3338 scripti
1751 3305 1759 3335 ,
1789 3275 1829 3316 ac
1854 3255 1991 3319 exinde
2017 3279 2122 3320 vene-

438 3357 533 3422 rabili
556 3359 627 3422 viro
657 3380 696 3422 ac
725 3358 844 3423 devoto
874 3369 985 3423 nostro
1009 3358 1189 3424 Adalberto
1219 3362 1324 3444 primo
1354 3356 1600 3443 archiepiscopo
1624 3357 1760 3422 ecclesie
1782 3356 2121 3444 Magdeburgensis,

438 3481 513 3526 eum
537 3460 653 3526 eadem
676 3483 749 3526 cum
772 3463 946 3526 antedictis
963 3461 1082 3526 Christi
1106 3461 1289 3527 ancillabus
1312 3484 1333 3525 a
1355 3461 1450 3526 nobis
1472 3461 1542 3524 fieri
1565 3462 1722 3542 exoravit,
1746 3468 1778 3524 et
1800 3461 1870 3524 suis
1897 3465 2120 3527 successori-

438 3565 498 3627 bus
529 3566 777 3646 committimus,
812 3575 848 3629 ut
882 3567 1047 3650 perpetuis
1080 3564 1282 3649 temporibus
1317 3563 1441 3628 dietum
1473 3564 1706 3627 monesterium
1735 3585 1809 3627 cum
1840 3565 2012 3631 omnibus
2045 3569 2120 3632 suis

436 3669 640 3752 pertinentiis
668 3657 818 3733 insnum
843 3668 1108 3734 mundiburdium
1130 3677 1163 3732 et
1186 3671 1356 3733 tuitionem
1377 3667 1499 3733 habeat
1521 3667 1633 3731 foveat
1654 3667 1722 3730 alat
1744 3674 1776 3730 et
1798 3664 1986 3751 defendat,
2015 3670 2117 3735 salvo
2138 3688 2170 3732 eo

438 3769 526 3853 quod
550 3786 641 3835 decem
663 3786 741 3836 solidi
764 3786 876 3852 siugulis
899 3789 975 3836 anuis
999 3770 1060 3836 sibi
1084 3781 1115 3835 et
1132 3771 1377 3836 successoribus
1400 3770 1654 3855 archiepiscopis
1670 3767 2033 3853 Magdeburgensibus
2054 3796 2117 3858 pro

437 3888 575 3936 tutaminis
597 3874 820 3954 recognitione
842 3883 874 3936 et
896 3876 965 3938 iure
986 3874 1061 3939 inde
1085 3891 1231 3953 solventur,
1254 3896 1313 3960 pro
1338 3873 1488 3939 omnibus
1512 3875 1612 3937 etiam
1628 3871 1877 3957 quibuscunque
1898 3874 2118 3940 inclusioni-

436 3972 498 4037 bus
521 3975 765 4057 gravaminihus
789 3998 809 4039 a
832 3976 1079 4062 quibuscunque
1108 3979 1206 4041 etiam
1235 3975 1453 4063 potestatibus
1481 3986 1547 4040 tam
1577 3977 1674 4057 regiis
1702 3983 1760 4038 aut
1781 3972 1864 4036 alias
1894 3987 2117 4058 potestatem

436 4073 649 4158 habentibus,
672 4077 718 4139 ita
741 4078 893 4142 videlicet
914 4090 950 4143 ut
971 4089 1004 4142 et
1025 4081 1132 4163 ipsum
1155 4081 1390 4144 monasterium
1411 4101 1486 4142 cum
1509 4077 1660 4148 omnibus
1683 4078 1749 4140 suis
1773 4080 1938 4159 preteetis
1967 4079 2016 4144 ab
2042 4103 2116 4146 om·

436 4177 533 4243 nibus
556 4178 729 4261 generibus
753 4184 963 4246 exactionum
988 4182 1029 4245 sit
1051 4192 1227 4263 exemtum,
1258 4196 1405 4261 exindeque
1429 4199 1605 4262 precipientes
1629 4191 1661 4246 et
1683 4179 1878 4246 mandantes
1905 4204 1939 4246 ui
1964 4216 2020 4250 nee
2039 4203 2113 4251 eius·
2133 4203 2166 4246 :su
2235 4212 2238 4218 ·

437 4295 497 4346 (lem
519 4296 572 4346 loci
595 4298 735 4362 episcopus
757 4301 809 4348 nisi
831 4305 941 4364 precatu
965 4300 1099 4349 abbatisse
1123 4283 1245 4348 dictum
1269 4300 1457 4350 monasterium
1480 4285 1628 4366 accedat,
1658 4305 1733 4348 cum
1757 4281 1837 4346 nihil
1859 4286 1948 4350 iuris
1977 4289 2048 4354 sibi
2078 4292 2115 4354 in

435 4383 551 4448 eodem
575 4386 740 4469 competit,
764 4417 814 4451 nec
836 4402 916 4452 index
939 4402 1063 4467 publicus
1086 4402 1129 4452 vel
1152 4407 1261 4452 exactor
1282 4417 1330 4452 seu
1353 4402 1480 4467 quislibet
1502 4404 1640 4453 iudiciario
1661 4402 1799 4467 potestatis
1821 4384 1869 4448 illi
1887 4393 2113 4458 monasterio

434 4510 491 4552 seu
508 4489 578 4552 eius
597 4490 833 4571 pertinentibus
856 4490 1041 4554 nullatenus
1065 4504 1182 4569 aliquam
1204 4491 1273 4552 Vim
1294 4505 1338 4553 vel
1362 4501 1583 4556 distractionem*
1608 4505 1705 4556 inferre
1726 4509 1773 4554 aut
1795 4518 1881 4572 equos
1906 4505 2023 4568 tollere,
2049 4527 2113 4575 pre-

434 4601 519 4656 dam²¹
541 4606 603 4656 inde
626 4609 731 4674 exigere
747 4608 791 4659 vel
809 4610 960 4659 mansiones
982 4624 1093 4673 poscere
1115 4608 1158 4657 rel
1180 4609 1311 4657 actionem
1334 4607 1416 4658 ullius
1438 4610 1567 4658 rationem
1579 4603 1599 4670 ¹⁸,
1622 4609 1673 4656 nisi
1691 4622 1779 4656 eoram
1797 4605 1872 4655 illius
1897 4601 2111 4664 monasterii

433 4693 597 4758 advocato
627 4716 647 4756 a
676 4694 771 4759 nobis
801 4705 833 4762 et
860 4695 1105 4762 successoribus
1135 4700 1256 4761 nostris
1285 4697 1477 4762 confirmato
1501 4707 1533 4761 et
1555 4697 1732 4762 infeudato.
1776 4710 1892 4774 insuper
1918 4716 2009 4766 eriam
2034 4721 2111 4768 urbi-
2130 4721 2165 4769 io

432 4814 514 4864 trium
536 4813 591 4862 illis
613 4817 791 4864 concessimus
814 4814 964 4864 abbatissas
987 4817 1055 4864 iuter
1078 4831 1106 4865 se
1130 4813 1253 4880 eligendi,
1276 4815 1379 4865 scilicet
1393 4815 1521 4880 quamdiu
1536 4831 1569 4866 ex
1584 4815 1795 4880 supradictarum
1810 4813 1982 4868 ancillarum
2002 4821 2111 4872 Chr-iuti

433 4903 589 4985 progenie
613 4916 704 4981 aliqua
724 4917 824 4968 ibidem
846 4917 894 4965 tali
917 4917 998 4982 digna
1022 4916 1110 4968 officio
1133 4919 1289 4982 reperiatur,
1318 4919 1451 4968 communi
1473 4933 1583 4968 mensu
1605 4900 1832 4987 capitularium
1856 4916 2014 4984 eligantur,
2044 4931 2112 4990 post

432 5023 523 5068 autem
545 5017 626 5066 huius
647 5020 751 5083 generis
774 5018 906 5068 deiectum
929 5019 962 5068 de
985 5020 1086 5082 ceteris,
1109 5021 1131 5069 si
1155 5035 1206 5084 que
1228 5019 1375 5086 probabilis
1397 5019 1431 5069 ad
1453 5020 1563 5070 eandem
1585 5020 1740 5086 dignitatem
1760 5019 1849 5080 fuerit,
1873 5017 2000 5074 licenter
2019 5029 2109 5079 abba-

431 5123 498 5172 tissa
520 5122 712 5185 constituatur3
734 5121 781 5171 sed
804 5121 878 5170 nulla
901 5122 1007 5171 omniuo
1029 5122 1085 5172 illic
1106 5123 1154 5172 fiat
1176 5123 1270 5173 electio
1293 5125 1345 5172 nisi
1368 5123 1417 5173 sub
1440 5123 1493 5172 iam
1516 5124 1580 5173 dicti
1602 5121 1838 5188 meigdeburgensis
1862 5123 1987 5178 ecclesie
2012 5133 2107 5181 archi-

432 5225 551 5289 episcopi
573 5225 745 5274 conniventia
766 5218 799 5272 et
821 5209 1078 5273 confirmatione.
1124 5227 1160 5274 Et
1182 5231 1211 5274 ui
1239 5209 1303 5276 hoc
1333 5212 1570 5295 praescriptum
1599 5220 1743 5278 nostrum
1765 5207 1936 5276 indultum
1962 5219 2108 5299 privile-
2128 5239 2162 5285 45

430 5314 520 5397 gium
544 5319 577 5376 et
598 5310 723 5376 factum
744 5326 846 5376 firmius
868 5327 1044 5392 stabiliusque
1073 5313 1237 5398 perpetuis
1266 5312 1466 5398 temporibus
1492 5324 1681 5398 permaneat
1710 5323 1741 5376 et
1769 5311 1852 5374 tides
1877 5313 2107 5406 adhibeatur,

429 5416 490 5480 has
513 5415 625 5479 literas
647 5416 783 5481 fecimus
812 5425 844 5479 et
872 5432 997 5480 iussimus
1023 5432 1154 5482 conscribi
1177 5432 1322 5498 annulique
1345 5433 1429 5482 nostri
1451 5433 1623 5495 impressione
1646 5431 1762 5495 signatas
1784 5430 1895 5492 propria
1920 5448 2012 5485 mauu
2039 5441 2107 5489 sub-

430 5539 474 5584 tus
496 5533 668 5583 firmavimus.

518 5669 577 5724 tio.
607 5669 703 5737 [Folts]
792 5675 819 5736 a)
837 5628 882 5723 A,
