4538 6436
414 392 478 458 542
1017 397 1466 455 KAISERURKUNDEN.

415 583 540 664 fratres,
564 579 621 644 filii
644 576 809 665 quondam
825 577 975 660 Teutoni,
999 586 1031 640 et
1052 575 1127 640 Allo
1150 571 1235 641 filius
1259 575 1425 661 quondam
1440 575 1598 662 Stephani
1616 587 1648 641 et
1662 576 1887 661 Raymbaldus
1903 587 1935 641 et
1951 577 2068 643 Guim-

415 687 497 750 mari
519 681 693 748 et'l'ofaui
715 681 833 744 -isti
863 688 939 744 sunt
960 679 1156 764 Alammani,
1180 689 1212 744 et
1239 680 1345 745 Sanso
1376 679 1461 746 filius
1484 680 1631 746 Remedii
1654 690 1687 745 et
1708 681 1923 746 'lhansaricus
1946 717 1989 725 -
2012 683 2068 746 isti

415 796 490 852 sunt
512 783 645 867 Salichi,
670 782 862 850 Obteramni
885 793 917 847 et
939 780 1134 848 Conebezzo
1158 782 1245 848 filius
1269 782 1434 868 quondam
1449 783 1527 849 Aldi
1551 793 1584 849 et
1600 783 1764 868 Aynolfus
1788 783 1875 848 filius
1898 783 2069 870 quondam

416 891 555 956 Trasoni
584 897 616 952 et
643 887 758 973 reliqui
788 885 897 971 plures
920 887 1168 951 circumstantes
1192 895 1224 950 et
1245 885 1434 950 residentes.
1479 886 1517 950 In
1541 889 1678 951 istorum
1701 888 1844 952 omnium
1866 889 2068 972 presentiam

415 995 504 1058 venit
530 991 653 1058 Paulus
680 990 812 1055 humilis
841 989 945 1055 abbas
974 1012 1016 1054 ex
1042 990 1240 1055 monasterio
1265 991 1369 1054 sancti
1393 989 1558 1055 Uincentii
1582 989 1806 1054 deterritorio
1830 989 2103 1056 Beneuentanoo

416 1121 490 1163 oum
505 1097 701 1161 Transarico
718 1095 804 1160 lilius
822 1093 987 1181 quondam
1003 1093 1128 1159 Ratteri
1147 1096 1202 1180 qui
1218 1103 1288 1159 erat
1303 1092 1502 1158 advocatore
1518 1116 1577 1158 suo
1593 1103 1626 1158 et
1641 1092 1805 1180 querelam
1821 1093 1945 1157 faciens
1968 1115 2069 1178 super

415 1200 571 1266 Erisinda
599 1209 632 1264 et
661 1198 834 1265 adversum
863 1197 1090 1284 Raymbaldus
1120 1208 1152 1262 et
1181 1195 1363 1263 Guimmari
1392 1207 1424 1264 et
1454 1199 1571 1264 Tofani
1602 1198 1659 1264 filii
1683 1198 1849 1285 quondam
1870 1198 2012 1263 Teutoni
2035 1207 2069 1261 et

416 1303 589 1368 adversum
611 1302 821 1368 Tenderitum
844 1311 877 1367 et
899 1301 990 1366 Azao
1015 1310 1048 1366 et
1071 1299 1183 1366 Geazo
1208 1311 1240 1366 et
1263 1300 1435 1366 Guaracco
1458 1302 1517 1367 filii
1541 1300 1729 1389 quondam¹
1750 1301 1930 1366 Adeltrude
1952 1311 1985 1366 et
2009 1301 2068 1365 ad·

415 1429 547 1474 versum
576 1404 704 1472 Guinisi
732 1404 819 1470 filius
848 1403 1012 1491 quondam
1043 1403 1200 1489 Stephani
1224 1414 1257 1469 et
1279 1405 1453 1470 adversum
1475 1405 1533 1470 filii
1556 1405 1723 1492 quondam
1745 1405 1885 1470 Maraldi
1909 1403 1949 1469 de
1972 1403 2067 1468 Paci·

414 1511 513 1596 giano
536 1519 569 1574 et
591 1508 766 1574 adversum
788 1507 846 1572 filii
870 1506 988 1593 Angeli
1013 1508 1053 1573 de
1076 1507 1221 1573 Maliano
1245 1517 1277 1572 et
1300 1501 1474 1574 adversum
1497 1509 1704 1574 Aeuomosca
1729 1519 1762 1573 et
1783 1508 1956 1573 adversum
1978 1509 2067 1572 Ron·
2088 1525 2120 1571 10

414 1634 496 1678 zone
516 1612 556 1677 de
571 1612 800 1696 Transaquis⁸
823 1621 855 1675 et
878 1610 1051 1677 adversum
1067 1609 1244 1675 Linduinni
1268 1621 1300 1676 et
1316 1611 1407 1677 Aczo
1425 1613 1511 1678 lilius
1528 1612 1693 1699 quondam
1709 1613 1813 1678 Leoni
1837 1623 1869 1677 et
1891 1613 2068 1678 adversum

415 1715 506 1780 Aczo
530 1711 732 1780 diaconumh
755 1725 788 1780 et
810 1715 985 1780 adversum
1008 1712 1216 1780 Guibbaldus
1238 1714 1325 1780 filius
1349 1717 1514 1801 quondam
1537 1717 1698 1782 Ionammi
1721 1725 1753 1781 et
1774 1716 1947 1781 adversum
1967 1716 2068 1781 Lioto

415 1819 501 1884 filius
524 1816 710 1904 quondami
734 1816 910 1884 Gottefridi
933 1827 966 1882 et
988 1817 1161 1882 adversum
1183 1817 1288 1900 Liuzo
1312 1829 1345 1883 et
1367 1818 1539 1884 adversum
1555 1817 1821 1885 'Penderamum11
1844 1831 1877 1884 et
1891 1819 2069 1883 adversum

416 1924 601 2012 Stephanus
629 1934 662 1987 et
690 1921 863 1988 adversum
892 1920 1092 1988 Donnellum
1121 1931 1153 1985 et
1181 1921 1355 1986 adversum
1377 1922 1542 1987 Temmari
1569 1933 1601 1988 et
1623 1923 1814 2008 Elperinum
1837 1933 1869 1988 et
1892 1921 2068 1987 adversum

416 2026 586 2094 Adelelmo
616 2026 702 2092 filius
732 2026 898 2112 quondam
921 2024 1090 2091 Adelberti
1113 2035 1145 2089 et
1166 2025 1342 2090 adversum
1364 2025 1527 2090 Iohannes
1555 2026 1641 2091 filius
1669 2025 1834 2112 quondam
1856 2025 2009 2090 Riccardi
2034 2035 2067 2090 et
2087 2041 2118 2087 15

417 2130 592 2196 adversum
614 2129 706 2195 Aczo
729 2129 815 2194 lilius
839 2128 1004 2215 quondam
1028 2126 1181 2194 Gosmari
1205 2139 1237 2194 et
1260 2129 1435 2194 adversum
1463 2128 1555 2195 Aczo
1580 2139 1612 2194 et
1634 2131 1798 2212 germanis
1822 2130 1888 2194 suis
1912 2129 2068 2194 fratribus

418 2234 585 2322 quondam
619 2233 812 2298 Marsecane
842 2243 874 2296 et
897 2232 1071 2298 adversum
1093 2233 1151 2297 filii
1174 2233 1340 2318 quondam
1363 2233 1461 2298 Erme
1484 2245 1516 2298 et
1538 2233 1711 2300 adversum
1735 2231 1875 2298 Gerizzo
1898 2242 1930 2297 et
1953 2232 2068 2297 adver-

417 2360 488 2402 sum
516 2336 701 2421 Guilgelmo
732 2347 764 2426 et
794 2334 967 2400 adversum
997 2334 1179 2420 Guanengo
1213 2346 1245 2400 et
1275 2337 1449 2402 adversum
1475 2337 1618 2424 Rayneri
1640 2347 1672 2401 et
1695 2333 1932 2402 Ramfreduml
1956 2345 1988 2400 et
2010 2337 2069 2401 ad·

416 2463 546 2506 versum
571 2439 757 2506 Gualterius
781 2449 813 2504 et
836 2438 1010 2504 adversum
1032 2437 1180 2504 Ursumh
1202 2439 1375 2525 presbyter
1398 2450 1430 2504 et
1453 2440 1628 2505 adversum
1644 2439 1860 2506 Sabbatinuur
1876 2441 2068 2523 magistrum

416 2553 449 2609 et
470 2542 645 2609 adversum
666 2542 724 2608 filii
747 2542 843 2628 Appe
872 2541 913 2606 de
942 2533 1022 2628 ipsis
1050 2542 1147 2607 rebus
1176 2545 1384 2628 proprietatis
1416 2554 1530 2609 sancte
1553 2543 1656 2608 Maris
1681 2543 1721 2608 de
1743 2542 1947 2628 Apinianici,
1979 2542 2068 2630 quod
2086 2558 2118 2606 20

417 2646 548 2712 dicebat
570 2646 659 2732 quod
681 2645 851 2712 habuisset
873 2669 931 2732 per
954 2648 1155 2731 exscriptum
1177 2655 1209 2711 et
1231 2670 1289 2733 per
1312 2645 1464 2712 cartam*
1495 2647 1593 2713 etad
1621 2649 1752 2713 tertium
1780 2647 1938 2732 placitum
1965 2647 2066 2712 reela-

416 2760 539 2816 matum
562 2760 594 2815 et
615 2758 881 2835 contempserunt
903 2751 1024 2814 venire.
1066 2749 1159 2814 'l'unc
1190 2750 1430 2837 suprascriptus
1460 2748 1599 2816 domnus
1628 2750 1823 2835 imperator,
1852 2748 1931 2814 dum
1959 2750 2068 2814 taliter

416 2854 563 2919 audisset
591 2855 833 2938 suprascriptus
860 2852 982 2919 Paulus
1011 2851 1142 2918 humilis
1170 2853 1275 2919 abbas
1304 2875 1379 2919 cum
1402 2855 1624 2939 suprascripto
1647 2854 1843 2920 Transarico
1867 2853 2068 2920 advocatore

418 2979 476 3022 suo
499 2956 716 3022 reclamantes
739 2966 772 3021 et
798 2955 959 3040 dicentes,
994 2957 1207 3040 interrogavit
1237 2959 1478 3042 suprascriptus
1508 2957 1624 3041 iudex,
1639 2959 1642 2966 ’
1659 2981 1721 3044 que
1748 2957 1803 3022 lex
1833 2957 1873 3022 de
1902 2957 1965 3022 hoc
1995 2981 2067 3024 esse

417 3061 523 3128 debet.
569 3062 662 3127 Tunc
685 3060 810 3126 iudices
832 3063 1029 3126 unanimiter
1052 3061 1215 3144 dixerunt,
1240 3059 1328 3147 quod
1349 3060 1404 3126 lex
1427 3070 1498 3126 erat
1520 3062 1673 3126 investire
1694 3060 1834 3126 Paulum
1855 3061 1988 3127 humilis
2011 3061 2068 3127 ab·
2085 3077 2118 3124 25

415 3167 476 3232 bas
499 3178 532 3232 et
553 3167 750 3232 Transarico
775 3165 973 3231 advocatore
997 3187 1056 3231 suo
1080 3165 1120 3229 de
1143 3167 1223 3250 ipsis
1247 3163 1344 3229 rebus
1367 3166 1595 3250 proprietatis,
1625 3165 1710 3232 unde
1741 3165 2002 3231 reclamaverant
2021 3166 2069 3230 ad

415 3291 492 3355 pars
520 3271 586 3335 iam
616 3270 694 3335 dicti
726 3271 913 3335 monasterii
942 3279 1055 3334 sancte
1085 3267 1188 3332 Maris
1218 3267 1279 3333 sibi
1309 3266 1500 3335 subiectum.
1545 3269 1639 3334 Tunc
1663 3269 1801 3336 domnus
1824 3268 1902 3336 Otto
1926 3292 2067 3355 magnus

415 3375 609 3459 imperator,
640 3372 717 3438 dum
740 3372 839 3438 talem
862 3372 1019 3437 iudicium
1041 3373 1202 3456 audisset,
1238 3373 1391 3458 dignatus
1415 3385 1464 3439 est
1487 3397 1545 3460 per
1567 3375 1687 3440 fustem
1710 3398 1806 3461 quem
1828 3377 1862 3440 in
1885 3398 1984 3442 manu
2008 3397 2068 3441 sua
2175 3433 2178 3444 .

415 3476 558 3561 tenebat,
581 3478 734 3544 investire
755 3476 878 3542 Paulus
901 3475 1031 3541 humilis
1055 3476 1159 3542 abbas
1182 3485 1215 3540 et
1237 3477 1434 3543 Transarico
1458 3478 1658 3544 advocatore
1678 3501 1736 3544 suo
1752 3477 1796 3543 ad
1812 3481 1971 3564 persiam
1988 3479 2067 3544 dicti

415 3583 603 3656 monasterii
628 3590 740 3645 sancte
763 3581 878 3664 Marie,
903 3591 935 3645 et
957 3602 1015 3665 per
1037 3582 1216 3646 iussionem
1239 3581 1350 3646 domni
1373 3585 1578 3667 imperatoris
1601 3583 1668 3648 iam
1691 3583 1797 3648 dictus
1821 3582 1959 3649 domnus
1982 3583 2066 3649 Pan·
2086 3599 2118 3647 30

416 3685 525 3750 dolius
553 3687 707 3770 princeps
738 3684 806 3749 dux
835 3693 867 3748 et
895 3683 1041 3748 marchio
1071 3686 1159 3749 misit
1186 3684 1332 3750 bandum
1363 3707 1383 3749 a
1411 3697 1503 3771 parte
1527 3685 1637 3751 domni
1659 3689 1865 3771 imperatoris
1888 3695 1921 3751 et
1944 3685 1984 3751 de
2008 3710 2068 3751 sua

416 3799 519 3875 parte,
542 3799 578 3854 ut
600 3790 795 3874 quicumque
816 3789 924 3872 ipsum
946 3785 1101 3852 abbatem
1123 3797 1181 3853 aut
1204 3810 1410 3854 successores
1436 3811 1512 3854 suos
1535 3789 1601 3855 aud
1624 3791 1882 3876 suprascriptum
1904 3801 2066 3857 monaste·

415 3895 499 3958 rium
522 3893 692 3958 disvestire
715 3892 940 3977 presumserit,
975 3893 1123 3957 maneosi
1147 3891 1210 3958 duo
1234 3891 1324 3957 milia
1347 3903 1562 3978 componant,
1598 3893 1771 3959 medietate
1801 3915 1928 3959 camere
1956 3894 2067 3959 domni

416 3997 621 4083 imperatoris
645 4005 677 4059 et
699 3993 873 4060 medietate
897 3997 1120 4080 suprascripto
1145 4005 1258 4062 sancto
1282 3998 1491 4062 monasterio.
1535 3997 1580 4062 Et
1608 3997 1773 4063 firmatum
1802 4007 1852 4061 est
1874 3998 1907 4061 in
1929 4000 2067 4063 istorum

418 4102 562 4166 omnium
592 4099 758 4185 presentia
789 4101 1096 4186 suprascriptorum.
1143 4099 1251 4180 Quam
1281 4112 1313 4165 et
1341 4123 1403 4185 ego
1426 4101 1522 4186 Lupo
1551 4099 1647 4166 licet¹
1677 4099 1830 4166 scabinus
1861 4111 1893 4166 et
1919 4103 2066 4166 notarius
2085 4125 2116 4171 35

415 4203 461 4269 ibi
484 4204 531 4269 fui
554 4213 586 4268 et
608 4226 650 4268 ex
672 4205 815 4269 iussione
839 4203 950 4268 domni
972 4205 1178 4288 imperatoris
1207 4212 1239 4266 et
1271 4203 1451 4269 Pandolfus
1480 4207 1637 4290 principis
1668 4204 1736 4270 dux
1764 4214 1797 4270 et
1824 4204 2005 4270 marchioni
2035 4214 2068 4270 et

417 4332 459 4374 ex
488 4308 575 4374 dicto
606 4309 820 4393 suprascripti
849 4306 973 4372 iudices
1005 4317 1037 4372 et
1064 4307 1228 4392 episcopis
1258 4316 1290 4372 et
1312 4306 1487 4373 comitibus
1511 4309 1626 4393 scripsi
1649 4308 1735 4373 hunc
1758 4310 1909 4373 notitiam
1930 4308 2066 4373 iudicati

416 4414 449 4476 in
472 4434 558 4477 anno
583 4412 625 4478 ab
648 4413 871 4477 incarnatione
895 4411 1005 4476 domni
1029 4413 1130 4477 nostri
1154 4411 1229 4476 Iesu
1253 4409 1389 4494 Christi,
1423 4413 1499 4476 anni
1528 4421 1603 4476 suut
1625 4413 1871 4495 nongentesimo
1896 4420 2066 4496 septuage-

416 4517 508 4599 simo,
532 4517 609 4582 anni
631 4517 758 4603 imperii
781 4518 892 4601 magni
917 4515 1047 4582 Ottonis
1070 4515 1276 4600 imperatoris
1306 4515 1503 4578 serenissimi
1526 4515 1656 4597 augusti
1679 4535 1765 4578 nono
1780 4523 1800 4551 ¹¹¹
1823 4523 1855 4578 et
1878 4511 1956 4578 Otto
1980 4512 2067 4578 filius

414 4621 483 4685 eius
499 4617 630 4684 insimul
652 4641 726 4684 cum
742 4641 780 4684 eo
796 4622 830 4684 in
846 4642 932 4685 anno
956 4621 1051 4685 tertio
1076 4631 1108 4685 et
1130 4641 1240 4685 mense
1264 4620 1473 4705 septembrio,
1496 4641 1555 4704 per
1576 4618 1755 4683 indictione
1778 4627 1897 4704 quarta
1920 4618 2065 4700 decima;
2084 4639 2115 4686 40

414 4732 523 4789 actum
546 4724 579 4788 in
602 4721 704 4788 Marsi
728 4744 840 4788 mense
862 4721 1066 4789 indictione¹¹
1091 4727 1331 4809 suprascripto3
1354 4723 1491 4788 feliciter
1514 4745 1619 4788 amen.

519 4861 655 4947 Signum
678 4862 809 4926 Ezzeca
832 4884 942 4926 comes
965 4862 1077 4948 palatii
1101 4861 1146 4928 ibi
1168 4864 1223 4928 tiri.
1269 4861 1406 4948 Signum
1429 4861 1624 4928 Theoderici
1654 4870 1767 4926 sancte
1790 4861 1985 4926 Mettensis⁰
2016 4884 2066 4926 ec-

416 4964 514 5031 clesie
542 4965 690 5030 minister
716 4964 856 5031 humilis.
902 4965 1038 5050 Signum
1067 4965 1200 5031 Dodoni
1231 4988 1341 5031 comes
1367 4965 1414 5030 ibi
1436 4967 1492 5031 fui.
1538 4964 1675 5050 Signum
1697 4965 1783 5030 Petri
1807 4986 1918 5029 comes
1941 4965 1987 5029 ibi
2009 4966 2066 5030 sui.

414 5070 487 5154 Ego
507 5068 679 5134 Albericus
703 5078 815 5133 sancte
840 5070 1025 5134 Marsicane
1048 5069 1186 5135 ecclesie
1208 5068 1317 5155 presul
1339 5069 1386 5133 ibi
1408 5069 1465 5134 fui.
1510 5069 1582 5153 Ego
1608 5066 1797 5133 Gualterius
1821 5068 1997 5153 episeopus
2021 5068 2065 5132 ibi

414 5172 471 5237 fui.
509 5173 582 5256 Ego
600 5171 812 5237 Grimoaldus
836 5173 1010 5257 episcopus
1033 5171 1079 5237 ibi
1102 5173 1158 5238 fui.
1196 5173 1268 5257 Ego
1284 5172 1447 5237 Iohannes
1463 5170 1629 5236 abbasibi
1646 5172 1701 5236 fui.
1739 5172 1811 5255 Ego
1827 5170 1944 5236 Petrus
1959 5171 2064 5237 abbas
2082 5189 2113 5236 45

415 5275 460 5339 ibi
482 5276 540 5340 fui.
584 5275 657 5358 Ego
687 5275 849 5340 Iohannes
878 5274 982 5341 abbas
1011 5276 1056 5342 ibi
1079 5278 1134 5342 fui.
1179 5277 1253 5361 Ego
1275 5275 1435 5341 Beraldus
1459 5298 1569 5340 comes
1596 5275 1642 5340 ibi
1664 5274 1721 5340 fui.
1766 5275 1838 5358 Ego
1862 5274 2065 5360 Maynardus

501 5445 559 5499 ³⁹8.
585 5447 606 5513 s)
627 5446 794 5513 queudsmrl
876 5449 904 5514 g)
923 5449 1075 5500 Trasateius
1089 5447 1119 5511 l,
1138 5449 1188 5514 oql.
1207 5450 1366 5499 Trasoceum
1380 5446 1615 5528 auf-S452219
1702 5448 1729 5514 h)
1751 5447 1872 5508 diacono,
1891 5447 2066 5509 Tenderamu,

587 5533 744 5596 Ramsredu,
772 5534 842 5585 Ursu
869 5533 934 5584 ohne
958 5533 1226 5600 Abkr'a'nunpazcr'chm
1329 5537 1349 5598 i)
1367 5535 1456 5601 quodd
1474 5535 1498 5584 A
1606 5535 1635 5596 k)
1654 5550 1701 5601 per
1723 5550 1754 5583 ca
1778 5531 1800 5582 A
1906 5533 1926 5600 l)
1944 5532 2067 5598 ricbtiqcr

589 5599 657 5652 roohl
674 5603 781 5668 quidem
800 5601 862 5653 oder·
880 5605 983 5654 scilicet
1075 5611 1111 5669 m)
1122 5604 1193 5668 sohte
1212 5606 1241 5654 in
1258 5603 1297 5668 A,·
1314 5608 1415 5669 ayone
1434 5621 1481 5653 aar
1498 5601 1624 5653 DO.89.9
1711 5605 1739 5665 n)
1758 5604 1822 5652 iulio
1842 5600 1864 5651 A
1953 5605 1980 5667 o)
1999 5605 2065 5654 hlut-

586 5674 668 5723 tcusis
686 5670 718 5723 A.
2082 5677 2113 5727 50
