4508 6428
434 430 497 495 390
1030 437 1484 496 KAISERURKUNDEN.

435 637 592 688 coenobium
620 634 765 688 seeundum
794 634 912 700 regulam
940 634 1025 684 saneti
1048 624 1195 693 Benedlicti
1218 632 1251 683 de
1273 623 1390 697 prolpria
1417 635 1626 700 congregacione
1653 635 1816 686 abbatissam
1839 618 1959 701 eligere,
1991 635 2103 698 sintque

435 757 525 792 omnes
551 757 593 791 res
621 723 730 791 eidemf
755 741 907 790 monasterii
935 745 989 788 tam
1016 729 1155 799 bo[mines]
1170 737 1261 788 ·liberi
1283 743 1309 788 et
1331 739 1401 789 servi
1428 751 1560 803 quamque
1589 753 1679 788 omnes
1702 755 1743 790 res
1766 740 1819 805 aliq
1841 739 1894 789 snb
1919 744 2021 788 nostra
2042 723 2102 785 im·

435 829 548 916 periali
576 844 729 908 defensione
752 845 853 909 munite
882 847 962 908 atque
991 842 1111 912 defense,
1143 847 1169 892 et
1191 842 1214 890 si
1236 857 1344 892 necesse
1366 841 1460 904 fuerit,
1490 841 1522 891 de
1545 842 1624 891 rebus
1647 849 1673 893 et
1695 842 1801 892 familiis
1824 843 1913 908 ipsius
1938 841 2101 890 monasterii

434 965 481 1014 per
502 949 705 1014 inquisicionem
728 947 966 998 circamanenciurn
988 947 1119 996 bonorum
1141 945 1280 995 hominurn
1302 945 1371 995 sicut
1393 945 1426 996 ds
1449 946 1545 995 nostris
1568 929 1791 1016 imperialibus
1814 947 1898 996 rebus
1922 945 2030 994 veritas
2054 941 2099 992 ad-

434 1034 593 1118 probatur.f
624 1053 685 1102 Hoc
702 1067 807 1118 quoque
831 1053 971 1101 statuimus
989 1056 1020 1099 ut
1038 1049 1127 1100 nullus
1146 1051 1183 1100 rei
1202 1049 1308 1114 publice
1330 1051 1449 1100 minister
1471 1063 1557 1113 neque
1580 1049 1677 1114 aliquis
1693 1065 1725 1100 ex
1740 1049 1884 1100 iudiciaria
1906 1029 2132 1114 potestatemfd

434 1155 554 1205 homines
577 1153 695 1204 eiusdem
718 1155 871 1214 monasterii
893 1154 992 1204 llberos
1008 1159 1055 1203 aut
1070 1168 1161 1204 servos
1184 1152 1309 1217 deinceps
1331 1153 1479 1217 inquietare
1494 1160 1630 1220 presumat
1644 1154 1686 1206 vel
1701 1155 1762 1204 loca
1776 1154 1810 1204 ad
1826 1168 1924 1205 causas
1940 1150 2099 1202 audiendas

434 1258 476 1308 vel
491 1258 566 1308 freda
589 1258 720 1324 exigenda
742 1265 789 1308 aut
811 1259 911 1308 tributa
933 1263 981 1308 aut
1001 1258 1223 1307 mansionaticum
1247 1254 1398 1305 faciendum
1420 1255 1464 1306 vel
1484 1263 1592 1323 paratas
1614 1257 1749 1309 faciendas
1771 1274 1821 1309 neo
1842 1257 2023 1308 fideiussores
2046 1255 2097 1304 tol-

434 1363 526 1414 lendos
554 1369 601 1415 aut
628 1365 748 1415 homines
776 1364 894 1413 eiusdem
923 1363 1051 1428 aecclesie
1080 1363 1210 1428 ingenuos
1232 1361 1275 1412 vel
1298 1376 1388 1410 servos
1417 1376 1497 1426 super
1519 1366 1615 1411 terram
1637 1362 1721 1426 ipsius
1743 1362 1865 1412 coenobii
1888 1365 2097 1410 commanentes

435 1468 629 1534 distringendos
650 1468 694 1518 vel
715 1468 785 1517 ullas
815 1467 991 1518 redibiciones
1020 1472 1067 1516 aut
1095 1466 1211 1517 inlicitas
1240 1466 1412 1515 boceasiones
1440 1463 1609 1530 requirendas
1636 1465 1739 1531 ingredi
1767 1465 1880 1526 audeat,
1910 1470 1938 1514 et
1962 1463 2097 1529 quicquid

435 1570 530 1621 exinde
557 1570 636 1621 fiscus
659 1577 748 1622 noster
770 1571 811 1621 vel
835 1564 921 1635 prasss
948 1569 1058 1634 publiea
1081 1585 1187 1634 sperare
1209 1570 1340 1634 potuerit,
1369 1571 1398 1619 in
1420 1570 1511 1620 eodem
1525 1572 1694 1622 monasterio
1717 1570 1862 1621 secundnm
1885 1569 2093 1619 concessionem
2114 1571 2144 1616 10

435 1681 462 1724 et
484 1673 714 1724 confirmacionem
743 1691 834 1740 regum
858 1680 884 1724 et
906 1675 1094 1738 imperatorum
1117 1677 1143 1722 et
1164 1672 1380 1738 predecessorum
1402 1690 1418 1721 a
1441 1673 1603 1723 sollemniter
1630 1679 1759 1739 pemetua
1780 1673 1928 1724 stabilitate
1953 1671 2095 1722 firmamus

436 1794 483 1842 pro
501 1778 621 1829 mercede
640 1793 671 1827 ac
694 1777 809 1828 remedio
832 1779 919 1828 aninre
942 1784 1031 1843 nostre
1053 1758 1299 1842 parentorumque'
1318 1783 1476 1840 nostrorum,
1500 1777 1645 1843 damusque
1663 1779 1688 1829 ei
1702 1777 1835 1829 licentiam
1853 1777 1888 1826 de
1905 1776 1979 1827 silva
2002 1785 2096 1826 nostra

435 1882 591 1932 carbonaria
606 1886 632 1930 et
646 1882 725 1947 gagio
741 1863 938 1932 materiamen1¹
961 1881 994 1931 ad
1010 1882 1207 1946 reparacionem
1222 1882 1306 1945 ipsius
1321 1882 1474 1930 monasterii
1490 1883 1624 1946 suscipere
1640 1897 1670 1931 ac
1684 1881 1760 1947 ligna
1776 1883 1832 1931 sive
1851 1897 1943 1931 eerros
1960 1881 1996 1930 ad
2012 1897 2093 1930 nsum

434 1985 504 2048 ignis
526 1984 623 2034 habere
646 1986 721 2034 iuxta
744 1968 890 2049 temporisi
920 1966 1154 2050 oportunitatemh
1176 1989 1304 2050 quantum
1327 1999 1435 2034 necesse
1458 1985 1544 2035 inerit.
1582 1985 1619 2034 Et
1640 1986 1859 2051 quandocumque
1882 1979 1915 2033 ei
1940 1969 2093 2055 quando·

435 2081 599 2158 eumqueg
620 2089 764 2138 necessitas
787 2091 885 2139 eminet
895 2072 917 2152 k,
942 2105 1024 2140 naves
1047 2091 1105 2140 eius
1126 2105 1174 2154 per
1196 2089 1363 2138 Ticinensem
1386 2093 1490 2152 portum
1513 2094 1566 2138 tam
1589 2105 1636 2153 per
1657 2093 1763 2154 portum
1784 2089 1912 2139 Buricum
1937 2104 2021 2154 quam
2045 2105 2092 2154 per
2112 2096 2140 2142 15

434 2190 580 2254 quemlibet
599 2191 711 2240 alterum
733 2192 879 2244 discurrere
902 2194 1005 2258 possint
1026 2194 1126 2258 absque
1149 2193 1262 2242 alieuius
1285 2191 1495 2258 contradictione
1510 2194 1553 2243 vel
1571 2193 1668 2244 telonei
1687 2195 1843 2259 exaccione,
1868 2195 1978 2258 etquis
1996 2201 2092 2242 contra

435 2293 599 2344 voluntatem
621 2294 663 2344 dei
686 2294 823 2360 aliquanta
845 2300 1005 2348 monasteria
1026 2313 1043 2346 a
1064 2296 1173 2361 publica
1195 2302 1325 2362 potestate
1348 2301 1456 2360 propter
1478 2298 1613 2363 navigium
1637 2279 1797 2346 dictione¹
1821 2295 1855 2346 ad
1880 2279 2091 2366 imperialem

436 2396 577 2446 utilitatem
600 2399 788 2464 inquietantur,
811 2401 873 2450 huic
895 2406 987 2450 sancto
1010 2400 1068 2450 loeo
1091 2381 1231 2448 funditusi
1254 2399 1423 2450 concedimus
1446 2405 1472 2449 et
1494 2400 1621 2464 largimur
1638 2405 1668 2448 ut
1687 2399 1810 2464 deinceps
1832 2400 1945 2449 inantea
1968 2399 2000 2448 de
2025 2400 2091 2464 ipsis

434 2499 549 2550 navibus
572 2504 598 2549 et
620 2500 652 2550 de
675 2503 797 2552 omnibus
825 2503 939 2568 publicis
966 2505 1149 2576 functionibus
1171 2506 1277 2569 quietus
1299 2510 1379 2570 atque
1402 2521 1511 2555 securus
1533 2509 1686 2570 permaneat
1708 2506 1807 2570 absque
1830 2505 1949 2554 alicuius
1973 2505 2091 2556 hominis

435 2603 625 2667 inquietudine.
661 2589 705 2654 Ut
723 2622 813 2656 omnes
835 2623 922 2657 rerum
945 2609 1167 2658 commutaciones
1189 2623 1255 2673 quas
1277 2606 1398 2672 predicta
1419 2608 1555 2658 abbatissa
1571 2593 1780 2679 Regingarda
1802 2609 1874 2658 iusto
1898 2608 1995 2658 ordine
2018 2608 2090 2670 feeit,
2107 2611 2139 2657 20

434 2714 559 2758 maneant
586 2710 750 2760 inconvulse.
789 2711 847 2762 Hec
869 2717 957 2762 autem
987 2714 1075 2762 omnia
1103 2713 1225 2777 superius
1254 2711 1378 2777 alligata,
1408 2712 1486 2761 sicuti
1509 2727 1526 2760 a
1547 2711 1778 2777 predecessoribus
1806 2713 1905 2761 nostris
1931 2711 2042 2777 regibus
2066 2716 2091 2760 et

434 2814 637 2877 imperatoribus
666 2831 792 2865 concessa
814 2821 840 2866 et
863 2816 1017 2866 confirmata
1045 2823 1119 2879 sunt,
1148 2815 1317 2866 concedimus
1341 2819 1367 2864 et
1390 2814 1574 2865 confirmamus
1597 2815 1682 2865 eidem
1704 2815 1850 2865 venerabili
1874 2815 2009 2864 coenobio
2032 2831 2089 2879 per·

434 2916 573 2966 fruendum
602 2921 765 2984 temporibus
790 2922 925 2986 perpetuis
948 2922 1005 2971 iure
1028 2921 1176 2971 firmissimo
1199 2919 1373 2985 possidenda,
1403 2925 1433 2968 ut
1455 2919 1505 2968 sub
1528 2921 1654 2969 tuicionis
1676 2925 1765 2984 nostre
1787 2917 1971 2968 mundiburdo
1995 2934 2089 2968 secure

432 3027 607 3084 perseverent.
644 3023 756 3088 Insuper
779 3023 964 3074 confirmamus
986 3026 1088 3090 prefato
1112 3025 1270 3074 monasterio
1289 3039 1336 3088 pro
1355 3023 1471 3072 remedio
1495 3025 1581 3073 anime
1604 3029 1693 3074 nostre
1715 3023 1812 3071 vadum
1835 3025 1967 3072 nnumin
1983 3023 2088 3073 Padum

433 3125 467 3174 sd
489 3123 644 3190 piscandum
672 3119 728 3186 albi
756 3118 917 3187 no]miuatur
939 3127 1027 3193 Caput
1048 3129 1137 3191 Laeti,
1167 3128 1308 3178 habentem
1330 3127 1357 3175 in
1380 3127 1521 3176 terminum
1544 3128 1706 3191 superiorem
1728 3128 1756 3176 in
1777 3142 1830 3190 quo
1855 3126 2087 3193 Cuqogepidasce,
2106 3134 2137 3180 '25

433 3229 494 3280 inde
516 3231 647 3294 percurrit
668 3230 702 3279 ad
725 3221 856 3290 [elundem
878 3231 967 3281 locum
988 3233 1034 3281 ubi
1058 3231 1162 3297 agonis
1183 3231 1272 3280 influit
1294 3230 1404 3280 Padurn.
1438 3229 1593 3280 stabilimus
1616 3233 1696 3280 etiam
1717 3230 1835 3296 predicto
1859 3233 2027 3280 monasterio
2050 3233 2087 3280 in-

433 3332 504 3382 sulas
527 3333 601 3382 iusta
624 3333 769 3399 predictam
790 3335 967 3398 piscacionem
983 3352 1015 3385 en
1030 3340 1142 3400 utraque
1158 3339 1232 3398 parte
1248 3333 1322 3395 Padi,
1346 3333 1473 3399 quicquid
1496 3336 1605 3399 antiquo
1628 3328 1777 3399 temporem
1799 3333 1870 3383 idem
1893 3337 2087 3384 monasterium

434 3453 480 3486 seu
503 3437 629 3488 moderno
652 3438 769 3488 obtinuit
790 3439 832 3490 vel
856 3433 984 3488 Padum¹¹
1007 3441 1105 3488 invasit
1127 3443 1174 3488 aut
1195 3439 1222 3486 in
1245 3438 1366 3487 futurum
1387 3438 1489 3502 ruperit
1511 3437 1543 3488 de
1565 3438 1679 3502 propriis
1701 3429 1794 3502 iplsius
1816 3427 1985 3496 molnasterii
2009 3439 2089 3488 rebus

434 3540 485 3590 line
508 3543 639 3593 Nebiasco
671 3559 755 3608 usque
778 3541 812 3592 ad
834 3543 944 3592 fluvium
967 3543 1084 3608 Agonia,
1113 3542 1207 3592 deinde
1236 3541 1293 3606 ipse
1316 3538 1375 3589 finis
1399 3539 1535 3590 descendit
1556 3541 1584 3588 in
1606 3539 1707 3589 Padum
1731 3554 1747 3588 a
1769 3540 1881 3588 tenuino
1905 3541 1954 3604 qui
1976 3547 2090 3590 vocatur

434 3645 605 3708 Grindolato,
634 3649 765 3710 percurrit
787 3649 814 3696 in
836 3647 934 3696 melum
961 3647 1082 3707 insitum,
1112 3645 1207 3696 deiude
1230 3644 1264 3694 ad
1285 3648 1391 3708 portum
1415 3643 1503 3708 Caput
1524 3644 1615 3706 Laeti,
1644 3647 1771 3708 quantum
1801 3642 1871 3692 idem
1894 3645 2086 3693 monasterium
2104 3650 2135 3696 30

434 3751 558 3814 preterito
587 3755 703 3815 tempore
732 3752 847 3801 obtinuit
874 3767 922 3800 suo
945 3752 1003 3800 iure
1025 3751 1094 3800 iuste
1117 3756 1144 3800 et
1165 3749 1300 3815 legaliter,
1323 3764 1370 3797 seu
1394 3747 1466 3812 quod
1489 3746 1617 3812 Cunipert
1638 3763 1685 3798 rex
1707 3748 1774 3797 inibi
1797 3747 1913 3796 eontulit
1935 3742 2007 3796 as⁰
2031 3763 2087 3812 prq-

434 3857 539 3916 ceptum
562 3853 664 3916 ipsum;
687 3855 782 3903 iterum
804 3856 883 3904 etiam
906 3853 1074 3904 concedimus
1090 3859 1116 3903 et
1132 3851 1317 3904 confirmamus
1332 3854 1360 3901 in
1377 3853 1468 3902 eodem
1492 3858 1583 3902 sancto
1607 3854 1717 3918 cenobio
1740 3852 1822 3901 rados
1841 3852 1911 3901 duos
1931 3853 1966 3901 ad
1984 3854 2087 3916 piscan-

434 3955 496 4005 dum
519 3957 546 4005 in
570 3957 650 4006 fluvio
673 3958 780 4020 Ticino,
807 3973 890 4008 uuum
912 3958 959 4023 qui
981 3959 1132 4007 nominatur
1160 3958 1249 4006 iuxsta
1271 3955 1373 4005 Furcas
1400 3962 1426 4006 et
1447 3956 1560 4007 basilica
1587 3958 1672 4006 sancti
1695 3956 1832 4018 Germani,
1861 3971 1917 4005 uno
1941 3957 2031 4020 capite
2053 3943 2087 4003 in

436 4061 492 4124 ipso
521 4060 590 4110 vado
618 4065 723 4110 tenente
752 4077 836 4126 usque
866 4060 899 4110 ad
922 4042 1014 4109 riumf
1039 4062 1085 4126 qui
1107 4061 1258 4109 nominatur
1280 4035 1342 4110 Alto
1367 4067 1393 4111 et
1415 4061 1463 4110 ubi
1484 4061 1607 4125 superius
1630 4065 1656 4109 et
1678 4059 1788 4109 inferius
1809 4065 1923 4122 pontum
1947 4040 2088 4109 anticum‘

435 4163 493 4224 suit,
516 4179 570 4214 nno
590 4165 677 4228 capite
695 4159 791 4214 tenetl
813 4166 841 4212 iu
859 4165 930 4213 viam
950 4164 1092 4228 publicam,
1116 4162 1280 4212 sicutmodo
1299 4164 1385 4228 ipsum
1402 4163 1498 4214 vadum
1521 4158 1562 4212 eq
1584 4164 1627 4214 vel
1649 4165 1758 4213 inantea
1780 4164 1906 4225 evenerit,
1930 4168 1958 4213 et
1974 4163 2085 4213 alterum
2103 4165 2132 4211 35

435 4266 532 4316 vadum
554 4269 642 4316 iurata
665 4283 747 4317 runco
763 4250 837 4332 quef
858 4268 1010 4316 nominatur
1032 4267 1117 4316 sancti
1131 4266 1204 4316 Petri
1216 4248 1239 4328 ¹¹,
1263 4283 1316 4316 uno
1340 4269 1426 4332 capite
1449 4273 1555 4318 tenente
1578 4269 1605 4316 in
1628 4269 1685 4332 ipso
1709 4282 1790 4316 runco
1814 4273 1840 4316 et
1862 4266 1917 4316 alio
1942 4267 1976 4316 ad
2000 4267 2086 4317 loc-um

434 4352 509 4436 quer
528 4374 680 4422 nominatur
702 4373 869 4433 Retrorsurn,
898 4373 966 4420 sicut
988 4370 1066 4421 modo
1089 4372 1175 4434 ipsum
1197 4365 1319 4419 vadumr
1342 4377 1432 4422 manet
1453 4371 1496 4422 vel
1519 4374 1626 4422 inantea
1648 4372 1765 4420 evenerit
1786 4377 1890 4441 usque
1914 4357 1950 4419 in
1973 4355 2085 4438 Sinna,

435 4481 464 4526 ut
486 4477 582 4527 habeat
610 4493 671 4542 pars
699 4478 783 4542 ipsius
805 4477 958 4526 monasterii
981 4477 1053 4541 ipsos
1076 4475 1159 4525 vados
1182 4481 1208 4525 et
1230 4475 1406 4539 piseationem
1429 4475 1457 4524 in
1479 4477 1611 4540 integrum
1633 4451 1798 4540 quecumque
1820 4474 1940 4524 voluerit
1962 4475 2086 4536 faciendi,

434 4579 578 4646 damusque
602 4581 635 4631 ad
657 4581 777 4631 bominee
799 4582 883 4645 ipsius
906 4579 1059 4629 monasterii
1081 4580 1109 4628 in
1131 4578 1250 4644 predicto
1273 4577 1354 4627 fluvio
1373 4579 1446 4629 Pado
1470 4583 1497 4628 et
1511 4578 1604 4628 Ticino
1627 4579 1655 4627 in
1678 4593 1844 4642 quocumque
1868 4577 1929 4628 loco
1953 4577 2088 4628 voluerint

434 4690 480 4734 aut
500 4686 527 4734 iu
542 4685 625 4736 vados
643 4691 747 4736 nostros
765 4701 825 4735 cum
844 4684 941 4734 nostris
964 4683 1140 4747 piscatoribus
1163 4683 1297 4732 licentiam
1319 4682 1440 4746 piscandi
1462 4682 1519 4731 eine
1537 4680 1628 4745 aliqua
1650 4680 1866 4746 contradictione.
1902 4681 2086 4746 Precipieutes
2104 4683 2134 4730 40

434 4806 496 4854 ergo
519 4790 640 4840 iubemus
663 4795 693 4839 ut
714 4805 791 4839 nemo
815 4805 847 4838 ex
869 4787 993 4837 fidelibus
1011 4787 1108 4836 nostris
1130 4801 1217 4851 neque
1241 4786 1408 4851 presentibus
1430 4801 1516 4850 neque
1544 4784 1699 4834 absentibus
1726 4783 1837 4848 predicti
1866 4786 2025 4834 monasterii
2055 4783 2088 4834 de

433 4893 474 4942 his
489 4893 612 4942 omnibus
627 4909 679 4957 que
702 4907 783 4956 supra
804 4893 904 4940 inserta
926 4895 988 4939 sunt
1010 4889 1092 4939 ullam
1114 4894 1250 4955 presumat
1273 4889 1370 4938 inferre
1393 4888 1539 4938 molestiam
1563 4893 1610 4936 aut
1632 4888 1853 4948 contrarietatem,
1875 4887 1923 4936 sed
1943 4888 1995 4937 sub
2015 4890 2087 4938 omni

432 4998 591 5063 integritate,
614 4998 684 5046 sicut
699 5011 715 5044 a
729 4995 807 5044 nobis
830 4993 985 5043 confirmata
1007 4999 1075 5055 suut,
1098 4994 1268 5058 perhenniter
1292 4991 1390 5042 ibidem
1413 4991 1447 5040 ad
1466 4990 1607 5041 utilitatem
1630 4992 1781 5040 monasterii
1804 4991 1889 5054 ipsius
1914 4993 1973 5042 sine
1997 4994 2090 5058 aliqua

433 5100 638 5150 diminoraeloue
667 5104 827 5164 permaneat.
861 5096 889 5144 Si
911 5097 971 5162 quis
998 5082 1097 5164 igliur
1126 5101 1218 5146 contra
1247 5096 1326 5145 buius
1349 5095 1432 5143 nostri
1455 5095 1573 5158 prqeepti
1596 5094 1763 5143 securitatem
1787 5092 1905 5157 aliquam
1929 5095 2088 5145 violentiam

433 5209 480 5252 arat
493 5204 657 5252 invasionem
675 5201 771 5251 inferre
791 5200 965 5265 temptaverit,
989 5201 1056 5249 sciat
1072 5216 1099 5249 se
1115 5169 1322 5262 conrpositbrum
1345 5199 1403 5246 auri
1426 5196 1518 5261 optimi
1537 5195 1619 5245 libras
1635 5213 1657 5258 e,
1680 5195 1847 5246 medietatem
1865 5196 1975 5260 palacio
1995 5204 2089 5249 nostro
2107 5203 2139 5250 45

517 5365 576 5419 274,
604 5368 625 5429 f)
649 5366 724 5417 A:
742 5366 796 5418 VU.
901 5365 929 5431 g)
954 5364 977 5414 A
1080 5363 1108 5426 lr)
1132 5365 1178 5412 nsit
1205 5363 1393 5428 riberflr'iesiqenr
1420 5361 1688 5426 Abhiramspsaeiebm
1792 5363 1812 5420 i)
1830 5364 1946 5427 teporis,
1977 5365 2093 5427 inditus,

604 5452 704 5502 uroque
722 5434 788 5485 obus
805 5431 1077 5516 Abhirquuqezeicben
1168 5431 1198 5514 kp
1215 5432 1246 5493 A,
1266 5438 1335 5514 emet
1352 5429 1407 5481 VU.
1499 5429 1554 5494 uA
1572 5436 1632 5480 stult
1645 5431 1758 5513 datione
1775 5430 1822 5480 der
1839 5429 1893 5482 VU.
1993 5437 2033 5520 mi
2051 5437 2093 5486 tei

602 5503 753 5637 aas
772 5498 1910 5636 ,sesamum
1934 5500 1978 5550 ι’
1994 5501 2049 5637 e
2061 5521 2095 5630 r

606 5647 711 5691 tenente
729 5639 783 5690 VU.
891 5643 916 5704 q)
935 5638 1001 5688 noch
1020 5637 1074 5689 VU.
1092 5653 1123 5686 au
1140 5641 1263 5701 syenae·
1286 5638 1320 5686 ad
1338 5638 1492 5703 piscandum
1512 5643 1598 5688 manet
1709 5639 1731 5702 r)
1748 5637 1861 5702 ipsiradfi
1878 5637 1917 5700 A,
1941 5655 1972 5688 ae
1991 5640 2058 5692 dass
2077 5655 2148 5702 1150

601 5709 660 5766 dem
677 5706 901 5773 eor-aarpelrendes
917 5707 971 5758 aad
988 5706 1046 5757 dem
1063 5704 1266 5770 naclrfolqendm
1285 5705 1369 5756 Worte
1386 5704 1516 5770 sepeliri.
