4554 6414
1016 419 1101 475 ΚΑΙ
1111 420 1471 479 SERURKUNDEN.

524 605 632 666 Wcaclc
653 605 738 665 Hess,
755 603 966 679 Loadcsqesch.
989 600 1033 675 2⁶,
1056 609 1099 664 26
1122 611 1157 663 n⁰
1171 609 1212 666 19
1235 623 1292 665 aaa
1311 605 1349 666 B.
1372 639 1414 650 —
1436 606 1525 679 Kopp
1543 605 1696 678 Paloeoqr.
1719 606 1783 666 crit.
1807 611 1837 676 1,
1855 607 1923 666 415
1950 605 2006 664 cit.
2031 619 2096 662 aas

521 710 636 769 dantols
658 711 730 768 noct
752 711 964 768 oorhoadeacm
990 709 1126 783 Oriqinol
1149 708 1161 788 (
1189 709 1211 788 ).
1236 744 1278 753 -
1300 710 1430 772 Bo'lr-mcr
1450 712 1522 784 Ray.
1548 713 1598 769 63.
1621 744 1664 752 -
1687 709 1814 784 Stamps
1831 711 1909 782 ch.
1935 713 1996 769 38.

521 850 605 908 Neela
626 849 684 907 dea
705 866 760 907 eoa
775 849 863 921 Kopp
886 849 1094 921 mitpctltcr‘tteo
1115 849 1212 907 Notcn
1234 849 1284 908 hot
1307 849 1371 908 PB.
1395 848 1458 907 dies
1479 848 1518 910 D.
1542 850 1714 922 wcamstcas
1735 847 1943 922 uatersmr'pt.

623 1035 663 1100 In
691 1037 821 1100 nomine
851 1044 962 1120 sancte
991 1045 1024 1100 et
1052 1036 1219 1102 individue
1247 1037 1411 1102 trinitatis.
1449 1035 1624 1100 Heinricus
1649 1035 1700 1100 dei
1724 1034 1865 1100 donante
1897 1033 2093 1098 clementia

418 1164 488 1205 rex.
575 1139 736 1205 Noverint
759 1162 871 1205 omncs
893 1140 1007 1204 fideles
1031 1142 1134 1205 nostri
1157 1151 1325 1226 presentes
1349 1150 1385 1205 et*
1403 1140 1518 1222 futuri,
1551 1140 1691 1225 qualiter
1712 1162 1773 1204 nos
1796 1161 1870 1203 cum
1895 1137 2131 1222 Meingozoo

417 1244 651 1310 Herueldensis
674 1244 803 1329 cenobii
826 1244 946 1309 abbate
969 1243 1135 1329 quoddam
1159 1244 1296 1308 fecimus
1319 1243 1557 1308 concambium.
1593 1243 1743 1308 Tradidit
1758 1244 1856 1328 igitur
1870 1241 1975 1306 nobis
1993 1241 2091 1305 idem

416 1346 522 1412 abbas
551 1370 625 1413 cum
654 1370 817 1413 consensu
843 1348 980 1412 fratrum
1008 1345 1088 1411 inibi
1118 1346 1249 1412 domino
1279 1346 1507 1413 famulantium
1531 1356 1563 1411 et
1585 1370 1684 1412 manu
1707 1347 1859 1411 advocati
1891 1347 1944 1409 sui
1971 1343 2096 1409 Erlolf

415 1453 594 1536 nuncupati
618 1450 774 1537 quicquid
796 1451 830 1514 in
852 1449 925 1515 loco
950 1424 979 1516 (l
1003 1450 1091 1515 dicto
1121 1449 1164 1514 ad
1193 1452 1300 1535 ipsum
1330 1453 1564 1516 monasterium
1592 1451 1759 1536 hucusque
1788 1450 1955 1535 pertinere
1990 1448 2091 1512 vide-

414 1554 521 1638 batur,
555 1577 629 1619 cum
658 1553 827 1620 curtilibus
857 1553 994 1638 edificiis
1023 1553 1144 1637 eclesia
1166 1555 1339 1639 mancipiis
1362 1554 1576 1640 omnibusque
1599 1555 1797 1640 appenditiis
1820 1562 1852 1617 et
1874 1553 2090 1618 adiacentiis

416 1661 493 1722 suis.
528 1658 674 1723 Econtra
697 1681 775 1723 vero
800 1657 949 1722 dedimus
972 1657 1015 1722 ad
1038 1658 1201 1742 prefatum
1223 1660 1458 1723 monasterium
1481 1661 1514 1723 in
1536 1681 1623 1744 pago
1640 1659 1830 1743 Languizza
1854 1660 1888 1721 in
1912 1659 2091 1721 comitatu
2114 1675 2148 1721 10

415 1761 630 1848 Meginwardi
653 1753 817 1848 quendam
843 1763 953 1827 locum
975 1762 1093 1826 Husun
1120 1771 1275 1827 vocatum
1304 1784 1378 1846 cum
1407 1762 1578 1827 curtilibus
1607 1762 1744 1846 qdiliciis
1773 1763 1947 1847 mancipiis
1981 1763 2089 1824 tcrris

415 1865 512 1929 cultis
535 1875 568 1930 et
589 1865 721 1930 incultis
745 1867 832 1949 agris
856 1867 959 1949 pratis
983 1867 1109 1950 campis
1132 1868 1265 1950 pascuis
1288 1867 1380 1932 silvis
1408 1867 1502 1951 aquis
1531 1887 1754 1952 aquarumque
1783 1864 1982 1930 decursibus
2012 1886 2090 1928 mo-

415 1969 555 2035 lendinis
577 1971 640 2034 viis
663 1979 696 2034 et
717 1971 815 2034 inviis
838 1969 982 2034 exitibus
1005 1979 1037 2034 et
1058 1970 1218 2035 reditibus
1247 1972 1382 2056 quqsitis
1411 1979 1444 2033 et
1471 1968 1672 2054 inquirendis
1702 1969 1917 2053 omnibusque
1949 1989 2089 2052 appen-

416 2074 504 2138 ditiis
528 2083 561 2139 et
582 2073 778 2138 adiacentiis
802 2075 879 2138 suis.
917 2074 1077 2137 Iussimus
1100 2096 1229 2160 quoque
1252 2074 1314 2138 hoc
1338 2083 1527 2160 preceptum
1550 2072 1625 2137 inde
1648 2072 1810 2138 conscribi
1840 2072 1983 2136 firmiter
2008 2093 2089 2156 prq-

416 2178 588 2262 cipientes‚
624 2186 785 2262 quatenus
812 2178 960 2261 prefatus
989 2176 1094 2241 abbas
1123 2177 1298 2262 Megingoz
1329 2179 1442 2263 suique
1472 2199 1679 2241 successoros
1701 2176 1800 2240 talem
1827 2175 1903 2240 inde
1927 2175 2148 2240 habeant15

416 2280 552 2345 ulterius
574 2290 771 2365 potestatem
796 2282 880 2345 sicut
902 2292 934 2344 et
957 2281 997 2345 de
1019 2281 1093 2346 aliis
1116 2281 1214 2346 rebus
1238 2303 1299 2366 quq
1322 2281 1364 2345 ab
1388 2282 1531 2366 antiquis
1554 2280 1756 2366 temporibus
1784 2279 1827 2344 ad
1853 2289 2088 2344 memoratum

415 2383 588 2469 cenobium
617 2386 778 2468 pertinere
808 2384 1014 2449 videbantur.
1052 2384 1097 2448 Et
1126 2395 1163 2448 ut
1193 2383 1255 2448 hoc
1287 2395 1398 2468 nostre
1427 2386 1691 2449 commutationis
1720 2392 1910 2468 preceptum
1942 2383 2088 2448 firmum

415 2487 596 2574 stabileque
629 2497 835 2574 permaneat,
870 2511 969 2554 manu
997 2498 1111 2553 nostra
1139 2489 1341 2554 firmavimus
1354 2479 1525 2575 'anulique
1553 2489 1656 2553 nostri
1687 2489 1890 2572 inpressione
1920 2489 2087 2572 insigniri

414 2614 578 2658 russ1mus.

517 2731 657 2816 Poppon
678 2732 826 2796 notarius
855 2721 1005 2796 adviecm
1028 2727 1223 2815 Hiltipertib
1246 2729 1524 2814 archicappellani
1547 2731 1724 2815 recognovi
1748 2739 1780 2794 et
1825 2730 1895 2809 (SR.
1921 2730 2006 2809 NN.)
2022 2739 2036 2768 ⁰
2110 2747 2147 2794 20

515 2868 607 2932 Data
628 2867 696 2933 kal.
720 2870 786 2932 iun.
813 2867 923 2952 [a]nno
947 2869 1182 2933 incarnationis
1206 2865 1354 2933 domini‘l
1377 2883 1606 2950 Dccccxxxu,
1630 2867 1808 2931 indictione
1831 2883 1888 2948 xv,
1911 2876 2089 2950 regnante

413 2971 560 3057 piissimo
587 2971 674 3057 [rege
690 2972 885 3056 Heinlrico⁶
907 2995 993 3037 anno
1010 2990 1107 3054 xn113
1130 2980 1241 3036 actum
1256 2969 1497 3056 Erpfersfurtf3
1520 2973 1553 3036 in
1575 2972 1628 3035 dci
1649 2973 1780 3036 nominc
1802 2968 1944 3034 feliciter
1967 2991 2088 3034 amen.

1213 3179 1275 3256 34.

413 3333 588 3411 Heinrdcb
611 3335 688 3435 piot
714 3333 794 3408 doen
819 3335 962 3409 Kloster
988 3335 1112 3409 Fulda
1136 3335 1260 3407 scinco
1287 3333 1405 3408 Besitz
1431 3337 1471 3407 in
1497 3335 1694 3408 Abeadeim
1720 3361 1765 3408 za
1796 3333 1948 3407 Toascd.
2210 3431 2212 3435 Ι

1670 3473 1782 3544 Erfurl
1805 3478 1870 3534 932
1892 3475 1978 3532 Juni
2001 3479 2037 3534 3.
2106 3486 2144 3533 25

518 3667 615 3728 Codex
636 3667 809 3728 Eberhardt
830 3684 887 3726 aas
909 3666 961 3725 der
983 3667 1073 3725 Mitte
1100 3665 1150 3724 des
1179 3669 1230 3724 12.
1254 3665 1307 3725 Jo.
1338 3663 1442 3725 ΒΜ
1470 3663 1494 3735 s.
1518 3669 1559 3724 19
1582 3667 1624 3723 im
1647 3665 1675 3724 k.
1699 3664 1899 3724 Staatsorclrio
1919 3683 1963 3722 aa
1987 3665 2085 3724 Mer-

517 3772 592 3845 burq
615 3769 679 3850 (B).

514 3912 664 3970 Sclanmt
688 3911 779 3970 Troe.
795 3911 886 3970 Foro.
909 3915 973 3972 234
995 3916 1029 3968 a⁰
1045 3913 1107 3970 570
1130 3927 1186 3968 aas
1202 3909 1240 3968 B.
1264 3942 1307 3951 —
1327 3908 1449 3967 Dronke
1473 3906 1535 3969 OD.
1559 3907 1650 3968 Ftdd.
1675 3911 1738 3968 314
1760 3911 1794 3965 n⁰
1809 3909 1872 3965 678
1895 3923 1954 3964 (ηις
1971 3908 2011 3966 B.
2036 3943 2083 3951 —

517 4016 646 4073 Boltmcr
667 4016 740 4088 neq.
758 4019 808 4074 64.
832 4049 874 4058 -
896 4014 1024 4087 Stampf
1042 4017 1114 4088 Rey.
1140 4017 1190 4073 40.

516 4152 576 4212 Die
597 4153 822 4227 Aussclretdwnp
844 4153 898 4211 der
919 4153 1165 4213 Eberlr-ordsclrea
1189 4152 1318 4212 Zustttse
1340 4152 1597 4211 wird'erlciclstcrt
1624 4152 1717 4210 duret
1745 4152 1798 4210 dac
1825 4151 2012 4211 Verltdltm'ss
2037 4173 2083 4212 sa
2102 4173 2138 4220 30

516 4257 572 4316 deo
593 4257 849 4331 eoroaspolreaden
863 4257 933 4319 DD.
963 4258 1043 4316 Desa
1060 4257 1146 4329 jener
1160 4255 1315 4326 Abscbrist
1336 4274 1392 4314 coa
1414 4258 1496 4313 etrier
1512 4254 1604 4312 Hand
1626 4255 1676 4312 des
1699 4254 1817 4316 14.J11.
1840 4252 1995 4327 bcipefttpt
2019 4257 2083 4315 ist:

519 4361 653 4435 sigillata
675 4365 735 4433 est,
769 4362 906 4434 cerbitrpt
935 4361 1007 4418 coela
1035 4361 1115 4418 nicht
1144 4360 1213 4419 class
1243 4362 1292 4418 eta
1317 4358 1453 4432 Ortpinot
1477 4358 1608 4431 pleichea
1630 4357 1808 4418 ll'ortlautcs
1831 4358 2004 4415 rurlmnden
2025 4378 2082 4431 yc-

517 4483 612 4525 wcscn
633 4467 681 4525 ist.
705 4469 747 4508 -‘
762 4466 822 4523 Dte
836 4484 876 4524 aa
891 4465 961 4527 Dn.
977 4468 1018 4523 34
1034 4465 1170 4536 perreriae
1189 4464 1442 4522 Traditionsnotc'a
1456 4479 1478 4524 s.
1494 4464 1528 4519 tn
1542 4461 1663 4520 monce
1680 4459 1743 4520 01).
1758 4460 1849 4520 Fuld.
1866 4463 1930 4518 315
1945 4467 1983 4517 πθ
2001 4466 2081 4524 679.

619 4653 795 4718 Heinricus
826 4651 937 4716 divina
968 4651 1168 4715 concedente
1196 4649 1369 4714 clementia
1397 4671 1456 4713 rex
1489 4647 1540 4732 <ct
1562 4647 1745 4712 advocatus
1767 4647 1995 4714 Romanorum
2019 4671 2082 4714 au-

413 4755 559 4843 gustus>
648 4757 809 4821 Noverint
838 4777 950 4819 omnes
978 4754 1092 4818 fideles
1120 4754 1224 4818 nostri
1244 4762 1416 4838 presentes
1440 4750 1565 4816 scilicet
1587 4760 1619 4815 ct
1641 4751 1757 4832 futuri,
1792 4749 1933 4835 qualiter
1956 4751 2081 4818 Hada-
2103 4778 2140 4825 35

411 4884 522 4925 marus
553 4859 750 4925 venerabilis
781 4857 887 4922 abbas
916 4857 1091 4922 Fuldonsis
1121 4858 1310 4922 monasterii
1340 4856 1475 4921 tradidit
1505 4854 1601 4920 nobis
1631 4877 1705 4918 cum
1739 4875 1901 4917 consensu
1932 4853 2081 4921 fratrum

411 4963 492 5028 inibi
520 4963 582 5028 deo
613 4962 841 5027 famulantium
872 4960 1027 5046 quicquid
1056 4963 1089 5025 in
1119 4959 1249 5025 Triburi
1279 4961 1312 5024 in
1341 4981 1428 5044 pago
1452 4959 1584 5043 Engilin
1612 4959 1647 5022 in
1672 4959 1829 5022 comitatu
1852 4955 2082 5041 Meginwardi

412 5067 552 5153 presidis
581 5075 614 5131 et
643 5068 676 5130 in
703 5066 788 5129 Istat
816 5066 850 5128 in
878 5086 965 5149 pago
993 5062 1194 5148 Nabelgowe
1220 5065 1256 5127 in
1284 5064 1443 5127 comitatu
1465 5065 1541 5127 item
1565 5061 1711 5126 eiusdem
1734 5059 1959 5143 Mogenwardi
1985 5073 2021 5138 ct
2046 5065 2083 5129 in

412 5169 601 5234 Merseburc
624 5171 657 5233 in
680 5190 767 5254 pago
791 5167 958 5253 Hosgowc
987 5168 1020 5231 in
1049 5169 1207 5231 comitatu
1236 5165 1383 5250 sigifridi
1412 5167 1621 5251 proprietatis
1650 5163 1772 5229 babere
1799 5163 1862 5225 visi
1892 5173 1970 5227 sunt
1999 5166 2084 5232 Ful-

412 5273 530 5338 denses
553 5275 671 5337 fratres
694 5281 803 5357 preter
825 5270 882 5335 illa
905 5272 1070 5356 mancipia
1093 5293 1155 5356 que
1178 5272 1369 5335 nominatim
1393 5279 1522 5334 constat
1545 5292 1616 5332 esso
1639 5268 1821 5333 interdicta.
1845 5265 1999 5332 Econtra
2017 5293 2084 5336 nos
2105 5293 2143 5341 ao

411 5377 476 5442 illis
501 5376 650 5442 dedimus
674 5374 833 5461 quidquid
855 5376 890 5439 in
912 5371 1097 5437 Abunheim
1120 5376 1154 5437 in
1177 5396 1263 5458 pago
1287 5373 1540 5458 Warmazgowc
1563 5373 1596 5434 in
1619 5373 1775 5435 comitatu
1798 5367 1970 5434 Cbunradi
2001 5395 2084 5440 cum

412 5480 563 5545 omnibus
586 5478 712 5544 adhoc
741 5479 812 5543 iure
842 5475 1096 5564 pcrtinentibus,
1131 5498 1206 5540 cum
1236 5476 1384 5560 ecclesiis
1412 5476 1586 5560 mancipiis
1615 5473 1784 5540 curtilibus
1813 5473 1956 5557 qdificiis
1986 5482 2086 5562 agris

514 5651 556 5705 dd.
584 5649 679 5719 [rom]
767 5652 794 5714 a)
812 5650 844 5715 A,
862 5650 959 5701 Bobbo
978 5649 1004 5699 Β
1091 5648 1120 5717 b)
1137 5646 1170 5714 Δ,
1188 5649 1351 5701 Hildiberhti
1370 5650 1396 5699 Β
1482 5648 1508 5714 c)
1529 5654 1555 5698 et
1573 5649 1631 5713 (SR.
1653 5647 1722 5706 NN)
1734 5644 1804 5708 fcdlt
1821 5646 1849 5693 in
1868 5646 1897 5695 Β
1997 5651 2029 5718 d)
2050 5653 2087 5708 Α,

584 5721 717 5786 dominice
735 5724 787 5776 inc.
805 5720 832 5769 B
921 5717 947 5784 e)
965 5720 998 5770 H.
1018 5720 1102 5785 primo
1122 5720 1148 5769 B
1230 5717 1302 5781 od,
1320 5718 1421 5768 Erllurt
1440 5717 1472 5766 Β.
