4576 6428
894 427 1019 486 ΟΤΤΟ
1041 429 1066 485 Ι.
1090 425 1162 484 966.
1791 419 1851 484 441

306 611 518 671 9999999919
539 609 646 670 drittcr
668 607 820 671 Scarabcr
842 610 890 670 dic
912 611 976 670 drcr'
997 628 1054 672 999
1075 608 1137 672 LO.
1164 611 1390 686 eteoclus'scneo
1417 611 1536 672 Nomen
1564 613 1718 688 99919999.
1762 613 1855 673 Ucbcr

306 716 476 790 Bibligoune
499 732 522 775 s.
547 714 712 774 Baumarm
733 714 794 774 Dte
814 714 1091 790 Gauqrafscbostcu
1113 718 1156 774 im
1177 717 1480 790 Wartcmberytschca
1503 715 1661 776 99199999
1683 720 1755 777 136.

305 898 458 982 (01119
481 900 613 966 nomine
636 908 771 966 sanctae
793 909 826 964 et
848 899 1035 965 individuae
1064 902 1229 966 trinitatis.
1276 900 1353 966 Otto
1384 900 1495 965 divina
1522 901 1652 968 favente
1681 903 1853 968 clementia

202 1006 424 1070 Romanorum
452 1012 485 1067 et
512 1001 738 1070 Franchcrum
767 1004 945 1087 imperator
974 1013 1142 1088 augustus.
1243 1005 1402 1070 Noverint
1434 1027 1545 1070 omnes
1574 1005 1686 1071 fideles
1716 1006 1854 1088 nostri}

168 1124 185 1170 9
203 1118 371 1194 presentes
395 1106 520 1172 scilicet
542 1117 574 1172 et
596 1107 710 1191 futuri,
744 1106 882 1194 qualiter
905 1106 1114 1191 Harpertus¹³
1135 1107 1331 1173 venerabilis
1354 1108 1520 1174 Curiensis
1543 1112 1718 1196 episcopus
1743 1111 1854 1176 retulit

204 1214 369 1280 serenitati
392 1220 536 1294 nostrae,
560 1211 721 1298 quosdam
742 1210 877 1275 libertos
900 1218 1014 1274 nostra
1036 1207 1188 1294 largitate
1210 1235 1416 1279 nummorum
1434 1214 1629 1279 excussione
1645 1212 1685 1278 de
1701 1215 1852 1281 manibus

203 1338 315 1382 eorum
337 1337 358 1379 a
379 1316 455 1401 iugo
479 1313 588 1380 servili
612 1312 797 1396 absolutos,
824 1309 1049 1398 [Ramlbrehtb
1072 1321 1105 1376 et
1126 1312 1329 1379 Vodelbreht
1350 1316 1554 1398 nominatos,
1590 1316 1757 1404 quandam
1779 1341 1853 1403 pro-

203 1423 375 1506 prietatem
396 1423 431 1485 in
453 1441 540 1506 pago
563 1418 782 1503 Bibligouue⁰
805 1421 837 1482 in
860 1418 1018 1483 comitatu
1042 1416 1211 1482 Anshelmi
1233 1419 1267 1481 in
1283 1417 1362 1483 villa
1378 1417 1551 1503 Ohupinga
1575 1441 1594 1482 a
1616 1419 1727 1484 liberis
1749 1420 1851 1486 homi·

203 1523 299 1588 nibus
321 1522 386 1588 illis
409 1544 522 1588 coram
543 1520 681 1586 testibus
703 1544 803 1586 manu
825 1523 950 1608 potenti
980 1523 1067 1586 omni
1097 1522 1356 1586 contradictione
1385 1533 1512 1587 remota
1541 1522 1759 1589 contraditam
1790 1525 1852 1590 sibi

154 1641 185 1688 ιο
204 1648 325 1712 sueque
348 1624 497 1692 Ouricnsi
520 1625 680 1690 aeclesiae
702 1627 736 1690 in
759 1627 927 1710 proprium
950 1624 1176 1704 condonasse3
1206 1624 1265 1688 sed
1287 1626 1364 1711 quia
1386 1624 1515 1690 illorum
1539 1625 1756 1691 tradicionem
1778 1627 1851 1693 abs-

203 1753 266 1816 que
293 1739 403 1814 999199
436 1730 623 1796 donationis
654 1729 901 1794 confirmatione
932 1727 1084 1793 stabilem
1113 1750 1185 1792 esse
1214 1727 1436 1811 dubitaverat,
1471 1737 1617 1792 nostram
1651 1728 1853 1814 imperialem

202 1843 354 1919 precatus
385 1844 435 1899 est
464 1832 670 1899 clementiam
699 1830 837 1897 eandem
866 1832 996 1898 illorum
1024 1832 1234 1897 traditionem
1262 1853 1323 1895 nec
1352 1853 1418 1894 non
1447 1829 1675 1896 concambium
1705 1832 1852 1898 eiusdem

202 1937 305 2022 predii
328 1959 403 2003 cum
425 1936 605 2003 Adalberto
629 1936 696 2001 filio
719 1935 914 2002 Liutuuardi
936 1935 1067 2021 publice
1089 1928 1259 2022 peractum
1281 1938 1315 1999 in
1337 1957 1423 2022 pago
1449 1935 1616 2000 8999999ο
1637 1937 1671 1999 in
1694 1938 1851 2001 comitatu

203 2038 391 2105 Gotefridi⁰
412 2042 446 2105 in
466 2039 545 2104 villa
566 2038 800 2124 Alemuutinga
823 2039 1033 2105 nihilominus
1057 2039 1098 2104 ad
1124 2043 1229 2125 ipsam
1246 2039 1434 2104 Ouriensem
1451 2038 1604 2123 eclesiam
1619 2040 1732 2124 scripti
1748 2033 1850 2105 nostri

152 2153 184 2202 15
202 2146 397 2209 auctoritate
420 2144 547 2208 muniri.
587 2143 657 2208 Nos
680 2164 809 2229 quoque
832 2143 970 2208 eandem
993 2145 1096 2229 ipsius
1119 2146 1308 2229 petitionem
1330 2154 1435 2208 ratam
1456 2151 1674 2227 'agnoscentes
1697 2145 1851 2210 iussimus

201 2256 371 2333 utrumque
393 2248 455 2313 hoc
478 2256 590 2311 nostro
614 2255 768 2332 precepto
791 2245 956 2328 roborari,
990 2267 1153 2332 manuque
1181 2249 1316 2333 propria
1346 2245 1459 2312 subtus
1487 2245 1568 2312 illud
1595 2247 1795 2312 firmavimus
1819 2256 1851 2311 et

204 2349 299 2436 sigilli
321 2353 425 2416 nostri
448 2352 662 2437 impressione
688 2349 860 2434 [in]signiri
883 2350 1098 2435 precepimus.

303 2590 317 2671 1
340 2591 503 2656 Lintolfus
526 2589 741 2656 cancellarius
764 2590 914 2656 advicem
937 2588 1138 2656 Uuillibelmi
1161 2588 1416 2675 archicapellani
1444 2591 1646 2674 recognovit.
1675 2589 1689 2670 1
1717 2595 1773 2668 (SI.
1797 2591 1848 2668 D.)

151 2706 185 2754 ao
229 2715 230 2720 ¹
1767 2691 1850 2773 (SR)

304 2833 394 2899 Data
412 2851 446 2896 x.
464 2833 531 2898 kal.
552 2835 627 2898 mai.
651 2855 737 2898 anno
761 2833 944 2899 dominicae
967 2832 1203 2896 incarnationis
1226 2846 1432 2912 nccccnxvl,
1455 2829 1634 2894 indictione
1650 2847 1738 2912 vnn,
1762 2851 1848 2892 anno

201 2939 291 3022 regni
315 2937 426 3002 domni
449 2938 580 3004 Ottonis
604 2956 707 3022 xxm,
738 2939 863 3023 imperii
886 2960 964 3002 vero
988 2955 1028 3020 v;
1058 2945 1168 3001 actum
1191 2934 1468 3017 Quitilingeburc3
1495 2935 1528 2998 in
1552 2933 1603 2999 dei
1625 2934 1757 2997 nomine
1778 2931 1847 2996 feli-

201 3045 283 3108 citer
305 3064 409 3108 amen.

977 3244 1064 3320 327.

150 3399 290 3476 990119
323 3398 464 3474 99999191
487 3400 619 3473 acinam
645 3397 822 3475 Getreaen
850 3399 1017 3474 ,11999999
1052 3398 1291 3497 Besitzuapea
1321 3399 1365 3472 ’19
1398 3398 1520 3473 dassen
1553 3397 1766 3498 Grosscbaft
1797 3402 1847 3473 im

200 3522 429 3622 Derliraqpau
455 3520 535 3594 aad
559 3520 899 3618 Nordthitrirepyau.
1262 3623 1265 3628 Ι
1329 3539 1532 3616 9999999999
1554 3543 1617 3600 966
1639 3538 1802 3613 9199993.

304 3731 558 3790 1199999199
578 3726 619 3786 K.
643 3726 743 3797 Adols
759 3727 844 3787 1295
868 3725 993 3786 Juraaor
1014 3730 1034 3788 9
1056 3726 1225 3800 9999991991
1248 3728 1289 3784 im
1314 3727 1342 3784 19.
1367 3725 1630 3786 999919999999
1652 3728 1757 3787 Berlin
1781 3727 1844 3808 (Β).

306 3866 529 3928 mactandae.
546 3865 755 3926 9199999196
778 3881 833 3924 999
857 3864 886 3922 Β
909 3889 947 3917 =
971 3864 1090 3924 Lcaber
1103 3865 1240 3938 Disqais.
1260 3865 1396 3937 91999199
1411 3864 1521 3925 Saron.
1538 3870 1680 3937 911192,
1705 3889 1744 3919 =
1768 3869 1846 3926 Mei-

302 3973 366 4031 bcm
388 3970 440 4030 SS.
465 3976 495 4042 1,
520 3971 592 4040 750,
617 3992 657 4022 =
681 3969 813 4028 Ecbhart
834 3970 913 4028 Hist.
935 3986 1000 4042 999.
1026 3969 1134 4030 Scaea.
1159 3972 1222 4029 549
1244 3974 1279 4026 n⁰
1300 3973 1330 4028 3.
1354 4001 1396 4008 —
1419 3969 1522 4042 Lanu
1537 3967 1604 4028 BA.
1624 3973 1675 4040 19,
1692 3973 1752 4029 801
1775 3975 1845 4030 02⁰6

301 4091 357 4133 aas
379 4073 417 4130 B.
441 4105 483 4116 —
505 4071 650 4145 19999999
672 4071 737 4130 Rei.
762 4076 791 4144 7,
816 4075 878 4131 419
901 4075 974 4128 901
1000 4087 1057 4129 aas
1081 4068 1111 4131 0.
1136 4104 1177 4114 -
1200 4068 1473 4130 roccamaura.
1492 4069 1783 4132 09919337999Βι
1804 4105 1845 4116 -

301 4176 524 4250 3999991199.
548 4179 620 4236 319.
645 4207 687 4218 --
711 4171 1024 4248 arenosorum.

302 4311 436 4384 Versosst
458 4312 522 4372 999
542 4312 619 4371 nach
641 4311 707 4370 dem
729 4313 761 4369 iu
784 4311 813 4369 B
834 4311 1108 4385 macarianam
1131 4311 1191 4371 SR.
1214 4312 1292 4370 9999
1310 4313 1496 4386 partricem
1517 4331 1572 4372 999
1594 4312 1663 4372 LK.

403 4515 442 4580 19
464 4515 595 4580 nomine
618 4523 730 4580 sancte
752 4523 784 4578 et
806 4512 973 4586 individue
995 4516 1158 4580 trinitatis.
1197 4514 1276 4582 Otto
1300 4514 1412 4581 divina
1433 4516 1563 4581 favente
1585 4517 1763 4582 clemencia
1785 4520 1843 4585 im-

197 4629 330 4706 perator
348 4629 515 4704 augustus.
601 4617 739 4683 Noverit
757 4618 901 4683 omnium
919 4617 1064 4683 fidelium
1081 4629 1268 4684 nostrorum
1287 4629 1355 4683 tam
1376 4622 1574 4704 presentium
1598 4620 1723 4686 scilicet
1745 4644 1844 4707 quam

147 4739 179 4787 39
198 4732 230 4787 et
251 4723 432 4789 futurorum
454 4721 630 4806 industria,
661 4721 800 4807 qualiter
821 4743 882 4786 nos
907 4721 948 4786 ob
972 4723 1188 4787 interventum
1212 4722 1329 4786 dilecte
1352 4724 1499 4806 coniugis
1522 4733 1631 4788 nostre
1654 4723 1843 4792 Adelheidis

198 4826 320 4914 filiique
341 4829 444 4893 nostri
466 4828 641 4910 karissimi,
663 4828 750 4910 regis
774 4826 898 4891 scilicet
914 4825 1053 4908 Ottonis,
1076 4847 1138 4890 nec
1161 4848 1228 4892 non
1246 4825 1438 4891 Theoderici
1462 4827 1590 4890 comitis
1613 4828 1716 4891 nostri
1737 4828 1843 4893 fidelis

198 4930 330 4996 cuidam
351 4942 462 4996 nostro
485 4929 574 4996 fideli
597 4933 727 4997 nomine
748 4931 935 4996 Mamaconi
963 4928 1155 4995 tradidimus
1189 4929 1339 5017 quitquid
1366 4929 1470 5015 predii
1498 4929 1551 4993 vel
1579 4929 1768 4995 hereditatis
1799 4930 1841 5018 [a]

198 5036 395 5098 monasterio
424 5033 642 5121 fratribusque
666 5037 699 5101 in
722 5034 928 5120 Magdeburg
950 5033 1011 5099 dec
1036 5043 1216 5118 sanctoque
1237 5033 1397 5098 Mauricio
1422 5032 1473 5097 die
1495 5043 1659 5118 noctuque
1677 5034 1841 5102 famulan-

198 5134 284 5199 tibus
312 5134 432 5200 habere
458 5136 640 5202 videbatur.
683 5137 834 5203 Predicto
857 5138 1043 5203 Mamaconi
1074 5138 1269 5205 donavimus
1298 5139 1332 5202 in
1360 5139 1455 5224 pagis
1484 5136 1666 5222 Derlingon
1694 5147 1725 5202 at
1747 5139 1841 5204 Nort-

147 5250 181 5299 49
200 5237 361 5322 duringon
384 5238 417 5301 in
440 5240 597 5304 comitatu
619 5241 722 5325 ipsius
744 5239 949 5305 Mamaconis
973 5262 1068 5325 quem
1091 5243 1153 5326 ipsi
1176 5242 1209 5305 in
1231 5240 1427 5307 beneficium
1450 5241 1680 5325 concessimus,
1703 5244 1737 5306 in
1758 5242 1841 5307 locis

198 5340 401 5426 subscriptis,
423 5341 576 5407 videlicet
597 5344 631 5408 in
646 5343 818 5423 Veltheim,
842 5345 876 5408 in
891 5343 1116 5428 Hessenheim,
1139 5345 1173 5408 in
1195 5343 1454 5428 Arnaldesheim,
1478 5346 1512 5408 in
1533 5344 1840 5430 Bemsherdestorp,

196 5447 230 5510 in
245 5443 434 5531 Cugelinge,
457 5447 491 5510 in
506 5445 651 5531 Echeim,
675 5449 709 5512 iu
724 5447 880 5531 Sebusen,
904 5449 937 5511 in
952 5445 1176 5532 Drogonleuo,
1200 5448 1233 5512 in
1252 5446 1508 5530 Hahaldesleuo,
1530 5449 1566 5513 in
1580 5447 1728 5532 Valdorf,
1752 5450 1841 5534 quod

280 5632 340 5688 ³20.
368 5631 476 5702 [Sickol]
580 5635 649 5694 ald
747 5637 896 5702 9199911999
913 5652 961 5687 σω
981 5635 1004 5687 0
1098 5636 1124 5701 9)
1142 5636 1325 5703 wapriinplicb
1342 5637 1423 5690 laevor
1439 5637 1527 5690 119999
1541 5637 1664 5704 celarem,
1683 5638 1712 5688 ia
1728 5636 1841 5689 walchan

366 5704 439 5756 daun
455 5703 503 5756 dar
521 5703 604 5757 Nam
620 5720 670 5756 999
687 5705 797 5756 andem
813 5706 896 5758 Haud
912 5703 1098 5772 scolymos
1115 5703 1211 5757 99999

178 5785 180 5788 ¹
244 5813 436 5858 mammaea
449 5813 467 5854 1.
1594 5814 1633 5874 56
