4560 6420
902 393 1027 450 ΟΤΤΟ
1050 394 1073 449 1.
1097 390 1169 448 946.
1798 385 1860 450 159

210 605 266 640 rem
288 588 331 639 dei
359 583 391 637 et
413 575 515 659 patria
536 575 641 639 nostrl
671 595 829 655 nostrmque
851 591 955 640 animae
978 592 1148 654 omniumque
1170 589 1320 640 debitorum
1346 597 1495 641 nostrorum
1517 591 1661 641 remedium
1684 591 1718 641 ad
1741 598 1862 642 sauctnm'

211 695 319 744 Petrum
345 694 527 760 apostolorum
553 696 700 760 principem
730 700 757 744 et
778 694 813 745 ad
835 699 957 744 sanctum
979 694 1137 744 Mauricium
1161 699 1240 759 atque
1263 694 1298 745 ad
1319 700 1440 746 sanctum
1462 696 1648 746 Innocentium
1670 695 1705 746 ad
1727 698 1860 747 nutrimen

211 798 400 848 monachorum
421 799 450 848 in
472 797 531 848 loco
554 796 736 862 Magedeburg
758 797 829 847 dicto
852 797 902 847 deo
925 796 1031 862 illisque
1054 799 1240 860 servientium,
1272 814 1351 864 quem
1380 804 1407 848 et
1433 799 1520 863 ipsum
1546 798 1635 849 locum
1657 799 1777 850 Romano
1799 800 1860 850 sub-

211 901 322 950 iecimus
343 901 541 963 mundiburdio,
564 901 592 950 in
613 901 750 965 proprium
773 900 867 950 damus
889 899 961 964 quod
979 913 996 949 a
1011 901 1182 951 Berenhardo
1197 893 1433 951 Halbersstatense
1456 901 1581 966 episcopo
1603 917 1651 966 pro
1674 901 1766 967 predio
1789 902 1861 967 quod

175 1001 267 1065 dnos,
290 1005 347 1053 eius
370 1002 514 1054 aecclesiae
537 1004 565 1052 in
587 987 840 1053 Uulnedehnsonol
863 1004 970 1054 marcho
992 1006 1016 1052 X
1035 999 1067 1052 et
1089 1006 1139 1054 VII
1162 1011 1294 1054 mansos
1324 990 1358 1052 in
1380 989 1689 1073 Uuesteruuattinge
1717 999 1860 1067 dantens⁰‚
1954 979 1961 988 ι

210 1123 270 1157 eum
293 1113 455 1157 consensu
477 1090 554 1157 cleri
578 1100 611 1155 et
632 1106 755 1158 advomti
777 1108 835 1156 eius
857 1106 1000 1157 traditione
1022 1109 1181 1172 accepimus,
1204 1094 1426 1157 consentiente
1449 1094 1548 1157 etiam
1563 1091 1733 1158 Fridurico
1755 1094 1875 1158 erebi·-

210 1197 366 1281 episcopo
390 1217 465 1261 cum
488 1195 624 1260 consilio
647 1193 791 1258 fidelium
814 1206 1001 1260 nostrorum
1022 1205 1101 1260 tunc
1124 1198 1337 1280 presentium,
1366 1211 1416 1260 hoe
1443 1192 1508 1261 est‘l
1537 1212 1564 1260 in
1587 1226 1656 1277 pago
1679 1211 1861 1278 Nordturinga

210 1317 239 1364 in
261 1317 388 1364 comitatu
405 1298 545 1364 Geronls
568 1314 695 1380 quicquid
717 1317 746 1364 iu
767 1313 997 1380 Magedeburgaro
1020 1329 1108 1363 marco
1131 1301 1295 1384 pertinens
1318 1297 1432 1362 habult
1454 1313 1489 1363 ad
1510 1319 1630 1364 sanctum
1645 1313 1809 1378 Stephanum
1831 1316 1860 1364 iu

210 1417 439 1468 Halusrsstatensi
467 1417 599 1468 aecclesia
625 1419 654 1466 in
683 1408 841 1477 terrlitohiis
870 1423 897 1468 et
925 1419 1064 1482 mancipiis
1093 1418 1216 1483 omnique
1239 1431 1281 1476 re,
1311 1420 1337 1464 et
1358 1415 1488 1466 decimam
1510 1416 1542 1466 de
1564 1417 1717 1467 hominibus
1741 1417 1859 1468 eiusdem

160 1524 193 1572 10
211 1521 464 1587 magedeburgensis
487 1521 632 1571 aecclesiae
654 1537 671 1568 s
692 1522 720 1569 iu
742 1519 809 1569 locis
831 1521 870 1570 sic
892 1521 1050 1570 nominatis:
1084 1521 1274 1587 Magedeburg‚
1297 1522 1389 1584 Frose,
1412 1521 1590 1586 Inantesleba,
1618 1523 1859 1585 Hartaratesdoref‚

209 1626 345 1689 Dudnlon,
364 1627 427 1676 item
445 1625 582 1688 Dudnlon,
605 1624 772 1687 Iscatesdorl,
794 1625 1019 1690 Imenvuattinga,
1042 1624 1269 1690 Osteruuattings,
1293 1623 1408 1686 Suldorl,
1431 1625 1604 1687 Otteresleba,
1629 1627 1773 1692 Apeudorl,
1796 1628 1859 1677 item

208 1729 352 1794 sponderi,
375 1729 610 1792 Rnodbartesdorl,
632 1722 789 1791 Buchuui0,
818 1727 963 1790 Predaliae,
991 1727 1231 1791 Fridumaresleba,
1259 1729 1423 1794 lhnmpsice,
1450 1729 1681 1794 Vuitirichesdorf‚
1710 1732 1859 1783 Lioboltes·

209 1835 275 1898 dors,
297 1838 406 1900 insuper
427 1841 454 1885 et
476 1820 668 1906 popularem
690 1834 830 1900 ecclesiam
851 1834 881 1882 in
902 1831 1093 1898 Magedeburg.
1132 1831 1207 1894 Quae
1230 1834 1320 1883 omnia
1341 1833 1391 1883 hoc
1414 1834 1512 1898 scripto
1536 1834 1569 1883 ad
1591 1835 1721 1898 prefatam
1735 1835 1859 1901 Magada-

207 1938 367 2002 burgensem
389 1937 545 1988 aecclesiam
567 1939 595 1987 in
617 1939 754 2002 proprium
776 1935 910 1986 firmamus
932 1939 959 1985 et
980 1933 1015 1984 ad
1037 1933 1254 1986 certificationem
1276 1950 1357 1986 manu
1378 1937 1488 2001 propria
1509 1937 1711 1988 corroboramus
1729 1943 1756 1988 et
1777 1939 1858 1989 anulo

158 2039 321 2106 resigillari
344 2042 478 2090 iussimus.

311 2193 325 2275 ξ
347 2189 484 2274 Signum
506 2188 617 2253 domni
640 2153 770 2253 Ottonis
793 2188 857 2270 (M.)
881 2189 1078 2253 serenissimi
1101 2191 1196 2273 regis.
1220 2191 1234 2273 d

310 2311 324 2394 ll
344 2311 435 2376 Brun
451 2309 665 2375 cancellarius
680 2309 830 2374 advioem
844 2309 1007 2375 Fridurici
1023 2307 1300 2395 archicappellani
1315 2311 1501 2394 recognovi.
1524 2310 1539 2392 i
1560 2311 1630 2392 (SR.
1645 2313 1722 2392 NN.)
1744 2311 1800 2394 (SI.
1814 2312 1856 2393 1.)

309 2475 399 2540 Data
421 2492 486 2539 nn.
509 2474 577 2540 kal.
600 2495 674 2558 aug.
698 2496 784 2539 anno
812 2475 1046 2540 incarnationis
1076 2472 1199 2538 domini
1230 2489 1442 2557 Dccccxnvl,
1476 2471 1652 2539 indictione
1675 2492 1731 2558 111,
1769 2496 1856 2540 anno

209 2578 319 2645 domni
343 2578 474 2645 Ottonis
497 2596 537 2661 x3
562 2587 673 2643 actum
695 2580 729 2642 in
750 2577 984 2662 Magedeburg.

157 2888 191 2936 20
1003 2854 1062 2929 eo.

217 3026 297 3105 Otto
320 3027 461 3102 samniti
481 3028 546 3101 der
567 3029 736 3100 Matrona
758 3027 859 3100 Lava
880 3027 961 3100 aad
981 3027 1091 3100 derso
1114 3024 1214 3102 Solon
1235 3026 1395 3099 Koorud
1419 3026 1508 3098 zeba
1529 3026 1658 3126 Hasce
1679 3025 1759 3099 aad
1779 3027 1858 3099 cine

207 3149 338 3226 Kirchc
360 3175 405 3222 sn
427 3148 609 3247 Lonylier.
1557 3219 1600 3230 ,„
1623 3191 1686 3248 946
1707 3221 1751 3230 -
1772 3221 1815 3230 -

309 3375 443 3437 Claudat.
463 3378 624 3437 Gorsiessse
644 3394 700 3435 aas
723 3376 788 3434 deon
811 3374 897 3436 Dide
919 3374 969 3432 des
992 3379 1042 3434 12.
1060 3374 1112 3434 Ji.
1132 3393 1165 3448 p.
1183 3378 1245 3434 144
1268 3375 1369 3433 iader
1385 3373 1629 3435 Stodtbibliotlselc
1643 3394 1684 3434 aa
1699 3377 1782 3434 Mota
1797 3376 1856 3456 (A).

307 3530 497 3609 (Tabouillot)
525 3531 605 3590 Hac.
635 3531 670 3588 ds
697 3530 780 3589 Meta
802 3535 846 3601 4⁰,
871 3534 911 3589 65
940 3547 996 3592 aas
1025 3529 1056 3589 A
1077 3554 1118 3584 =
1142 3531 1268 3591 Jeaattn
1292 3527 1399 3591 Claros.
1430 3531 1465 3588 de
1493 3529 1653 3589 PArdeome
1674 3535 1709 3601 1,
1732 3536 1783 3591 34.
1814 3566 1857 3576 -

155 3639 188 3687 aa
309 3632 438 3707 Stamps
455 3635 527 3708 Ray.
553 3637 624 3693 137.

310 3790 445 3861 Vcrfosst
458 3789 523 3848 'sm
545 3789 612 3849 BA.

410 3996 450 4060 In
485 3996 615 4059 nomine
649 4002 776 4068 sancte,
796 4003 829 4058 et
861 3991 1026 4059 individue
1059 3995 1223 4058 trinitatis.
1274 3993 1352 4061 Otto
1386 3995 1566 4061 auxiliante
1599 3995 1651 4060 dei
1685 3995 1857 4062 clementia

205 4122 275 4164 rex.
377 4099 536 4165 Noverint
567 4120 679 4163 omnes
707 4096 821 4161 fideles
848 4099 952 4162 nostri
980 4106 1147 4182 presentes
1180 4096 1303 4162 scilicet
1331 4108 1363 4163 et
1391 4098 1507 4181 futuri,
1542 4097 1680 4185 qualiter
1709 4123 1770 4166 nos
1799 4123 1858 4186 per

205 4201 422 4267 interventum
451 4201 560 4266 dilecti
588 4202 690 4266 nostri
725 4199 818 4265 ducis
853 4199 1018 4265 Ouonradi
1051 4209 1298 4286 ceterorumque
1330 4201 1475 4266 fidelium
1507 4211 1694 4269 nostrorum
1726 4204 1858 4269 cuidam

156 4322 189 4370 30
206 4317 352 4371 matrone
380 4308 511 4371 nomine
535 4307 625 4370 Leue
648 4315 680 4369 et
707 4305 775 4369 filio
799 4306 868 4368 eius
892 4303 1060 4369 Ouonrath
1089 4313 1207 4368 vocato
1237 4303 1397 4389 quasdam
1431 4307 1640 4390 proprietatis
1668 4317 1778 4372 nostre
1806 4313 1857 4371 res

207 4409 327 4475 iudicio
351 4409 571 4474 scabiniorum
593 4419 704 4473 nostre
728 4407 917 4473 sublimitati
945 4409 1014 4472 inre
1040 4407 1197 4471 fiscatas¹
1225 4407 1258 4470 in
1280 4408 1449 4492 proprium
1477 4410 1716 4492 concessimus,
1746 4409 1782 4473 id
1808 4421 1858 4475 est

206 4513 310 4577 hobas
333 4531 357 4578 x
385 4513 621 4599 ecclesiamque
648 4514 682 4576 in
704 4512 784 4576 villa
805 4510 963 4595 Lunglier
985 4519 1174 4596 nuncupata
1199 4511 1233 4574 in
1257 4511 1415 4574 comitatu
1436 4509 1566 4575 Rodulfi
1590 4512 1717 4575 comitis
1739 4512 1774 4575 in
1797 4510 1857 4577 Os·

206 4617 303 4701 ninge
327 4618 407 4681 sitas
430 4639 505 4682 cum
528 4615 679 4681 omnibus
703 4615 906 4701 appendiciis
929 4625 962 4680 et
984 4615 1175 4680 adiacentiis
1199 4615 1266 4679 suis
1289 4614 1333 4678 ad
1355 4614 1487 4680 easdem
1511 4633 1535 4680 x
1557 4612 1687 4680 bobasb
1707 4617 1768 4680 rite
1787 4638 1857 4701 per-

206 4719 382 4784 tinentibus
405 4722 475 4786 iure
496 4719 653 4805 perhenni
676 4721 709 4784 in
732 4729 925 4805 perpetuum
946 4720 980 4783 in
1002 4720 1183 4803 proprium,
1218 4718 1388 4784 curtilibus
1416 4718 1553 4784 edificiis
1581 4720 1675 4784 terris
1704 4718 1800 4785 cultis
1825 4731 1858 4786 et

155 4837 187 4884 35
206 4822 336 4886 incultis
365 4824 452 4908 agris
481 4824 653 4910 mancipiis
681 4824 784 4907 pratis
813 4824 944 4908 pascuis
973 4822 1064 4886 silvis
1091 4825 1186 4909 aquis
1214 4846 1414 4910 aquarumve
1443 4822 1634 4889 decursibus
1661 4823 1857 4890 molendinis

206 4924 443 5009 piscationibus
471 4927 533 4989 viis
563 4936 596 4989 et
622 4927 719 4989 inviis
748 4925 890 4991 exitibus
919 4948 959 4990 ac
988 4925 1144 4990 reditibus
1175 4929 1309 5014 quesitis
1337 4937 1369 4992 et
1401 4928 1563 5012 inquisitis
1592 4937 1624 4991 et
1657 4927 1857 5013 inquirendis

205 5027 381 5094 mobilibus
405 5040 436 5095 et
457 5028 688 5094 immobilibus.
728 5029 887 5094 Iussimus
911 5051 1039 5115 quoque
1062 5029 1125 5094 hoc
1147 5029 1223 5094 inde
1246 5052 1380 5115 presens
1402 5040 1593 5116 preceptum
1614 5030 1776 5095 conscribi
1799 5054 1858 5117 per

207 5130 295 5217 quod
322 5130 473 5198 volumus
501 5132 699 5218 firmiterque
727 5131 891 5214 iubemus,
926 5141 962 5195 ut
989 5140 1169 5197 memorata
1198 5132 1319 5198 domna
1340 5134 1433 5198 Leua
1456 5143 1488 5198 et
1509 5134 1596 5198 filius
1618 5134 1688 5198 eius
1711 5130 1857 5200 Conratb

208 5233 248 5298 de
270 5235 320 5300 bis
344 5235 493 5300 omnibus
516 5247 627 5301 nostro
651 5235 737 5300 dono
761 5235 827 5300 illis
849 5237 883 5299 in
906 5237 1072 5320 proprium
1095 5238 1261 5301 concessis
1284 5235 1403 5302 amodo
1427 5246 1460 5301 et
1481 5236 1636 5322 deinceps
1663 5238 1750 5302 omni
1778 5247 1857 5302 tem-

154 5353 187 5400 40
205 5359 283 5422 pore
312 5338 512 5404 liberrimam
539 5339 682 5404 habeant
704 5347 900 5424 potestatem
923 5337 1065 5403 habendi
1089 5339 1233 5404 donandi
1257 5338 1417 5403 vendendi
1440 5338 1664 5403 commutandi
1688 5361 1746 5402 seu
1769 5340 1857 5425 quic·

307 5543 349 5600 70.
376 5545 913 5614 bnauaedeaatanactqeaaqei
1021 5544 1089 5610 c)A
1192 5547 1416 5610 dlectare-set
1471 5625 1472 5628 Ἴ
1519 5545 1773 5610 abaciacum

307 5665 349 5724 aa.
377 5665 471 5740 nois]
574 5670 602 5732 a)
618 5669 804 5738 nemetes
820 5671 971 5736 mnas,
989 5669 1063 5723 aaa
1079 5685 1129 5724 m
1145 5673 1263 5738 eoae
1280 5666 1365 5720 nana
1381 5635 1531 5721 vassei„
1632 5667 1662 5736 a)
1680 5652 1747 5720 nori
1765 5663 1798 5724 Δ.
