4650 6420
422 389 485 454 238
1020 403 1469 461 KAISERURKUNDEN.

422 580 517 664 primi
540 569 743 645 Francorum
766 584 850 666 regis
873 581 1054 648 Chlodouei
1077 583 1154 665 lilio,
1185 584 1323 669 aliisque
1345 585 1548 650 Francorum
1569 586 1710 670 regibus,
1734 589 1854 652 nostris
1878 610 1956 652 saue
1979 599 2069 652 ante·

424 683 625 766 sessoribus,
654 684 808 750 traditum
831 680 900 751 fore
924 687 1118 769 dinoscitur,
1148 686 1278 752 decreto
1308 697 1438 752 nostrae
1461 690 1569 772 regiae
1592 693 1795 754 auctoritatis
1818 713 2015 756 renovamus
2038 702 2070 755 et

424 784 586 852 redditum
610 809 680 851 esse
704 789 945 854 confirmamus.
990 789 1085 854 Unde
1108 799 1140 853 et
1161 789 1225 854 hoc
1247 799 1378 855 nostrae
1401 791 1677 856 corroborationis
1700 803 1890 878 preceptum
1913 795 1978 858 iam
2000 817 2071 879 pre-

423 891 535 974 scripti
551 888 680 955 abbatis
696 892 865 956 llincmari
889 892 1187 979 monachorumque
1212 892 1271 959 sub
1294 893 1381 958 illius
1404 896 1559 978 regimine
1583 894 1793 980 deg'entium‘l
1816 897 1858 960 ad
1881 899 2070 983 petitionem

422 991 492 1056 lieri
520 994 673 1058 iussimus
701 1016 760 1079 per
790 994 878 1080 quod
906 994 1055 1060 volumus
1089 1005 1187 1080 atque
1219 1001 1399 1079 sancimus,
1434 1008 1593 1082 quatenus
1627 1002 1747 1064 nostris
1781 1015 2106 1085 successorumquea

422 1105 607 1161 nostrorum
630 1097 831 1183 temporibus
854 1100 1000 1183 prefatae
1023 1122 1074 1163 res
1098 1098 1141 1162 ad
1164 1101 1379 1184 prescriptum
1403 1102 1606 1166 sanctisimi⁰
1627 1103 1765 1186 Remigii
1788 1103 1897 1174 locum
1913 1113 2070 1189 perpetua

422 1200 600 1265 stabilitate
634 1202 865 1267 inviolabiliter
898 1203 1110 1288 permaneant
1143 1203 1315 1290 nullusque
1352 1205 1472 1269 habeat
1507 1205 1671 1271 licentiam
1707 1206 1843 1271 eandem
1877 1216 1997 1272 terram
2030 1208 2071 1273 de

420 1313 553 1368 nostrae
575 1304 779 1370 liberalitatis
803 1304 1066 1392 daps[i]lilitate⁰
1089 1307 1132 1370 ad
1155 1316 1373 1392 prenotatam,
1398 1309 1481 1374 sieut
1505 1319 1579 1373 ante
1598 1320 1768 1374 exaratum
1787 1321 1846 1394 est,
1871 1313 1917 1374 sie
1938 1312 2072 1377 firmiter

421 1431 613 1474 concessam
635 1413 869 1476 monasterium
891 1412 967 1477 inde
990 1410 1179 1477 subtrahere
1202 1411 1253 1476 vel
1277 1412 1338 1476 sibi
1361 1412 1484 1498 aliquid
1507 1411 1582 1477 inde
1605 1412 1744 1498 amplius
1768 1437 1935 1499 usurpare.
1973 1415 2017 1479 Et
2035 1425 2071 1480 ut

420 1512 501 1575 haec
531 1524 644 1578 nostra
674 1516 853 1580 auctoritas
882 1515 1152 1600 perfectissimam
1182 1516 1414 1602 perpetualiter
1443 1518 1585 1600 accipiat
1613 1516 1798 1582 firmitatem
1829 1528 1860 1582 et
1888 1521 1995 1583 verius
2027 1520 2069 1583 ab
2091 1533 2123 1580 ιο

422 1616 571 1682 omnibus
595 1619 745 1684 credatur
768 1641 808 1683 ac
831 1618 1017 1703 diligentius
1041 1617 1239 1700 observetur,
1262 1641 1361 1683 mauu
1384 1621 1516 1704 propria
1540 1619 1654 1684 subtus
1677 1643 1750 1685 eam
1772 1621 1973 1686 firmavimus
1991 1644 2070 1687 anu-

419 1720 507 1805 lique
529 1723 632 1786 nostri
655 1723 858 1806 inpressione
881 1723 1041 1806 assignari
1064 1723 1226 1787 iussimus.

522 1863 537 1944 l
559 1859 696 1943 Signum
719 1859 828 1924 domni
852 1859 983 1924 Ottonis
1006 1858 1070 1940 (Μ.)
1094 1861 1291 1923 serenissimi
1315 1861 1411 1944 regis.
1435 1865 1449 1945 ξ

523 1959 537 2040 ἒ
560 1960 716 2026 Othertus
739 1961 953 2027 cancellarius
977 1961 1125 2026 advieem
1139 1963 1302 2027 Bruuonis
1325 1961 1579 2048 archicapellani
1597 1953 1772 2048 recognovi
1794 1975 1826 2028 et
1845 1964 2071 2045 subsribsi.‘}

1824 2069 1881 2148 (SI.
1901 2069 1941 2148 1.)
1986 2071 2067 2150 (SR.)
2090 2092 2122 2138 15

523 2205 612 2268 Data
635 2223 667 2269 v.
690 2205 734 2269 id.
758 2228 825 2291 sep.
855 2227 940 2269 anno
970 2206 1202 2270 incarnationis
1233 2205 1354 2270 domini
1383 2205 1485 2269 nostri
1514 2205 1589 2270 Iesu
1613 2203 1733 2270 Christi
1763 2221 1939 2289 Dccccnu,
1968 2206 2069 2271 indic·

421 2309 508 2372 tione
531 2325 564 2392 x,
587 2331 673 2373 auno
697 2299 787 2393 regni
811 2307 942 2374 Ottonis
966 2311 1161 2374 serenissimi
1184 2311 1270 2394 regis
1293 2327 1384 2392 xvir,
1411 2318 1521 2374 aetum
1543 2311 1577 2374 in
1598 2309 1672 2375 loeo
1696 2309 1895 2393 Potvcldun3
1919 2333 2024 2376 amen.

1090 2551 1091 2554 ’
1200 2549 1285 2624 157.

429 2701 510 2779 Otto
532 2716 614 2778 setzt
635 2703 701 2777 dos
719 2703 882 2778 Bistham
904 2702 1004 2782 Char
1026 2703 1158 2778 wieder
1180 2706 1220 2778 in
1243 2704 1313 2779 den
1333 2705 1451 2780 Basta
1470 2707 1635 2806 pemisser
1656 2704 1769 2781 Gttter
1789 2708 1839 2778 iac
1852 2705 1976 2780 Eboss
1997 2706 2067 2780 eiu.

1071 2857 1072 2860 ’
1604 2848 1717 2907 Frolae
1739 2851 1804 2908 952
1828 2848 1952 2908 Ottober
1974 2849 2025 2908 15.
2087 2865 2123 2912 so

526 3035 773 3110 ereaturarum
795 3035 837 3092 vm
860 3035 1061 3106 assensuum
1083 3033 1194 3096 Areua>
1214 3054 1256 3096 aa
1279 3033 1363 3096 esar
1387 3033 1448 3114 (A).

523 3173 707 3232 Wdrdtweiu
734 3173 819 3234 Novo
845 3175 924 3232 sabe.
948 3176 983 3245 3,
1007 3177 1072 3234 363
1099 3180 1133 3232 πθ
1155 3178 1197 3234 90
1225 3191 1282 3233 aas
1306 3171 1336 3234 0.
1369 3207 1411 3217 —
1444 3173 1536 3233 Mola
1558 3172 1620 3233 OD.
1649 3175 1736 3234 Root.
1760 3179 1794 3245 1,
1819 3180 1858 3235 71
1883 3181 1918 3232 πθ
1940 3178 1981 3235 50
2010 3193 2067 3233 aas

522 3277 558 3335 Α.
582 3311 624 3320 -
647 3277 775 3336 Bohmer
796 3277 868 3350 Rea.
891 3280 963 3338 195.
990 3309 1028 3319 —
1053 3277 1181 3350 Stumps
1198 3277 1271 3352 Req.
1294 3281 1366 3339 218.
1392 3311 1433 3322 -
1456 3278 1571 3337 Hidber
1592 3279 1664 3351 Iton.
1689 3281 1782 3338 1044.

525 3413 658 3486 Versoest
680 3415 745 3473 suad
763 3416 947 3488 yesclariebea
968 3433 1024 3474 oea
1048 3414 1159 3487 cepere

524 3602 583 3682 (C.)
607 3602 621 3685 ξ
642 3601 681 3666 In
703 3602 835 3666 nomine
858 3609 993 3666 sanctae
1016 3610 1048 3665 et
1071 3600 1258 3665 individuae
1281 3601 1446 3666 trinitatis.
1492 3600 1571 3667 Otto
1594 3601 1704 3666 divina
1731 3601 1977 3666 coneedentae‘*
2004 3601 2067 3667 cle·
2086 3620 2121 3668 25

419 3705 540 3770 mentia
567 3727 636 3770 rex.
733 3705 869 3769 Noverit
898 3706 1043 3769 omnium
1071 3705 1215 3770 fidelium
1244 3715 1429 3771 nostrorum
1458 3706 1657 3790 presentium
1686 3704 1809 3770 scilicet
1832 3714 1864 3770 et
1886 3705 2068 3770 futurorum

419 3810 594 3892 industria,
623 3813 637 3894 ᾖ
664 3807 803 3895 qualiter
828 3807 1049 3893 Hartpertvsb
1079 3806 1244 3873 Cvriensis
1274 3809 1447 3894 episeopus
1476 3808 1608 3873 attulit⁰
1636 3818 1791 3894 precepta
1818 3818 2069 3874 antecesorum²

419 3921 604 3976 nostrorum
626 3934 739 3995 regum
761 3909 914 3975 videlicet
943 3912 977 3975 in
1006 3922 1152 3976 nostram
1180 3913 1393 3996 presentiam,
1428 3912 1589 3997 quasdam
1618 3935 1670 3978 res
1699 3915 1733 3976 in
1762 3935 1848 3998 pago
1877 3912 2067 3978 Elisacense

327 4077 328 4080 ,
419 4017 636 4100 continentia,
671 4018 761 4101 ipsas
791 4017 909 4081 iniuste
939 4014 980 4080 ab
1010 4018 1079 4080 iure
1108 4025 1240 4080 sanetae
1270 4013 1436 4079 Cvriensis
1471 4014 1629 4080 eeclesiae
1663 4015 1897 4102 proclamando
1927 4015 2066 4082 ablatas.

419 4120 488 4184 Nos
510 4142 588 4184 vero
612 4119 838 4186 certitudinem
861 4141 939 4184 suae
963 4119 1231 4205 proclamationis
1259 4121 1293 4182 in
1321 4120 1401 4202 ipsis
1430 4121 1591 4204 preceptis
1620 4129 1850 4204 agnoscentes,
1885 4121 2122 4196 interventum

420 4233 452 4287 et
475 4225 681 4308 suggestione
704 4223 910 4289 venerandae
933 4225 1099 4308 genitricis
1121 4232 1252 4287 nostrae
1274 4231 1372 4308 atque
1395 4221 1533 4287 dilectae
1556 4224 1720 4308 coniugis,
1754 4222 1817 4287 hoc
1839 4234 1971 4288 nostrae
1993 4246 2068 4288 auc·

420 4329 560 4392 toritatis
583 4329 770 4412 conscripto
795 4330 904 4412 priora
925 4349 1039 4412 regum
1063 4335 1217 4412 precepta
1239 4347 1398 4404 renovare
1421 4335 1453 4392 et
1476 4327 1592 4391 iterato
1615 4325 1829 4391 corroborare
1853 4326 2066 4408 decrevimus,

420 4430 616 4496 omnimodis
650 4433 865 4517 precipientes
899 4442 1059 4518 quatenus
1087 4431 1162 4495 loca
1184 4433 1218 4495 in
1240 4430 1366 4514 prefato
1390 4451 1476 4514 pago
1499 4430 1649 4512 Elisaaa,
1682 4433 1766 4494 sieut
1788 4429 1830 4496 ab
1854 4432 2069 4495 antecessori-

417 4535 479 4600 bus
503 4536 621 4600 nostris
644 4535 775 4619 regibus
799 4557 928 4621 quoque
951 4535 994 4599 ad
1016 4533 1197 4620 predictam
1220 4534 1393 4598 ecelesiam
1416 4536 1449 4599 in
1471 4536 1633 4617 integrum
1655 4533 1785 4617 tradita,
1810 4531 1897 4598 deo‘l
1919 4543 1952 4597 et
1975 4554 2067 4597 sane-

418 4642 570 4705 tisimae²
591 4641 707 4724 virgini
732 4639 856 4703 Mariae
879 4637 1063 4722 Christique
1092 4637 1271 4702 confessori
1300 4638 1404 4701 chio
1440 4635 1658 4721 [renoventu]r
1685 4637 1837 4702 habenda
1868 4635 2065 4723 [nostraque]
2087 4661 2120 4709 35

418 4745 612 4808 auctoritate
642 4741 828 4807 eternaliter
854 4741 898 4806 ad
928 4741 1121 4824 prelibatum
1150 4740 1322 4805 ecelesiam
1347 4741 1548 4805 confirmata.
1592 4741 1737 4827 Indeque
1759 4741 1821 4805 hoe
1844 4739 1972 4825 nestrli]
1997 4764 2068 4827 pre·

418 4849 503 4932 cepti
527 4849 747 4931 conscriptum
769 4845 837 4909 fieri
861 4846 1013 4908 iussimus
1037 4867 1095 4929 per
1118 4844 1206 4928 quod
1227 4843 1377 4910 volumus
1400 4844 1597 4928 firmiterque
1620 4842 1778 4926 iubemus,
1801 4845 1924 4909 utiam
1947 4843 2068 4909 tradita

418 4952 460 5016 ab
489 4948 752 5015 antecessoribus
781 4951 900 5012 nostris
932 4947 1021 5029 loca,
1056 4947 1090 5011 id
1120 4956 1170 5010 est
1198 4947 1325 5033 capella
1353 4948 1386 5010 in
1416 4946 1569 5011 Slezistat
1597 4956 1629 5011 et
1655 4949 1690 5010 in
1717 4946 1945 5012 Vuinzinheim
1975 4956 2007 5011 et
2034 4950 2067 5012 in

420 5053 693 5138 Chuningesheim
715 5062 747 5116 et
770 5054 803 5116 in
826 5050 1038 5116 Breitinheim
1060 5061 1092 5114 et
1114 5057 1147 5114 in
1170 5049 1242 5114 aliis
1266 5051 1346 5116 loeis
1370 5050 1413 5114 ad
1436 5059 1640 5136 prenotatam
1663 5051 1875 5116 corroborata
1898 5061 2068 5136 perpetua-

418 5157 490 5222 liter
512 5166 726 5242 permaneant
748 5155 930 5237 ecclesiam,
954 5177 1030 5219 eum
1052 5153 1222 5219 curtilibus
1245 5153 1381 5238 edificiis
1405 5155 1576 5239 mancipiis
1599 5155 1701 5239 pratis
1725 5157 1855 5239 pascuis
1874 5154 1963 5219 silvis
1980 5156 2067 5219 vine·
2086 5179 2121 5226 to

419 5264 459 5326 tis
488 5284 562 5327 cum
591 5259 785 5326 vinitoribus
815 5261 941 5344 campis
972 5260 1065 5344 aquis
1095 5281 1318 5344 aquarumque
1354 5256 1543 5322 decursibus
1579 5255 1774 5323 molendinis
1806 5257 2066 5343 [p]iscationibus

507 5450 563 5505 lto.
591 5453 619 5513 d)
638 5453 666 5500 iu
688 5448 742 5513 aas
752 5449 841 5501 Rosos·
944 5452 969 5512 e)
989 5448 1012 5499 A
1115 5447 1192 5510 Ori,
1219 5448 1305 5499 ladem
1325 5445 1415 5512 Olpert
1438 5453 1520 5497 suerat
1542 5447 1625 5497 subsu
1647 5445 1760 5509 schedel,
1784 5447 1833 5498 dos
1855 5447 1941 5498 croada
1963 5461 1982 5496 u
2005 5445 2034 5494 ia
2056 5461 2069 5493 r

588 5519 772 5581 caueamus,
796 5519 845 5570 das
863 5535 878 5569 c
896 5518 957 5570 aber
975 5518 1124 5584 etmafltqen
1140 5533 1251 5583 oerposa

507 5622 564 5676 157.
592 5621 699 5690 [Sickel]
804 5621 873 5684 a)A
976 5623 1003 5684 b)
1023 5637 1090 5672 corr.
1114 5638 1162 5671 aas
1185 5622 1331 5686 Harpertvs
1434 5618 1460 5684 e)
1477 5620 1519 5669 ein
1541 5617 1599 5669 bier
1615 5617 1751 5684 solpmsdcs
1773 5605 1829 5669 nob
1850 5619 1884 5668 ist
1907 5615 1990 5667 durch
2012 5616 2070 5666 drer'

589 5697 766 5757 suaquarta
783 5690 886 5742 Panae
899 5689 987 5756 ostilpt
1004 5689 1109 5740 worden
1213 5691 1239 5752 d)
1258 5705 1316 5741 eom
1334 5687 1469 5740 astrata
1485 5687 1610 5739 meschec
1628 5689 1725 5739 tradita
1742 5687 1797 5739 aad
1814 5693 1841 5738 ct
1857 5685 2050 5750 naclqaraym.
2087 5693 2122 5740 45
