4530 6434
870 440 993 498 ΟΤΤΟ
1017 442 1041 496 Ι.
1066 437 1136 496 970.
1762 433 1826 498 543

178 644 290 688 comes
312 622 358 687 ibi
380 622 437 686 fui.
474 620 546 704 Ego
570 619 761 714 Raynaldus
784 643 894 686 comes
916 621 962 686 ibi
985 621 1042 685 fui.
1080 622 1151 706 Ego
1175 623 1270 707 Lupo
1294 644 1405 687 comes
1427 623 1471 687 ibi
1497 623 1552 688 fni.
1592 623 1664 706 Ego
1683 622 1826 707 Rayneri

178 723 223 788 ibi
252 724 309 788 fui.
354 724 426 807 Ego
450 724 591 807 Ingenuo
616 723 770 787 scabinus
793 724 839 789 ibi
862 724 919 788 fui.
963 723 1036 807 Ego
1060 723 1276 808 Ildeprandus
1300 725 1455 790 scabinus
1480 724 1524 790 ibi
1546 727 1602 790 fui.
1649 727 1721 812 Ego
1749 729 1825 792 Ber-

179 826 300 891 nardus
324 825 477 891 scabinus
500 826 546 891 ibi
569 826 625 890 fui.
671 827 744 910 Ego
768 827 897 892 Sanson
920 827 964 891 ibi
987 827 1044 890 fui.

960 1065 1046 1140 399.

146 1243 162 1290 c
189 1222 300 1295 Unter
322 1221 457 1296 Vorsite
476 1219 574 1297 Ottos
591 1221 671 1304 und
688 1221 747 1295 des
760 1221 919 1320 Herzops
932 1219 1108 1318 Pondolf
1118 1221 1214 1294 wird
1231 1223 1280 1293 im
1294 1222 1566 1322 Kdnipspericltt
1583 1223 1663 1298 dem
1681 1224 1829 1298 Kloster

190 1341 285 1417 Casu
304 1367 418 1414 aurea
437 1342 489 1426 als
507 1341 650 1441 Klttper
664 1366 776 1439 qepun
798 1339 1012 1438 Opteramns
1032 1340 1107 1438 aas
1126 1339 1260 1415 Grnnd
1277 1343 1376 1415 einer
1387 1345 1613 1442 ,torpetque
1636 1343 1827 1442 Verleonfs-

181 1461 348 1535 nrhnnde
364 1462 444 1536 und
461 1461 582 1535 indens
601 1461 666 1534 der
684 1460 853 1559 Belelopte
871 1461 946 1559 onf
957 1461 1069 1558 jeden
1087 1461 1279 1557 Ansprueb
1299 1464 1510 1552 verzichtete,
1540 1466 1618 1537 eine
1636 1465 1829 1564 Besitznnp

180 1581 293 1656 drerole
319 1581 454 1656 Urttteil
478 1581 678 1657 eradicant
702 1581 782 1653 und
807 1595 912 1654 noter
938 1580 1150 1678 Verledtnop
1177 1581 1237 1654 des
1265 1582 1413 1655 Bonnes
1437 1583 1616 1681 pesicltert.

1250 1721 1295 1778 In
1318 1721 1446 1780 Marsi
1469 1726 1532 1782 970
1556 1721 1722 1794 September
1743 1756 1785 1765 -

131 1927 163 1974 10
284 1911 448 1972 Chronieoa
464 1911 662 1973 Casuariense
684 1930 740 1971 aas
763 1913 828 1970 dem
851 1912 938 1971 hirede
959 1911 1009 1970 des
1033 1911 1153 1972 1211(
1179 1908 1203 1981 f.
1224 1913 1297 1980 139,
1314 1912 1389 1983 jetet
1414 1908 1482 1970 Cod.
1507 1911 1558 1970 lut.
1583 1915 1665 1972 5411
1691 1913 1744 1970 der
1764 1913 1829 1972 No-

282 2016 531 2076 tionolbihltotltele
552 2033 593 2074 en
613 2015 704 2074 Poris
728 2013 740 2092 (
769 2012 791 2091 ).

283 2171 438 2229 Murotore'
460 2170 512 2231 SS.
536 2165 580 2240 2⁶,
604 2172 670 2230 962
691 2187 748 2229 aas
770 2170 807 2228 A.
830 2202 873 2213 -
897 2169 1027 2228 Btbmer
1047 2169 1120 2242 Res.
1144 2173 1217 2228 379.
1241 2203 1283 2212 -
1306 2168 1435 2242 Stampf
1453 2171 1525 2244 seo.
1550 2175 1621 2232 493.

286 2325 345 2398 Vol.
369 2323 516 2386 110398
538 2326 603 2384 and
625 2325 735 2384 Ficker
756 2325 828 2384 Ital.
852 2325 1063 2398 Forselrnnpea
1086 2329 1114 2396 1,
1138 2327 1211 2385 322.

386 2511 424 2576 In
448 2509 500 2575 dei
522 2513 663 2576 nomine.
751 2511 877 2576 Notitia
901 2511 1013 2596 scripti
1036 2510 1169 2575 iudicati
1194 2510 1333 2597 qualiter
1354 2513 1387 2576 in
1411 2513 1573 2576 territorio
1589 2511 1776 2577 Marsicauo
1796 2514 1830 2578 in

133 2632 164 2680 15
183 2635 299 2698 campo
318 2612 461 2679 Castiri⁵
484 2613 527 2679 ad
548 2616 655 2700 ipsam
677 2616 843 2680 civitatem
858 2613 1089 2697 Marsicanam,
1113 2613 1191 2680 dum
1213 2615 1247 2677 in
1269 2613 1391 2699 placito
1415 2614 1571 2679 resideret
1594 2615 1732 2681 domnus
1749 2612 1828 2680 Otto

182 2738 321 2802 magnus
344 2719 521 2803 imperator
544 2719 769 2783 serenissimus
792 2728 950 2803 augustus
974 2728 1006 2781 et
1028 2717 1209 2782 Pandulfus
1232 2716 1300 2781 dux
1324 2725 1356 2781 et
1379 2717 1523 2782 marchio
1547 2740 1605 2803 pro
1630 2717 1830 2802 singulorum

181 2820 350 2886 hominum
371 2821 495 2886 iustitia
516 2821 587 2886 fieri
608 2821 761 2886 facienda
783 2820 837 2886 vel
860 2819 1073 2886 deliberanda
1096 2821 1290 2901 intentione,
1320 2819 1430 2905 ibique
1453 2819 1670 2886 residentibus
1694 2807 1767 2886 cum
1790 2843 1829 2886 eo

183 2920 284 2987 Cesso
313 2923 384 2987 viro
412 2922 593 2988 venerabili
621 2926 776 3008 episcopo
807 2934 840 2989 et
868 2922 1028 2989 Walterio
1058 2924 1128 2988 viro
1157 2923 1336 2988 venerabili
1367 2925 1522 3010 episcopo
1554 2923 1593 2988 de
1621 2925 1772 2989 Furcone
1799 2931 1831 2988 et

182 3024 335 3091 Alberico
364 3030 433 3091 viro
461 3026 640 3092 venerabili
671 3029 827 3112 episcopo
857 3026 897 3091 de
927 3027 1029 3092 Marsi
1058 3035 1091 3091 et
1119 3026 1231 3090 Ezaca
1262 3027 1344 3092 duce
1373 3037 1406 3092 et
1433 3028 1622 3094 marchione
1652 3039 1685 3093 et
1712 3031 1831 3094 comite

131 3147 165 3194 ao
183 3128 297 3214 palatii
320 3139 352 3194 et
372 3130 470 3196 Petro
494 3132 613 3195 comita
636 3139 667 3195 et
690 3130 787 3195 Dado
811 3129 930 3194 comite
952 3138 984 3192 et
1007 3127 1149 3194 Beraldo
1172 3139 1205 3192 et
1226 3129 1388 3195 Rainaldo
1418 3139 1450 3194 et
1479 3129 1626 3195 Teodino
1657 3129 1831 3196 comitibus

182 3234 285 3318 ipsius
307 3234 499 3315 comitatus,
528 3233 639 3320 ibique
666 3233 884 3300 residentibus
908 3256 983 3299 oum
1006 3237 1053 3298 eis
1075 3235 1186 3319 Igiezo
1200 3242 1242 3297 'et
1264 3231 1411 3298 Iohanne
1434 3242 1467 3297 et
1488 3231 1687 3298 Ildebrando
1711 3242 1743 3298 et
1764 3232 1830 3297 An-

184 3339 289 3402 sarico
320 3337 463 3403 scabinis
493 3337 534 3402 do
564 3337 666 3402 Marsi
697 3345 729 3402 et
755 3336 855 3403 Wido
887 3337 1023 3403 scabino
1052 3337 1092 3402 do
1120 3335 1248 3402 Pinnel
1276 3347 1309 3402 ot
1336 3337 1508 3402 Mainardo
1538 3339 1657 3402 comite
1680 3348 1713 3401 et
1733 3337 1830 3422 Lupo

155 3441 157 3445 ’
183 3443 301 3504 comite
325 3440 365 3505 de
387 3442 498 3507 Firmo
521 3441 632 3528 ibique
655 3441 873 3506 residentibus
896 3440 1080 3526 Ingelramo
1103 3451 1136 3505 et
1157 3441 1298 3527 Iosepho
1312 3452 1332 3524 ⁰,
1358 3441 1563 3526 Odcmundo,
1591 3441 1776 3508 Giselbcrto
1800 3451 1832 3506 et

183 3543 334 3608 Rainerio
358 3555 390 3608 et
412 3544 636 3612 Teudaeramo
661 3554 693 3608 et
714 3543 848 3630 reliquis
873 3544 1018 3628 pluribus
1042 3545 1349 3610 circumastantibus
1372 3554 1404 3610 et
1426 3544 1654 3612 residentibus.
1692 3546 1731 3609 In
1753 3547 1830 3609 isto-

132 3669 165 3717 as
183 3670 255 3712 rum
278 3650 421 3712 omniurn
446 3651 741 3734 suprascriptorum
764 3649 928 3734 presentia
944 3649 1033 3712 venit
1048 3646 1156 3712 Adam
1171 3646 1301 3712 humilis
1318 3647 1422 3713 abbas
1439 3671 1481 3712 ex
1497 3651 1693 3713 monasterio
1718 3657 1831 3712 sancte

183 3751 352 3816 Trinitatis
381 3773 455 3816 cum
484 3750 575 3816 Aeno
605 3750 768 3817 advocato
799 3774 857 3816 suo
887 3761 920 3815 et
948 3749 1144 3835 querellatus
1173 3761 1225 3815 est
1253 3773 1351 3836 super
1374 3750 1552 3837 Opteramo
1575 3750 1642 3816 filio
1667 3751 1832 3838 quondam

183 3854 319 3938 Winisi,
350 3854 390 3920 de
413 3857 579 3938 Furcone,
612 3857 666 3941 qui
696 3854 829 3920 tenebat
857 3878 910 3920 res
940 3864 1052 3920 sancte
1076 3855 1244 3919 Trinitatis
1268 3875 1349 3939 quas
1377 3853 1522 3918 habebat
1547 3855 1581 3917 in
1603 3854 1770 3936 Furcone,
1801 3863 1833 3918 et

184 3957 377 4023 ostendebat
402 3980 500 4022 unam
530 3959 689 4024 cartulam
717 3958 914 4023 venditionis
943 3967 975 4022 et
1004 3979 1077 4021 earn
1106 3955 1212 4041 legere
1239 3958 1403 4040 fecerunt3
1437 3956 1626 4022 continebat
1653 3959 1686 4020 in
1716 3957 1832 4022 eadem

184 4060 327 4124 carbula:
362 4077 394 4124 In
416 4077 522 4125 nomine
545 4075 644 4125 domini
669 4076 710 4125 dei
734 4081 760 4126 et
782 4076 923 4126 salvatoris
946 4076 1029 4125 nostri
1052 4077 1115 4125 Iesu
1138 4075 1244 4125 Christi.
1283 4076 1394 4126 Constat
1417 4093 1458 4126 me
1481 4075 1571 4142 Saligo
1594 4077 1640 4141 qui
1663 4077 1716 4126 suit
1738 4076 1832 4126 castal-

133 4184 166 4232 30
185 4179 244 4228 tius
262 4180 294 4228 ee
310 4162 512 4229 Furoone....‘¹
534 4165 572 4229 In
595 4168 731 4229 istorum
755 4165 897 4228 omnium
920 4165 1085 4247 presentia
1108 4163 1191 4228 dixit
1206 4162 1314 4228 Adam
1337 4163 1441 4229 abbas
1465 4186 1539 4229 oum
1554 4163 1645 4228 Aeno
1670 4163 1832 4228 advocato

185 4289 243 4331 suo
269 4265 356 4352 quod
378 4266 517 4331 domnus
540 4265 706 4332 Lodoious
730 4268 957 4333 confirmasset
978 4269 1067 4352 ipsas
1092 4291 1143 4332 res
1167 4270 1376 4353 proprietatis
1400 4290 1482 4353 quas
1511 4268 1583 4352 ipsa
1606 4266 1733 4332 cartula
1756 4289 1831 4332 con-

184 4368 319 4450 tinebat,
343 4370 469 4454 inipso
493 4372 690 4434 monasterio
715 4380 827 4435 sancte
842 4371 1012 4435 Trinitatis
1031 4393 1088 4456 per
1107 4394 1200 4436 suum
1223 4381 1422 4457 preceptum.
1458 4371 1568 4435 Tum⁰
1591 4373 1832 4456 suprascriptus

185 4472 324 4537 domnus
341 4470 418 4538 Otto
443 4493 582 4556 magnus
605 4474 783 4558 imperator
805 4483 837 4538 et
854 4473 1033 4537 Pandolius
1059 4473 1127 4538 dux
1150 4483 1182 4537 et
1204 4472 1349 4538 marchio
1374 4483 1406 4536 et
1428 4472 1552 4537 iudices
1576 4483 1608 4539 et
1630 4473 1708 4538 boni
1730 4473 1832 4537 homi-

183 4599 253 4658 nes,
277 4576 353 4641 dnm
376 4577 484 4641 taliter
506 4574 675 4641 audissent
698 4577 803 4662 ipsam
826 4575 984 4641 cartulam
1007 4575 1123 4660 legere,
1148 4578 1432 4659 interrogaverunt
1454 4577 1712 4661 suprascriptum
1735 4574 1834 4661 Opte-

133 4699 166 4750 ao
184 4703 320 4764 ramum,
345 4681 434 4766 quod
456 4680 496 4744 de
519 4682 581 4744 ista
605 4679 732 4744 cartula
755 4690 787 4743 et
809 4679 849 4743 de
871 4682 934 4744 ista
952 4702 986 4743 re
1003 4679 1111 4745 dicere
1127 4689 1184 4743 aut
1199 4678 1396 4744 contendere
1411 4677 1520 4743 vellet.
1555 4678 1609 4743 Ad
1623 4678 1683 4743 hec
1699 4701 1833 4764 respon-

185 4784 283 4849 debat
300 4786 539 4870 suprascriptus
556 4783 755 4869 Opteramns
771 4792 803 4847 et
819 4781 920 4847 dixit:
945 4781 1041 4863 ‘Quia
1064 4781 1104 4846 de
1127 4784 1200 4868 ipsa
1222 4805 1256 4845 re
1280 4779 1366 4868 quer
1386 4782 1419 4845 in
1443 4783 1507 4846 ista
1529 4781 1655 4847 cartula
1678 4784 1833 4864 continet,

184 4910 251 4953 non
274 4887 435 4953 contendo
458 4911 519 4952 nec
542 4887 739 4952 contendere
763 4908 918 4972 umquam
940 4907 1085 4971 possum,
1116 4887 1192 4972 quia
1216 4885 1292 4949 mihi
1316 4907 1494 4969 numquam
1517 4887 1658 4970 pertinet
1680 4907 1739 4950 nec
1762 4907 1832 4971 per-

184 4993 279 5056 tinuit
300 5013 361 5055 neo
384 4993 543 5076 pertinere
566 4990 688 5056 debct⁸
710 5012 770 5054 nec
794 5012 852 5075 per
874 4987 1088 5053 hereditatem
1114 5009 1173 5053 nec
1203 5010 1262 5072 per
1291 4988 1449 5052 cartulam
1480 5009 1541 5052 nec
1570 5010 1628 5073 per
1656 4985 1757 5052 ullam
1786 4990 1833 5051 in·

185 5103 316 5158 ventam
337 5095 517 5160 rationem!
556 5094 663 5159 Tum⁰
686 5095 927 5178 suprascriptus
951 5091 1089 5156 domnus
1112 5093 1291 5177 imperator
1313 5092 1390 5157 dum
1413 5089 1522 5156 taliter
1544 5090 1688 5154 audisset
1710 5101 1742 5154 et
1764 5089 1833 5155 dux

134 5215 167 5262 40
185 5206 217 5263 et
233 5196 376 5260 marchio
394 5205 425 5260 et
439 5196 564 5261 iudices
583 5205 615 5260 et
634 5195 712 5261 boni
734 5195 882 5286 homines
906 5197 1162 5280 suprascriptum
1178 5193 1393 5280 Opteramum
1415 5196 1654 5260 renuntiantem
1677 5202 1708 5256 et
1730 5195 1832 5258 mani-

185 5302 367 5381 festantem,
398 5308 522 5364 rectum
546 5322 658 5364 eorum
681 5301 789 5384 paruit
811 5321 883 5363 esse
906 5308 939 5362 et
960 5300 1008 5362 ita
1029 5298 1264 5382 iudicaverunt,
1294 5309 1331 5363 ut
1353 5320 1430 5382 pars
1453 5300 1519 5362 iam
1542 5298 1620 5362 dicti
1644 5298 1832 5362 monasterii

271 5486 329 5540 310.
356 5485 453 5554 [Foltz]
557 5490 583 5553 a)
602 5487 634 5549 A,
653 5487 727 5538 Casti
750 5486 811 5538 DO.
830 5489 888 5537 398
991 5487 1019 5550 b)
1039 5486 1148 5537 Pinfirl
1253 5487 1278 5552 c)
1298 5485 1472 5553 IosephpoA
1576 5487 1603 5549 d)
1622 5485 1773 5536 iudem'mit
1792 5502 1833 5536 re·

356 5560 430 5622 quire
448 5572 534 5622 ¹snpra
560 5555 613 5620 aas
633 5558 689 5606 eiua
715 5555 920 5621 ooroaryebeuda
943 5555 1075 5618 Aaronem
1101 5557 1237 5606 mesen
1262 5555 1344 5618 wird,
1372 5557 1445 5606 maer
1468 5553 1515 5604 der
1535 5553 1624 5620 capue
1642 5554 1699 5604 bier
1715 5571 1766 5604 nur
1783 5554 1835 5605 den

133 5695 167 5743 45
356 5625 551 5760 3332th
577 5627 605 5674 ia
632 5624 762 5676 atomon·
788 5625 805 5676 l.
829 5643 849 5675 e.
877 5622 916 5687 2⁶,
943 5628 1000 5674 940
1024 5623 1181 5689 pednsekten
1204 5624 1326 5675 Urkunde
1438 5624 1463 5690 a)
1487 5631 1517 5673 tu
1540 5623 1563 5674 A
1676 5623 1697 5690 f)
1721 5625 1785 5689 quia
1808 5622 1832 5673 A
