4560 6420
924 426 1050 484 ΟΤΤΟ
1072 427 1096 482 Ι.
1122 421 1195 482 950.
1822 419 1885 485 201

235 637 319 688 usque
334 623 404 673 viam
427 641 479 689 que
499 624 596 674 dicitur
611 618 873 685 Mausuuariscuml,
896 623 958 674 inde
981 640 1027 689 per
1049 626 1134 689 ipsam
1156 625 1227 674 viam
1250 625 1391 690 usquead
1414 623 1527 675 eundem
1548 623 1654 674 Siccum
1676 639 1814 689 campum:
1835 626 1886 676 hec

235 728 325 776 omnia
346 743 393 792 per
415 728 474 777 loca
496 727 665 794 denominata
688 733 767 792 atque
790 728 965 777 determinata
988 743 1004 777 a
1025 727 1144 792 predicto
1167 744 1229 793 rege
1252 743 1302 778 nec
1323 743 1377 777 non
1400 732 1426 777 et
1448 742 1465 776 a
1486 728 1684 777 successoribus
1703 728 1760 778 eius
1777 727 1811 778 ad
1827 743 1885 792 pre·

235 829 320 879 dictas
343 831 453 880 cellulas
476 847 567 881 eorum
589 830 730 897 relegendo
753 832 938 896 preceptiones
961 847 1116 881 concessmu
1143 836 1222 896 atque
1250 829 1434 881 confirmatum
1462 832 1621 881 invenimus.
1659 830 1712 882 Sed
1734 847 1782 896 pro
1805 831 1885 880 firmi-

234 935 296 983 tatis
319 934 407 983 studio
429 936 506 999 petiit
528 935 663 998 predictus
686 935 757 984 abba
779 941 806 984 et
828 936 886 983 eius
909 935 1095 999 congregatio,
1128 939 1159 984 ut
1180 951 1230 984 nos
1253 934 1340 986 denuo
1363 951 1410 1000 per
1431 941 1551 986 nostrum
1578 941 1731 1001 preceptum
1760 936 1884 986 forestem

200 1036 379 1102 ipredictam
407 1054 454 1102 per
481 1038 541 1087 loca
566 1039 688 1102 superius
711 1037 881 1088 denominata
906 1043 986 1102 atque
1008 1037 1142 1102 descripta
1164 1038 1262 1089 eisdem
1284 1045 1376 1090 nostra
1398 1041 1555 1090 auctoritate
1578 1040 1783 1091 concederemus
1805 1046 1886 1105 atque

233 1141 448 1191 confirmaremus
477 1143 657 1204 monasteriis,
690 1158 803 1207 quorum
831 1141 1011 1207 peticionibus
1040 1141 1154 1192 libenter
1182 1143 1324 1192 annuimus
1352 1150 1393 1206 et,
1427 1150 1457 1193 ut
1486 1144 1620 1209 deprecati
1648 1149 1723 1206 sunt,
1758 1160 1806 1208 per
1834 1144 1885 1193 hoc

232 1251 351 1294 nostrum
379 1252 532 1310 preceptum
561 1240 806 1296 confirmavimus.¹
843 1245 1023 1310 Precipientes
1053 1262 1115 1311 ergo
1143 1247 1267 1295 iubemus
1293 1251 1323 1296 ut
1345 1247 1435 1297 nullus
1457 1246 1576 1298 fidelium
1598 1253 1749 1298 nostrorum
1772 1248 1804 1297 de
1826 1263 1884 1313 pre-

232 1347 304 1397 dicta
325 1349 436 1411 foreste,
459 1351 529 1399 sicut
551 1351 674 1414 superius
696 1350 829 1415 descripta
851 1351 1010 1412 dinoscitur,
1032 1350 1134 1400 nullam
1156 1348 1368 1414 inquietudinem
1391 1354 1438 1398 aut
1459 1350 1656 1400 infestationem
1678 1356 1725 1399 aut
1743 1351 1884 1400 contrarie-

232 1457 313 1502 tatem
340 1454 461 1517 partibus
490 1453 618 1519 predictis
645 1448 835 1504 monasteriis⁸
865 1456 974 1520 suisque
1003 1454 1152 1503 rectoribus
1179 1454 1267 1503 facere
1289 1451 1345 1502 ullo
1368 1467 1485 1518 unquam
1511 1459 1630 1518 tempore
1659 1461 1808 1518 presumat,
1838 1454 1884 1504 sed

182 1554 214 1602 10
232 1555 313 1606 liceat
335 1557 472 1606 monachis
493 1558 523 1606 in
545 1557 644 1607 eisdem
667 1556 770 1607 cellulis
794 1557 843 1607 deo
865 1557 1058 1607 famulantibus
1086 1557 1121 1606 ad
1148 1558 1270 1621 proprias
1298 1555 1461 1620 supplendas
1489 1542 1682 1608 necessitatest
1710 1560 1795 1622 ipsam
1824 1574 1884 1606 cum

233 1662 303 1709 omni
332 1663 484 1726 integritate
514 1662 651 1726 perpetuis
676 1662 841 1726 temporibus
864 1663 962 1713 habere
984 1662 1085 1726 absque
1108 1661 1223 1711 alicuius
1245 1661 1416 1710 infestatione
1438 1665 1486 1710 aut
1508 1660 1681 1711 resultatione
1704 1665 1751 1710 aut
1773 1661 1883 1710 dimino-

232 1766 343 1814 ratione,
387 1765 529 1829 Deprecati
558 1771 620 1815 sunt
648 1766 728 1815 etiam
756 1781 804 1815 uos
832 1764 865 1814 de
893 1765 1003 1816 decimis
1026 1771 1052 1815 et
1074 1763 1184 1829 capellis
1206 1765 1240 1814 ab
1264 1765 1477 1815 antecessoribus
1500 1765 1598 1814 noetus
1621 1765 1671 1813 sibi
1695 1766 1828 1815 concessis
1852 1781 1884 1814 ex

232 1867 391 1932 quibusdam
413 1867 484 1918 fiscis
506 1871 618 1931 nostris,
641 1868 727 1919 idest
749 1869 781 1919 de
803 1870 903 1932 Duira,
927 1869 1080 1932 Clodonna,
1102 1861 1234 1929 sarmul,
1257 1867 1394 1929 sinciaco,
1417 1867 1600 1929 Andemaico,
1622 1862 1790 1930 Bodobrio',
1812 1868 1884 1918 Vua·

232 1973 308 2021 sitico
331 1977 358 2020 et
379 1972 546 2034 Auinianno,
570 1972 700 2022 Astanido
712 1967 739 2036 ',
762 1972 795 2023 de
817 1973 946 2023 'l'umbias
967 1989 1045 2034 vero,
1068 1971 1198 2022 Glaniaco
1210 1965 1231 2034 ¹,
1254 1971 1390 2036 Carango,
1413 1971 1502 2021 Tectis
1520 1977 1548 2021 et
1561 1971 1657 2020 Viuria
1676 1972 1785 2036 capellis
1804 1973 1883 2022 simul

181 2083 213 2129 15
231 2091 292 2125 cum
320 2075 442 2138 decimis,
474 2081 505 2126 ut
532 2092 580 2141 pro
608 2077 741 2126 firmitatis
770 2077 859 2127 studio
889 2081 916 2126 et
943 2078 1031 2125 anime
1060 2081 1149 2126 nostre
1172 2074 1350 2125 emolumento
1374 2075 1472 2124 donum
1494 2075 1710 2140 predecessorum
1733 2082 1884 2126 nostrorum

231 2185 322 2230 nostra
351 2179 565 2230 confirmaremus
594 2181 768 2244 auctoritate;
802 2183 964 2245 quapropter
993 2181 1064 2229 sicut
1091 2181 1226 2244 petierunt
1256 2181 1435 2229 concessimus
1457 2185 1484 2228 et
1510 2178 1676 2229 decernimus
1699 2195 1730 2230 ac
1752 2181 1883 2242 iubemus,

231 2288 261 2332 ut
289 2298 365 2333 nemo
394 2283 513 2333 fidelium
543 2290 693 2334 nostrerum
723 2283 755 2333 de
784 2283 892 2334 decimis
921 2287 948 2333 et
978 2281 1088 2347 capellis
1116 2287 1259 2331 memorate
1290 2283 1490 2347 congregationi
1518 2282 1620 2347 aliquid
1649 2282 1809 2333 contendere
1837 2289 1885 2332 aut

231 2387 383 2438 abstrahere
401 2387 444 2438 vel
459 2389 577 2437 minuere
592 2392 730 2452 presumat
751 2402 800 2437 nec
822 2386 906 2436 ullam
928 2387 1142 2435 contrarietatem
1164 2390 1211 2435 aut
1233 2387 1408 2436 intentionem
1431 2388 1469 2436 eis
1492 2387 1588 2436 inferre
1611 2392 1729 2452 temptet,
1752 2387 1799 2438 sed
1814 2389 1884 2437 sicut

231 2477 264 2539 ab
287 2491 501 2540 antecessoribus
523 2496 550 2540 et
570 2504 589 2539 a
609 2490 687 2544 nobis
709 2489 742 2540 de
764 2495 910 2540 memorata
931 2488 1028 2539 foreste
1051 2493 1078 2538 et
1100 2487 1132 2540 de
1154 2490 1208 2538 iam
1231 2489 1309 2538 dictis
1333 2490 1442 2540 decimis
1464 2491 1508 2540 vel
1530 2490 1640 2555 capellis
1663 2497 1767 2541 constat
1789 2491 1882 2541 coufir-

179 2597 212 2645 20
230 2599 344 2656 matum,
367 2596 405 2643 ita
427 2594 534 2644 domino
556 2598 712 2659 protegente
734 2608 781 2658 per
802 2593 871 2643 banc
893 2596 1010 2643 nostram
1032 2592 1217 2642 auctoritatem
1240 2595 1337 2642 nostris
1360 2597 1387 2643 et
1408 2594 1506 2643 futuris
1528 2594 1693 2658 temporibus
1715 2599 1822 2644 maneat
1843 2595 1882 2643 in-

231 2696 396 2746 convulsum.
440 2681 485 2745 Et
506 2701 536 2746 ut
564 2695 614 2746 hec
635 2711 698 2746 vero
728 2695 872 2745 auctoritas
901 2696 1080 2761 preceptionis
1109 2701 1199 2744 nostre
1227 2711 1274 2761 per
1302 2695 1430 2746 diuturna
1457 2703 1578 2761 tempora
1605 2697 1694 2747 valeat
1723 2697 1883 2746 inconvulsa

230 2815 350 2863 manere,
372 2815 453 2850 manu
475 2801 583 2866 propria
606 2800 812 2864 subscripsimus
835 2805 861 2850 et
883 2799 957 2850 anuli
979 2801 1063 2874 nostri
1085 2799 1258 2864 impressione
1280 2785 1428 2868 insigniri
1450 2802 1585 2850 iussimus.

335 2921 471 3007 Signum
493 2921 603 2987 domni
627 2921 759 2988 Ottonis
783 2923 848 3003 (M.)
872 2922 1078 2987 invictissimi
1101 2922 1197 3005 regis.

332 3063 422 3126 Data
444 3062 512 3127 kal.
535 3061 616 3126 febr.
639 3084 726 3127 anno
751 3061 872 3127 domini
896 3077 1045 3144 Dccccn,
1068 3059 1247 3126 indictione
1270 3077 1336 3144 vn,
1362 3070 1520 3145 regnante
1543 3062 1598 3144 pio
1620 3081 1696 3144 rege
1720 3059 1881 3142 Ottone53

179 3181 213 3228 25
231 3175 340 3230 actum
362 3165 603 3248 Basenvillare3
630 3167 664 3230 in
687 3166 820 3230 domino
843 3164 981 3230 feliciter
1002 3186 1107 3230 amen.

1016 3406 1101 3479 119.

239 3563 320 3640 Otto
346 3563 487 3639 selteulet
513 3563 593 3637 dem
617 3563 764 3638 Kloster
790 3559 828 3640 S.
856 3560 986 3638 Galles
1019 3562 1078 3636 die
1112 3562 1210 3661 Ho'fe
1246 3559 1526 3659 Schweuiupeu,
1562 3559 1778 3661 Obeundorf
1804 3564 1884 3637 eud

238 3683 392 3758 Weiern.
1421 3722 1537 3780 worms
1560 3724 1623 3781 950
1645 3721 1785 3781 secem
1808 3727 1837 3784 7.

334 3910 582 3985 emissemus
604 3911 647 3968 em
670 3909 863 3979 staterem
884 3885 926 3967 Aa
948 3908 978 3968 s.
1001 3908 1108 3969 oues
1131 3907 1193 3988 (A).

178 4072 212 4120 30
333 4047 401 4105 Cod.
425 4048 503 4106 trad.
529 4047 559 4107 S,
580 4047 662 4106 Gelli
683 4050 748 4107 447
769 4053 803 4104 rs⁰
826 4051 886 4108 771
913 4044 967 4124 (a).
995 4081 1037 4090 -
1066 4049 1204 4120 Herrqott
1231 4046 1350 4106 semol.
1373 4051 1404 4116 2,
1430 4051 1469 4107 74
1492 4053 1527 4106 n⁰
1549 4051 1613 4107 127
1635 4066 1692 4106 eus
1714 4047 1744 4106 A
1766 4047 1813 4127 (b).
1839 4083 1881 4093 -

329 4152 464 4224 Neuport
489 4148 550 4211 OD.
575 4149 669 4208 Aleos.
694 4156 730 4221 1,
754 4153 816 4210 595
839 4155 874 4207 n⁰
897 4153 961 4209 732
988 4153 1074 4210 Eris.
1105 4168 1161 4209 aus
1192 4153 1237 4208 ab.
1269 4183 1310 4194 -
1342 4151 1491 4210 Wirtemb.
1521 4151 1584 4210 ΠΒ.
1610 4157 1645 4222 1,
1668 4155 1732 4211 210
1761 4159 1795 4210 u⁰
1818 4157 1878 4213 181

331 4272 387 4312 aus
402 4254 440 4312 A.
464 4288 507 4297 —
529 4255 708 4314 wantiam
722 4254 753 4314 S.
774 4254 851 4314 Gall.
875 4254 939 4314 UB.
955 4259 986 4324 3,
1004 4259 1047 4313 17
1060 4260 1094 4311 πθ
1111 4258 1174 4314 798
1189 4271 1246 4313 eus
1262 4255 1298 4312 Α.
1316 4289 1358 4297 —-
1376 4256 1506 4314 Bdlrmer
1518 4256 1591 4328 Rey.
1609 4261 1681 4316 152.
1698 4291 1741 4300 -
1757 4257 1885 4332 Stumpf

328 4357 401 4430 Rey.
425 4360 498 4417 155.
521 4390 565 4402 -
586 4358 702 4416 Hidber
722 4358 794 4432 aeq.
819 4362 914 4428 1029,
938 4358 996 4415 alle
1016 4376 1058 4417 su
1080 4361 1151 4417 948.

333 4495 465 4566 Verfasst
488 4495 552 4554 und
570 4496 755 4568 peschi-feben
775 4513 831 4554 eon
846 4495 913 4555 BA.
947 4495 1007 4554 Die
1029 4496 1093 4553 (1νοὶ
1114 4496 1178 4552 tier
1197 4499 1366 4568 pensantes
1381 4495 1462 4565 Hbfe
1486 4494 1571 4572 (tiber
1589 4496 1706 4554 Weiern
1721 4498 1766 4555 bei
1782 4498 1885 4569 Adorf

331 4601 373 4657 im
395 4599 434 4657 K.
462 4600 608 4672 Thurpau
628 4617 651 4657 s.
675 4599 779 4672 Meyer
800 4617 856 4657 von
878 4599 1011 4657 Kreones
1033 4600 1066 4656 iss
1088 4599 1189 4655 Mittis.
1214 4598 1270 4668 fiir
1290 4599 1391 4657 veterl.
1415 4599 1582 4659 Geselrielrte
1604 4605 1656 4669 13,
1681 4599 1756 4678 125)
1782 4619 1880 4659 recres

328 4703 411 4760 aebst
434 4700 487 4759 der
500 4702 588 4761 Abtei
605 4701 731 4771 Pfo'ters
755 4701 820 4760 dem
836 4703 959 4761 Kloster
981 4702 1010 4762 S.
1031 4702 1139 4761 Galles
1161 4703 1265 4761 bereits
1287 4721 1343 4762 voss
1366 4702 1504 4761 Salomon
1524 4705 1676 4776 pesclwulrt
1700 4705 1765 4762 uad
1787 4704 1881 4763 durch

329 4805 435 4864 Dus
460 4806 597 4879 lestdtipt
619 4804 746 4864 worden.
785 4807 889 4864 Indem
908 4808 974 4866 Otto
989 4809 1065 4880 jetst
1080 4807 1207 4877 Pfdvers
1230 4807 1278 4865 die
1301 4806 1547 4880 Selbstdndipkeit
1571 4809 1678 4867 wieder
1699 4809 1881 4867 suertouute

332 4907 411 4985 (Do.
435 4907 522 4986 120),
553 4911 674 4968 sieleerte
697 4927 729 4966 cr
751 4908 780 4968 S.
804 4910 910 4968 Galles
932 4912 1080 4970 eineder
1102 4912 1245 4982 freherus
1266 4912 1441 4984 Verleihmtp
1464 4913 1528 4969 und
1549 4913 1748 4986 Bestcitipunp
1770 4932 1810 4972 ru
1830 4931 1879 4986 pe-

329 5011 441 5070 dcnkess
464 5012 520 5070 den
542 5012 646 5070 Besits
667 5015 756 5085 jener
779 5013 845 5071 (1νοὶ
868 5013 957 5086 Hose.
1003 5016 1062 5073 Bel
1084 5016 1179 5074 dieser
1204 5016 1388 5089 Gelepenlreit
1411 5015 1487 5074 wird
1508 5016 1561 5075 der
1583 5018 1641 5075 Abi
1664 5017 1719 5076 dos
1745 5017 1881 5091 Omyirml

330 5134 385 5174 eun
411 5117 481 5176 DK.
506 5121 525 5176 5
556 5118 763 5188 ausculicfem
787 5120 937 5192 qendtlipt
964 5119 1082 5177 werden
1111 5122 1176 5178 scia
1205 5121 1269 5180 used
1300 5120 1376 5178 wire
1405 5119 1522 5179 deshelb
1552 5121 1600 5179 die
1622 5121 1713 5180 dlfere
1735 5123 1787 5180 der
1808 5124 1881 5180 necle

330 5219 535 5278 verbundescss
562 5219 672 5294 Copten
701 5221 878 5295 anpefertipt
905 5222 1008 5280 haben.
1037 5255 1080 5266 -
1109 5223 1168 5281 Die
1197 5225 1386 5298 Einreibuup
1414 5241 1470 5282 ven
1499 5224 1567 5283 Do.
1593 5228 1655 5284 119
1683 5243 1723 5282 eu
1747 5227 1809 5284 950
1842 5229 1880 5284 ist

329 5323 418 5381 seleon
439 5325 473 5381 in
495 5323 590 5383 Sickel
612 5325 773 5384 &ferociter
793 5325 827 5383 K
831 5325 864 5385 U.
889 5328 930 5384 76
949 5325 1168 5399 perechtfertipt
1191 5327 1324 5398 worden,
1359 5345 1391 5387 so
1413 5328 1483 5386 dass
1505 5346 1566 5386 eur
1586 5329 1660 5385 neele
1688 5329 1802 5399 betreffs
1829 5330 1880 5386 der

316 5488 371 5543 118.
398 5493 653 5558 plumarimum
674 5491 699 5544 θ
801 5497 824 5556 ι)
843 5494 1028 5546 confirmamus
1045 5492 1073 5543 Ε
1174 5498 1197 5557 s)
1215 5513 1244 5546 so
1262 5495 1314 5546 atla
1330 5515 1365 5540 =
1381 5495 1436 5548 VU.
1543 5499 1563 5559 t)
1582 5496 1632 5546 sub
1655 5498 1825 5547 necessitates
1846 5493 1879 5556 (l,

397 5577 448 5627 sup
465 5563 636 5612 necessitates
651 5559 732 5624 ODE,
751 5564 793 5613 sui
810 5565 981 5614 necessitates
1003 5562 1136 5614 Oen-estur
1153 5565 1182 5612 s'rs
1202 5563 1229 5626 0,
1248 5564 1373 5616 mmdirt
1390 5563 1458 5615 noch
1475 5564 1529 5615 VU.
1634 5565 1664 5626 ιι)
1682 5565 1781 5615 Barnia
1798 5563 1880 5616 Dae

397 5633 429 5748 b),
444 5629 579 5749 mppria
591 5629 621 5680 D
723 5631 757 5692 w)
775 5631 839 5695 VU,
857 5634 985 5684 Astanino
1001 5630 1085 5694 0120,
1103 5633 1232 5684 Astaunio
1244 5633 1272 5684 Ε
1374 5637 1401 5696 x)
1420 5634 1538 5685 Laniaco
1556 5633 1584 5684 Ε
1684 5637 1711 5698 y)
1731 5633 1799 5684 Zabi
1810 5632 1881 5698 ,saliit

283 5805 469 5850 mmmmm
483 5808 500 5850 ι.
1616 5806 1656 5864 26
