4530 6434
890 428 1013 488 ΟΤΤΟ
1036 432 1061 488 Ι.
1084 427 1155 486 967.
1780 420 1844 486 477

301 615 451 691 subluceat,
486 618 539 675 rote
566 617 609 675 sic
636 615 701 673 dem
728 633 790 674 aar
816 633 858 675 aa
887 615 1080 676 metiendos
1109 615 1200 677 Simas
1225 617 1303 675 naue
1330 617 1465 676 mmmm
1492 584 1558 676 sard
1584 617 1650 676 dem
1679 615 1847 689 dammae

303 720 577 794 Sproctqebroucte
599 719 795 792 assererem.

403 923 442 988 In
464 925 596 989 nomine
619 935 731 989 sancte
755 932 788 987 et
809 923 976 989 individue
998 925 1161 988 trinitatis.
1207 922 1285 988 Otto
1310 922 1420 988 divina
1443 924 1572 988 favente
1595 922 1767 990 clementia
1788 927 1846 989 im-

199 1038 331 1115 perator
357 1036 525 1111 augustus.
625 1027 779 1093 Omnium
809 1037 920 1091 sancte
950 1028 1002 1092 dei
1030 1026 1166 1092 ecclesie
1195 1026 1340 1090 fidelium
1370 1049 1409 1090 ac
1437 1035 1623 1092 nostrorum
1648 1030 1846 1113 presentium

165 1131 325 1198 bacilicet
351 1153 389 1196 ac
419 1131 602 1196 futurorum
630 1131 757 1196 noverit
785 1130 946 1195 industria
974 1130 1128 1217 qualiter,
1161 1130 1384 1195 resedentibus
1406 1130 1579 1196 nobiscum
1607 1131 1847 1198 venerabilibus

199 1234 348 1301 Radaldo
378 1233 593 1322 Aquileensi⁸
620 1235 822 1320 patriarcha,
855 1233 951 1299 Petro
982 1235 1166 1299 Ravennati
1196 1233 1462 1319 archiepiscopo,
1496 1234 1671 1300 Diederico
1698 1235 1847 1321 Meteusi,

199 1337 398 1403 Landvardo
421 1336 587 1402 Mindensi
610 1339 773 1423 episcopis
797 1349 829 1402 et
852 1338 891 1402 de
915 1347 1002 1402 statu
1024 1337 1161 1402 ecclesie
1183 1337 1421 1419 tractantibus,
1449 1339 1594 1402 maxima
1616 1341 1722 1406 tocius
1745 1339 1848 1404 clarit

199 1440 398 1505 Ravennatis
429 1439 568 1506 ecclesie
596 1449 629 1504 et
655 1442 799 1505 maxime
828 1440 1062 1506 monachorum
1093 1463 1135 1505 ex
1164 1442 1363 1506 monasterio
1392 1440 1481 1506 beati
1509 1442 1619 1507 Severi
1649 1444 1847 1509 confessoris

199 1543 413 1630 proclamatio
443 1552 559 1630 questa
588 1553 653 1627 est,
688 1545 913 1628 possessiones
943 1542 1080 1608 ecclesie
1109 1545 1155 1607 ita
1181 1567 1201 1607 a
1230 1544 1323 1608 laicis
1350 1546 1516 1628 invasas⁰‚
1549 1554 1585 1609 ut
1609 1544 1650 1609 ob
1673 1546 1793 1610 famem
1816 1558 1848 1612 et

150 1663 182 1709 10
199 1649 378 1714 nuditatem
400 1647 512 1732 regula
535 1649 715 1731 constringi
738 1649 870 1713 minime
892 1647 1053 1729 valerent,
1078 1645 1215 1711 ecclesie
1238 1656 1325 1712 tecta
1348 1646 1516 1730 caderent,
1546 1649 1687 1733 parietes
1711 1651 1846 1735 precipi·

199 1753 286 1815 cium
307 1752 521 1831 imminerent,
545 1750 692 1816 turbines
715 1760 748 1815 et
769 1750 870 1815 nimbi
895 1749 1012 1815 altaria
1034 1759 1067 1814 et
1089 1747 1268 1835 quicquidl
1291 1750 1334 1816 ad
1355 1759 1489 1814 ornatus
1503 1750 1609 1815 fuerat
1625 1751 1743 1816 cotidie
1757 1752 1847 1816 feda-

199 1864 286 1936 rent3
310 1865 406 1919 mos⁸
428 1856 513 1918 enim
536 1863 594 1936 est,
619 1855 712 1940 quasi
736 1854 796 1918 hec
819 1854 865 1916 ita
888 1875 1017 1918 omnem
1039 1851 1212 1916 ecclesiam
1231 1853 1471 1938 possessionem
1487 1853 1678 1936 nudaverat,
1700 1865 1737 1920 ut
1755 1859 1847 1941 pravi

200 1966 232 2022 et
254 1957 364 2042 cupidi
387 1956 524 2022 abbates
547 1966 579 2022 et
601 1967 755 2041 rectores,
778 1953 865 2022 uude
888 1953 1072 2020 annualiter
1093 1956 1232 2038 vinginti
1255 1953 1411 2020 librarum
1434 1957 1580 2039 precium
1602 1958 1636 2021 in
1656 1956 1847 2044 obsequium

198 2061 334 2125 fratrum
357 2059 477 2126 babere
500 2069 644 2145 possent,
669 2083 728 2145 per
749 2059 878 2126 libellos
901 2058 1083 2144 ceterisque
1102 2049 1330 2142 inscriptiones
1346 2059 1389 2122 ad
1406 2058 1580 2124 solvendos
1596 2059 1709 2128 decem
1725 2061 1847 2127 solidos

150 2177 181 2224 ro
200 2163 395 2228 censualiter
416 2161 509 2228 laicis
532 2163 708 2245 traderent,
731 2173 768 2228 ut
790 2173 847 2230 aut
870 2186 912 2228 ex
935 2183 1102 2246 nunquam
1124 2160 1168 2224 ad
1190 2159 1362 2226 ecclesiam
1386 2162 1624 2246 imperpetuum
1647 2164 1849 2231 deveniret.⁰

201 2267 348 2348 Quorum
369 2269 544 2353 petitiones
569 2275 605 2331 ut
628 2267 764 2351 dignum
787 2277 837 2333 est
860 2266 1030 2331 audientes
1053 2286 1112 2349 pro
1137 2265 1189 2328 dei
1213 2285 1324 2330 amore
1347 2273 1499 2351 statuque
1528 2268 1654 2352 imperii
1683 2271 1787 2333 nostri
1814 2269 1848 2333 in
1887 2261 1889 2265 ’

201 2393 265 2458 qua
293 2371 344 2436 fas
371 2371 493 2452 fuerat,
529 2394 572 2436 ex
600 2373 745 2435 maxima
776 2366 893 2456 palrte]
923 2367 1061 2454 predicti
1089 2366 1179 2432 beati
1209 2366 1319 2432 Severi
1344 2369 1542 2434 monasterio
1567 2374 1793 2454 possessiones
1817 2382 1849 2437 et

202 2471 418 2559 scriptiones‘
439 2472 651 2538 reddidimus.
685 2473 735 2537 Ne
756 2495 833 2557 ergo
857 2471 1003 2537 laborem
1027 2480 1176 2536 nostrum
1198 2471 1230 2534 in
1253 2480 1420 2555 posterum
1444 2472 1559 2538 similis
1580 2483 1679 2538 mosg
1701 2485 1848 2555 evacuet,

200 2576 264 2642 illis
288 2576 497 2642 concedimus
520 2585 668 2641 nostram
690 2576 911 2642 domnicatam
934 2572 1074 2640 insulam
1098 2575 1194 2638 exinc
1216 2597 1319 2662 usque
1343 2575 1386 2640 ad
1408 2596 1507 2658 mare,
1532 2599 1553 2641 a
1570 2575 1740 2642 Padareno
1759 2577 1849 2644 vide·

150 2687 183 2735 20
201 2679 278 2744 licet
299 2679 431 2744 flumine
453 2701 556 2765 usque
579 2679 622 2744 ad
645 2678 807 2745 Gaudiani
830 2689 969 2764 portum,
992 2687 1029 2742 ut
1051 2686 1184 2742 utentur
1206 2700 1245 2742 ea
1270 2679 1449 2763 piscatione
1471 2689 1503 2743 et
1526 2683 1667 2764 pascuis.
1713 2681 1756 2746 Et
1779 2705 1848 2767 pre·

201 2783 358 2867 cipientes
382 2783 578 2867 precipimus
602 2803 642 2846 ac
666 2804 726 2867 per
745 2782 808 2847 hoc
832 2780 970 2847 nostreh
999 2781 1204 2845 auctoritatis
1237 2793 1428 2868 preceptum
1456 2785 1586 2848 omnino
1616 2783 1781 2868 iubemus,
1813 2796 1849 2851 ut

200 2887 308 2953 nullus
336 2909 396 2952 rex
423 2885 532 2952 nullus
562 2887 827 2973 archiepiscopus
858 2885 1030 2972 <milleque
1054 2873 1214 2970 eeclesia>
1240 2884 1348 2950 nullus
1371 2888 1548 2972 episeopus
1570 2884 1678 2951 nullus
1701 2887 1847 2952 marchio

200 2989 308 3056 nullus
331 3013 441 3056 comes
463 3013 568 3076 neque
590 2993 774 3055 vicecomes
802 2988 956 3075 nullaque
984 2990 1090 3052 maior
1111 2987 1165 3053 vel
1188 2989 1293 3052 minor
1316 3010 1459 3073 persona
1482 2988 1589 3053 nullus
1612 2988 1758 3056 eiusdem
1781 3012 1848 3055 mo·

201 3097 336 3160 nasterii
367 3094 471 3160 abbas
500 3105 557 3160 aut
585 3094 765 3160 monachus
792 3093 985 3159 facultatem
1014 3090 1136 3155 habeat
1164 3113 1217 3156 res
1244 3089 1382 3156 ecclesie
1414 3091 1608 3157 distribuere
1639 3115 1698 3178 per
1719 3092 1848 3158 libellos

151 3209 183 3256 25
203 3220 261 3263 scu
284 3220 341 3282 per
362 3197 472 3283 aliqua
494 3199 672 3262 munimina
695 3205 751 3260 aut
779 3218 839 3282 per
865 3193 1050 3262 infiteosini
1078 3192 1176 3259 alicui
1204 3193 1398 3277 inscribere,
1432 3196 1495 3259 nisi
1522 3194 1764 3261 laboratoribus
1794 3199 1849 3282 qui

201 3304 342 3387 propriis
369 3302 522 3368 manibus
551 3311 671 3367 terram
698 3301 886 3386 laborant¹‚
920 3324 961 3368 ne
991 3302 1076 3365 sicut
1106 3309 1240 3366 actenus
1269 3299 1421 3364 monachi
1449 3300 1530 3366 inibi
1564 3301 1761 3367 famulantes
1790 3301 1849 3367 ea¹

202 3407 376 3472 occasione
405 3404 447 3470 ob
474 3406 620 3491 inopiam
647 3404 839 3488 regulariter
867 3421 901 3470 ee
929 3426 996 3469 non
1024 3427 1123 3490 posse
1150 3406 1259 3469 vivere
1288 3403 1409 3468 dicant.
1455 3403 1489 3468 Si
1520 3405 1592 3490 quis
1622 3413 1731 3468 autem
1753 3403 1849 3468 huius

201 3511 305 3574 nostri
327 3511 474 3594 precepti
497 3519 642 3574 tenorem
665 3509 815 3594 frangere
837 3508 892 3574 vel
912 3508 1039 3574 violare
1060 3509 1288 3593 temptaverit,
1324 3509 1407 3570 sciat
1436 3528 1470 3570 se
1499 3507 1756 3591 compositurum
1778 3510 1848 3573 auri

202 3612 315 3694 optimi
337 3610 438 3675 libras
462 3619 607 3692 centum,
631 3610 839 3675 medietatem
861 3623 1023 3676 camere¹¹¹
1044 3622 1158 3679 nostre
1181 3619 1214 3675 et
1236 3610 1445 3676 medietatem
1467 3610 1614 3694 predicto
1638 3612 1847 3675 monasterio.

149 3721 183 3769 30
202 3712 300 3793 Quod
321 3721 357 3776 ut
378 3714 487 3777 verius
510 3712 663 3778 credatur
685 3713 937 3800 diligentiusque
958 3715 993 3778 in
1015 3724 1235 3800 perpetuum¹¹
1264 3713 1455 3778 observetur
1483 3711 1525 3777 ab
1550 3713 1716 3796 omnibus,
1751 3736 1850 3780 manu

201 3817 334 3901 propria
350 3814 468 3898 subter
489 3815 655 3882 firmantes
678 3838 720 3880 ex
743 3815 840 3881 aniilo
865 3825 979 3882 nostro
1005 3816 1230 3902 <veraciter>⁰
1252 3818 1399 3900 insigniri
1423 3818 1586 3882 iussimus.

303 3977 440 4063 Signum
462 3979 573 4044 domni
597 3978 728 4045 Ottonis
753 3981 817 4060 (M.)
843 3981 1041 4046 serenissimi
1064 3981 1280 4067 imperatoris.

303 4106 497 4175 Ambrosius
521 4108 736 4174 cancellarius
763 4108 912 4174 advicem
935 4109 1100 4176 Hubertit’
1129 4111 1276 4196 episcopi
1304 4119 1336 4174 et
1364 4110 1644 4178 archicancellarii
1671 4112 1848 4196 recognovi

202 4219 234 4276 et
257 4206 447 4296 subscripsi.

151 4390 184 4437 so
306 4373 396 4438 Data
419 4391 478 4437 vn.
502 4372 663 4440 kalendas
687 4371 868 4439 decembris
891 4398 977 4440 anno
1006 4375 1169 4440 dominice
1197 4377 1432 4442 incarnationis
1462 4393 1687 4460 Dccccuxvn,
1721 4379 1848 4462 imperii

202 4501 279 4543 vcro
304 4476 413 4543 domni
438 4476 569 4542 Ottonis
592 4478 730 4562 piissimi
754 4479 876 4542 cesaris
900 4496 945 4560 VI,
968 4477 1128 4543 inditione
1151 4496 1206 4561 ιη
1237 4487 1346 4544 actum
1369 4478 1402 4541 in
1425 4479 1552 4563 prefato
1575 4481 1792 4562 monasteri03
1816 4481 1848 4542 in

203 4582 254 4648 dei
277 4583 408 4648 nomine
429 4581 567 4648 feliciter
589 4604 694 4646 amen.

289 4794 347 4849 349.
374 4793 542 4865 [Laschitzer]
647 4796 720 4861 a)0,
747 4798 894 4865 Aquiliensi
913 4797 939 4848 B
1036 4799 1064 4862 b)
1082 4798 1171 4848 clerici
1189 4795 1241 4848 Bo
1345 4799 1369 4858 c)
1389 4797 1715 4863 possessiones-invasa
1733 4797 1767 4858 B,
1789 4815 1849 4864 pos·

375 4868 696 4918 sessionem—invasam
717 4865 741 4918 0
849 4868 876 4926 d)
895 4867 1024 4933 quidquid
1045 4866 1069 4918 0
1178 4869 1201 4928 e)
1222 4883 1279 4918 mos
1297 4893 1331 4903 -
1350 4867 1485 4917 deveniret
1502 4865 1564 4928 Bo,
1591 4872 1652 4915 atati
1675 4865 1765 4916 &sam
1785 4873 1850 4918 aaa

373 4952 430 4987 mos
455 4939 524 4986 euim
548 4943 600 4999 eat,
628 4939 674 5002 qui
696 4938 766 4987 sicut
786 4936 830 4986 hic
848 4939 887 4987 ita
905 4952 1009 4987 omnem
1028 4936 1168 4987 ecclesiam
1186 4939 1383 5003 possessionum
1401 4935 1634 5000 (possessionibus)
1652 4935 1850 4987 nudaverat-
1932 4999 1935 5004 ἱ

374 5020 420 5069 per
437 5005 543 5056 libellos
562 5011 746 5070 cartarumque
768 5007 953 5071 inscriptiones
973 5007 1024 5065 (res
1043 5005 1182 5070 ecclesiae)
1201 5005 1235 5056 ad
1254 5003 1396 5056 solvendos
1418 5032 1451 5040 -
1472 5004 1617 5066 traderent,
1648 5011 1677 5054 ut
1699 5011 1787 5055 autem
1805 5008 1850 5056 vix

375 5078 421 5122 aut
432 5088 564 5139 nunquam
585 5077 632 5138 (ita
644 5079 673 5125 ut
684 5077 728 5124 vix
741 5079 787 5124 aut
799 5073 943 5140 uunquam)
963 5089 1058 5124 census
1077 5077 1234 5124 constitutus
1253 5075 1287 5125 ad
1306 5073 1445 5125 ecclesiam
1463 5075 1490 5122 in
1509 5073 1694 5139 perfruendum
1714 5075 1850 5125 deveniret

375 5141 572 5208 OseripteBO
653 5145 680 5210 g)
698 5146 755 5194 aius
765 5141 817 5194 BC
899 5142 927 5204 h)
947 5149 976 5192 ut
993 5158 1041 5208 per
1057 5143 1126 5194 hanc
1145 5149 1260 5195 nostram
1271 5143 1306 5211 B,
1325 5159 1357 5194 aa
1369 5159 1416 5209 per
1427 5144 1498 5193 huno
1515 5141 1672 5194 nostrumo
1754 5143 1774 5208 i)
1792 5145 1850 5195 inii·

375 5211 469 5260 teosim
487 5211 514 5261 Β
606 5213 635 5275 k)
654 5229 702 5279 per
725 5213 772 5263 inf.
800 5213 852 5266 nisi
879 5211 1073 5262 laboratoribus
1100 5215 1145 5277 qui
1168 5229 1192 5278 p.
1218 5229 1252 5264 m.
1276 5219 1293 5262 ι.
1322 5212 1445 5262 laborant
1470 5212 1550 5262 alicui
1575 5213 1719 5262 inscribere
1744 5229 1777 5263 ue
1800 5211 1854 5264 Bo

377 5278 396 5338 l)
416 5293 446 5328 eo
465 5277 498 5342 B,
517 5279 567 5331 deo
588 5279 611 5332 0
693 5282 729 5345 m)
749 5297 853 5332 camare
871 5280 898 5330 B
990 5281 1018 5341 n)
1037 5281 1230 5346 imperpetuum
1249 5281 1275 5331 B
1371 5281 1398 5347 o)
1417 5280 1472 5344 ΒΟ,
1490 5280 1617 5332 aulaea
1635 5280 1786 5332 uastandos
1803 5297 1850 5332 aua

375 5348 402 5396 iu
421 5347 493 5398 calce
589 5351 616 5415 p)
634 5351 728 5401 Uberti
748 5349 780 5412 0,
808 5349 923 5400 Hilbcrti
943 5348 975 5399 B.
